4500 6232
329 301 368 361 74
658 294 706 349 nx
727 294 850 362 (neren.
868 295 893 355 a,
911 296 965 362 aa),
984 293 1046 347 uxr
1064 282 1192 361 (aaran
1205 298 1230 358 a,
1248 294 1303 363 aa),
1322 293 1398 348 exn
1415 292 1538 363 (namn.
1556 294 1582 360 a,
1599 294 1654 362 aa).

328 470 522 533 instruerem
547 469 670 533 otveri
694 469 849 553 fungerer
872 469 1021 533 relatoris
1045 467 1163 533 officio.
1202 474 1347 532 vestrum
1372 474 1423 533 est
1446 468 1624 555 inspirante
1648 469 1708 534 deo
1725 470 1812 535 circa
1826 471 1984 535 miserum

293 572 499 659 3providere
530 572 616 658 quod
647 572 791 637 adiuvet:
821 570 863 635 ad
890 593 942 637 me
974 573 1121 657 respexit
1149 593 1232 657 qnae
1261 571 1339 636 mihi
1368 572 1535 656 resignata
1557 578 1633 637 sunt
1660 572 1816 639 indicare.
1860 571 1984 637 domini

325 698 402 741 vero
427 677 506 754 mei,
535 675 740 739 salutationis
763 675 920 760 obsequia
943 682 1158 762 praesentans
1183 675 1223 741 do
1252 676 1428 742 clementia
1455 676 1567 742 divina
1592 678 1742 763 postulo,
1773 683 1810 742 ut
1835 676 1982 742 laborem

326 786 472 844 vestrum
495 779 648 843 iuvamen
673 778 817 843 caeleste
841 780 1024 844 comitetur.

983 1068 1067 1136 Lxl
1091 1071 1201 1155 (uersu.
1218 1072 1248 1149 2,
1265 1073 1329 1153 24).
1371 1144 1373 1147 ,

631 1265 799 1339 ΒΟΜΝΟ
827 1266 919 1340 SVO
947 1264 1137 1339 FAVSTO
1168 1264 1404 1337 ENNODIVS
1432 1264 1682 1338 DIACONVS.

299 1423 308 1480 ¹
434 1410 666 1526 Dispendium
695 1441 792 1504 credo
821 1462 895 1505 esse
924 1440 1115 1525 diligentiae
1145 1440 1251 1504 nullas
1281 1440 1534 1503 commeantium
1563 1461 1677 1505 manus
1699 1441 1882 1505 litterarum
1906 1441 1983 1507 dote

326 1544 497 1617 munerari,
522 1565 605 1628 quac
629 1544 737 1608 solent
760 1545 899 1609 lectione
922 1545 1021 1608 ctiam
1046 1544 1155 1608 vultus
1177 1543 1220 1608 ad
1244 1543 1421 1628 longinqua
1443 1549 1574 1628 portare
1597 1549 1630 1607 ct
1652 1564 1801 1609 carorum
1825 1545 1985 1631 imagines

326 1646 433 1710 officio
464 1653 676 1732 praesentare
707 1648 873 1713 sermonis.
918 1646 959 1711 ad
983 1648 1045 1711 ista
1069 1647 1214 1731 iungitur
1238 1648 1334 1711 ctiam
1358 1647 1445 1711 benc
1469 1645 1509 1711 de
1533 1647 1680 1731 utrisque
1702 1649 1858 1715 merentis
1880 1649 1984 1714 subli-

326 1750 462 1814 missimi
480 1750 646 1814 Luminosi
662 1751 831 1836 portitoris
847 1751 987 1825 occasio,
1011 1751 1065 1836 qui
1082 1749 1124 1815 ad
1139 1750 1332 1834 religionem
1349 1751 1537 1815 meritorum
1555 1757 1735 1817 vestrorum
1753 1772 1832 1816 snae
1854 1772 1983 1838 quoqne

295 1852 453 1936 'tgratiae
476 1852 600 1918 fruetus
624 1853 781 1940 adiungit.
820 1855 892 1940 quis
908 1854 1058 1939 geminus
1075 1854 1219 1939 patiatur
1234 1859 1271 1917 ut
1286 1853 1346 1917 sub
1363 1874 1566 1939 quacumque
1583 1854 1792 1939 neglegentia
1807 1855 1985 1920 hebetetur
2046 1882 2059 1913 u

326 1956 475 2037 affectus,
499 1958 526 2020 si
549 1978 569 2020 a
592 1957 718 2042 paginis
742 1964 934 2043 temperem,
960 1978 1041 2042 quas
1065 1956 1211 2042 dignatio
1235 1963 1347 2021 vestra
1369 1956 1483 2041 exigit,
1506 1963 1539 2021 et
1562 1957 1589 2021 si
1611 1956 1685 2021 illas
1708 1958 1895 2023 nominatus
1918 1980 1984 2024 non

325 2060 465 2144 accipiat
481 2059 714 2144 perferendas?
755 2059 817 2125 deo
832 2062 966 2145 gratias,
991 2059 1077 2146 quod
1095 2061 1128 2124 in
1145 2061 1252 2124 fronte
1271 2059 1434 2145 epistulae
1457 2059 1629 2124 locandum
1650 2061 1720 2140 fuit,
1744 2062 1821 2147 quia
1844 2061 1985 2127 felicitas

326 2168 435 2226 vestra
459 2163 575 2226 votivis
598 2163 734 2247 origitur
759 2172 856 2229 ancta
878 2164 1098 2245 successibus,
1131 2165 1218 2250 qnod
1249 2163 1374 2228 tumida
1401 2164 1607 2230 inimicorum
1630 2166 1741 2229 cervix
1765 2165 1898 2231 Christo
1921 2166 1984 2232 deo

295 2266 438 2331 3nostro
469 2272 604 2351 gravata
632 2267 829 2334 subcumbit.
876 2290 933 2356 spe
955 2291 1192 2361 praeceperam
1215 2268 1303 2355 quod
1325 2269 1464 2332 effectus
1488 2268 1641 2333 ostendit.
1686 2268 1771 2333 benc
1796 2271 1882 2334 enim
1907 2292 1984 2336 een·

325 2369 450 2434 tentiae
475 2370 625 2434 caelestis
657 2370 753 2436 finem
785 2373 987 2457 praenoscit,
1019 2374 1074 2457 qui
1101 2374 1192 2437 novit
1219 2373 1409 2457 qualitatem
1439 2373 1510 2436 eius
1538 2372 1577 2437 dc
1607 2379 1737 2437 actuum
1768 2373 1983 2439 humanorum
2048 2396 2058 2429 τ·

326 2475 503 2539 serenitate
520 2474 687 2557 colligere.
723 2475 797 2539 vale
815 2497 893 2560 ergo
910 2477 1056 2563 longum,
1080 2478 1123 2542 mi
1141 2477 1282 2556 dominc,
1306 2483 1340 2541 et
1355 2483 1519 2541 amantem
1535 2477 1636 2541 vestri
1654 2477 1720 2540 stili
1743 2498 1805 2542 usu
1827 2478 1984 2558 relevate,

326 2583 361 2641 ut
384 2575 539 2662 quidquid
564 2576 759 2642 subtrahunt
781 2579 956 2644 intervalla
978 2585 1150 2661 terrarum,
1174 2580 1348 2645 tabellaria
1371 2586 1552 2666 conpenset
1574 2579 1708 2646 oblatio.

971 2868 1078 2938 LXII
1100 2872 1210 2957 (nens.
1228 2875 1257 2949 2,
1274 2873 1341 2957 25).

637 3069 827 3143 FAVSTO
856 3066 1132 3157 QVAESTORI
1159 3066 1397 3142 ENNODIVS
1424 3065 1676 3142 DIACONVS.

444 3217 484 3307 P
486 3268 520 3310 ro
553 3246 689 3312 caelesti
724 3245 938 3332 dispositione
972 3243 1096 3310 reditus
1130 3245 1195 3310 mci
1229 3244 1349 3310 indicia
1382 3245 1453 3309 fieri
1488 3245 1576 3309 nullo
1610 3246 1714 3331 magis
1751 3268 1847 3332 quam
1882 3249 1988 3315 amico

328 3347 520 3414 &vennam
543 3356 742 3437 properante
766 3350 933 3430 convenit,
968 3350 1059 3413 ouius
1087 3347 1192 3412 fidelis
1215 3349 1331 3413 relatio
1357 3350 1456 3413 etiam
1478 3349 1600 3440 pagina
1623 3356 1775 3416 cessante
1799 3351 1987 3419 suffecerat.
2039 3370 2064 3403 ··

328 3450 387 3515 scd
409 3471 472 3516 usu
488 3453 651 3518 abstinere
668 3475 732 3518 non
748 3454 848 3541 potui,
873 3474 936 3539 quo
954 3454 981 3517 si
1000 3453 1060 3517 sub
1079 3473 1283 3538 quocumque
1300 3453 1454 3538 neglectu
1470 3459 1662 3538 temperem,
1686 3453 1799 3519 videor
1814 3454 1988 3522 damnasse

328 3554 395 3619 stili
425 3555 641 3641 frequentiam
675 3578 772 3642 quarn
802 3556 919 3620 amavi.
965 3555 1110 3641 iungitur
1139 3554 1226 3640 quod
1254 3553 1423 3641 praedicto
1458 3555 1573 3620 obvias
1603 3557 1636 3619 in
1666 3558 1840 3641 negatione
1870 3578 1989 3623 manus

329 3659 489 3724 exhibere
513 3683 578 3726 non
601 3662 704 3747 potui,
728 3662 784 3746 qui
806 3661 868 3724 scit
890 3659 930 3723 ab
955 3660 1140 3724 amantibus
1165 3659 1216 3723 sui
1240 3680 1376 3724 securus
1400 3659 1544 3743 exigere,
1568 3658 1655 3745 quod
1677 3661 1724 3724 eis
1747 3682 1806 3747 pro
1829 3662 1989 3746 religione

298 3764 550 3829 tconscientiae
583 3766 674 3829 novit
708 3765 849 3829 fideliter
882 3762 1053 3829 exhibere.
1103 3761 1294 3827 Ravennam
1329 3782 1406 3846 ergo
1436 3760 1619 3847 digressus,
1656 3784 1741 3849 quae
1769 3764 1927 3850 quidquid
1954 3767 1988 3830 in

329 3867 495 3952 praesenti
519 3868 585 3932 vita
614 3867 720 3932 habeo
744 3867 839 3933 dulce
863 3866 1089 3953 conplectitur,
1120 3865 1343 3931 Mediolanum
1369 3867 1461 3929 salsa
1483 3866 1628 3952 corporis
1651 3866 1830 3933 valitudine
1855 3867 1987 3934 Christo
2038 3882 2056 3920 ²·

330 3976 549 4056 prosequente
576 3972 724 4055 perveni,
755 3972 840 4036 male
870 3971 981 4036 ferens
1010 3991 1108 4055 quam
1137 3970 1171 4034 in
1195 3970 1361 4035 redeundo
1384 3969 1492 4034 hieme
1515 3970 1694 4056 inpellente
1718 3972 1828 4057 optavi
1851 3972 1990 4037 forsitan

333 4077 447 4136 contra
464 4071 630 4137 desideria
654 4075 867 4139 celeritatem.
905 4073 962 4138 sed
986 4073 1027 4138 ad
1051 4073 1149 4138 deum
1174 4081 1291 4138 cuncta
1314 4072 1488 4139 referenda
1510 4079 1595 4154 sunt,
1618 4073 1671 4138 cui
1694 4074 1823 4140 adiacet
1845 4075 1990 4142 humana

300 4174 420 4240 diaeta
450 4196 634 4261 conponere
663 4184 697 4242 et
723 4177 929 4262 diligentiam
963 4177 1165 4263 corporalem
1196 4178 1323 4242 aeterni
1350 4177 1471 4241 amoris
1503 4196 1620 4263 saporo
1649 4184 1787 4243 mutare.
1831 4198 1919 4244 nnnc
1946 4178 1990 4245 ad

332 4278 516 4363 scriptionis
540 4299 684 4360 causam,
707 4279 796 4345 dicta
818 4280 932 4345 humili
956 4280 1164 4358 salutatione,
1188 4287 1223 4346 et
1246 4278 1550 4345 conmendatiouem
1573 4300 1626 4345 me
1649 4280 1780 4346 confero
1802 4281 1989 4368 perlatoris,

331 4381 436 4467 quisi
463 4402 521 4466 pro
549 4383 667 4448 mentis
695 4389 825 4449 vestrae
859 4384 1037 4450 serenitate
1069 4384 1253 4468 gratuletur
1279 4384 1464 4463 beneficiis,
1497 4382 1647 4468 agnoscit
1674 4404 1709 4448 se
1737 4390 1795 4449 aut
1821 4386 1989 4472 recepisse

330 4484 419 4571 quod
442 4487 559 4550 uestris
582 4489 747 4572 praestitit
770 4495 828 4553 aut
850 4489 993 4575 qualiter
1015 4508 1124 4552 amare
1148 4488 1270 4553 debeat
1292 4487 1430 4553 incitari.
1467 4507 1575 4571 quem,
1599 4486 1627 4550 si
1643 4486 1696 4550 vel
1716 4488 1808 4569 nolit,
1830 4489 1989 4555 festinum

330 4588 437 4655 redire
472 4590 661 4674 conpellite,
703 4593 780 4677 quia
813 4598 848 4657 et
879 4591 1011 4658 affectui
1046 4613 1119 4656 meo
1151 4592 1338 4678 praesentia
1372 4591 1443 4656 eius
1478 4596 1531 4655 est
1563 4590 1750 4655 necessaria
1781 4599 1815 4657 et
1848 4593 1875 4657 si
1907 4592 1990 4659 deus

333 4692 585 4780 promissionem
610 4695 772 4775 statuerit,
795 4695 963 4780 cumipse
986 4694 1131 4775 iusserit,
1154 4694 1286 4759 utilitati
1308 4699 1503 4779 expectatur
1524 4692 1747 4759 adcommoda

434 4968 447 5020 1
468 4970 672 5022 ἰιιειτιιοηιιιιοι
684 4970 710 5021 Β
813 4968 830 5020 2
848 4971 948 5022 adiuuit
960 4969 985 5020 Β
1089 4968 1106 5021 3
1124 4971 1222 5037 postolo
1237 4968 1280 5019 Va

434 5072 517 5142 [LXI]
553 5073 652 5126 bdiric.
665 5074 691 5125 Β
698 5074 743 5125 VL
846 5074 1077 5127 licommeantinm
1095 5073 1121 5140 (c
1136 5091 1191 5140 sup.
1209 5091 1224 5126 e
1240 5091 1288 5125 scr.
1301 5091 1334 5125 aa.
1349 5071 1375 5139 2)
1388 5073 1414 5124 Β
1523 5071 1721 5125 ὅιιιοωιιιοιιΒ
1830 5071 1865 5126 10
1882 5072 1991 5140 tructus]

330 5165 425 5215 flnctus
438 5161 484 5213 Β(1
556 5163 672 5229 geminos
685 5160 758 5211 BV⁰
832 5162 990 5228 negligentia
1004 5158 1043 5211 131
1117 5161 1220 5212 habitur
1236 5178 1292 5226 sap.
1311 5161 1356 5211 lis.
1375 5168 1400 5212 te
1413 5160 1438 5210 Β
1559 5158 1591 5210 11
1610 5160 1756 5227 temperiem
1773 5158 1838 5211 m
1909 5161 1992 5229 exigit

331 5248 440 5312 Hartel,
461 5249 548 5315 exegit
565 5247 627 5298 libri
721 5249 863 5298 nominatas
879 5246 920 5296 V⁰
1061 5245 1093 5297 14
1111 5254 1197 5299 nostro
1215 5246 1323 5310 Hortel,
1345 5264 1397 5297 uon
1409 5245 1520 5310 Bl'LT,
1543 5262 1613 5297 nunc
1627 5246 1686 5298 clu
1781 5247 1953 5315 praeciperem
1966 5245 1992 5297 B

330 5335 437 5387 enarra
451 5331 663 5400 (petractata.)
676 5333 702 5385 Β
808 5330 840 5383 16
857 5334 915 5385 stell
927 5332 969 5383 131
1076 5331 1108 5384 17
1127 5334 1247 5400 quidquit
1261 5333 1294 5397 B,
1317 5334 1440 5400 quicquid
1454 5332 1479 5382 V
1535 5333 1691 5386 subtrahunt
1709 5332 1738 5397 (h
1755 5350 1812 5400 sup.
1825 5334 1872 5387 lire.
1883 5351 1917 5385 ss
1929 5330 1954 5399 l)
1966 5332 1992 5384 Β

435 5433 529 5501 [LXII]
570 5433 604 5486 18
622 5432 685 5487 dia'c.
705 5434 781 5485 BVL
915 5432 948 5486 19
965 5435 1109 5502 dispotione
1121 5434 1146 5486 Β
1232 5433 1358 5501 ιιιΙιιιίοο
1370 5436 1395 5487 Β
1527 5433 1562 5487 20
1579 5443 1695 5488 cessante
1710 5434 1737 5485 Β
1821 5438 1955 5490 mfflcent
1967 5438 1992 5489 Β

330 5518 365 5570 22
386 5519 531 5587 negafione]
553 5523 686 5588 rogatione
704 5523 745 5575 set
766 5522 869 5588 negotio
891 5521 981 5572 malim
1117 5520 1153 5574 24
1173 5522 1296 5589 quioquid
1313 5521 1337 5573 V
1470 5520 1505 5572 26
1521 5522 1612 5588 optuui
1627 5518 1669 5572 B¹
1807 5518 1843 5574 21
1858 5522 1992 5577 sdiscitB

331 5602 365 5655 29
383 5605 528 5657 scribtiouis
540 5606 566 5657 Β
582 5662 586 5671 ,
634 5609 871 5661 commendationem
883 5606 917 5672 B,
938 5607 1157 5661 commendatione
1173 5609 1250 5660 ceteri
1355 5605 1389 5659 81
1407 5607 1483 5659 uellit
1493 5606 1519 5659 Β
1621 5604 1657 5661 33
1672 5608 1837 5665 ncommods
1850 5606 1877 5661 V
