<?xml version="1.0" encoding="UTF-8"?>
<!DOCTYPE html PUBLIC "-//W3C//DTD XHTML 1.0 Transitional//EN"
    "http://www.w3.org/TR/xhtml1/DTD/xhtml1-transitional.dtd">
<html xmlns="http://www.w3.org/1999/xhtml" xml:lang="en" lang="en">
 <head>
  <title>
</title>
<meta http-equiv="Content-Type" content="text/html;charset=utf-8" />
  <meta name='ocr-system' content='tesseract 3.04.00' />
  <meta name='ocr-capabilities' content='ocr_page ocr_carea ocr_par ocr_line ocrx_word'/>
</head>
<body>
  <div class='ocr_page' id='page_1' title='image "./magnifelicisenn00vogegoog_0127.png"; bbox 0 0 4500 6232; ppageno 0'>
   <div class='ocr_carea' id='block_1_1' title="bbox 289 294 1233 376">
    <p class='ocr_par' dir='ltr' id='par_1_1' title="bbox 289 294 1233 376">
     <span class='ocr_line' id='line_1_1' title="bbox 289 294 1233 376; baseline 0.004 -31"><span class='ocrx_word' id='word_1_1' title='bbox 289 304 330 376; x_wconf 72' lang='lat'>‚5⁴</span> <span class='ocrx_word' id='word_1_2' title='bbox 991 294 1026 349; x_wconf 82' lang='lat' dir='ltr'>ra</span> <span class='ocrx_word' id='word_1_3' title='bbox 1045 295 1179 362; x_wconf 77' lang='lat' dir='ltr'>(causo.</span> <span class='ocrx_word' id='word_1_4' title='bbox 1197 297 1233 362; x_wconf 78' lang='lat' dir='ltr'>a).</span> 
     </span>
    </p>
   </div>
   <div class='ocr_carea' id='block_1_2' title="bbox 158 466 1942 674">
    <p class='ocr_par' dir='ltr' id='par_1_2' title="bbox 158 466 1942 674">
     <span class='ocr_line' id='line_1_2' title="bbox 287 466 1941 557; baseline -0.001 -20"><span class='ocrx_word' id='word_1_5' title='bbox 287 471 454 557; x_wconf 90' lang='lat' dir='ltr'>pertinere</span> <span class='ocrx_word' id='word_1_6' title='bbox 478 471 561 547; x_wconf 87' lang='lat' dir='ltr'>eius,</span> <span class='ocrx_word' id='word_1_7' title='bbox 585 469 641 554; x_wconf 93' lang='lat' dir='ltr'>qui</span> <span class='ocrx_word' id='word_1_8' title='bbox 663 487 750 532; x_wconf 92' lang='lat' dir='ltr'>nuuc</span> <span class='ocrx_word' id='word_1_9' title='bbox 773 467 805 531; x_wconf 91' lang='lat' dir='ltr'>in</span> <span class='ocrx_word' id='word_1_10' title='bbox 830 466 909 532; x_wconf 90' lang='lat' dir='ltr'>sede</span> <span class='ocrx_word' id='word_1_11' title='bbox 932 468 1114 554; x_wconf 88' lang='lat' dir='ltr'>apostolica</span> <span class='ocrx_word' id='word_1_12' title='bbox 1136 469 1230 552; x_wconf 91' lang='lat' dir='ltr'>quasi</span> <span class='ocrx_word' id='word_1_13' title='bbox 1252 469 1286 532; x_wconf 92' lang='lat' dir='ltr'>in</span> <span class='ocrx_word' id='word_1_14' title='bbox 1302 467 1442 552; x_wconf 89' lang='lat' dir='ltr'>quadam</span> <span class='ocrx_word' id='word_1_15' title='bbox 1458 490 1534 533; x_wconf 86' lang='lat' dir='ltr'>arce</span> <span class='ocrx_word' id='word_1_16' title='bbox 1549 469 1711 535; x_wconf 81' lang='lat' dir='ltr'>consistit</span> <span class='ocrx_word' id='word_1_17' title='bbox 1745 492 1825 537; x_wconf 83' lang='lat' dir='ltr'>vere</span> <span class='ocrx_word' id='word_1_18' title='bbox 1847 473 1941 539; x_wconf 89' lang='lat' dir='ltr'>vobis</span> 
     </span>
     <span class='ocr_line' id='line_1_3' title="bbox 158 569 1942 674; baseline -0.003 -32"><span class='ocrx_word' id='word_1_19' title='bbox 158 570 262 674; x_wconf 54' lang='grc' dir='ltr'>ξζξίθῗῇζ</span> <span class='ocrx_word' id='word_1_20' title='bbox 289 573 369 639; x_wconf 89' lang='lat' dir='ltr'>dicit</span> <span class='ocrx_word' id='word_1_21' title='bbox 391 573 577 661; x_wconf 78' lang='lat' dir='ltr'>Sapientia:</span> <span class='ocrx_word' id='word_1_22' title='bbox 610 571 718 658; x_wconf 84' lang='lat' dir='ltr'>‘homo</span> <span class='ocrx_word' id='word_1_23' title='bbox 741 569 887 634; x_wconf 92' lang='lat' dir='ltr'>infirmus</span> <span class='ocrx_word' id='word_1_24' title='bbox 911 576 945 634; x_wconf 89' lang='lat' dir='ltr'>et</span> <span class='ocrx_word' id='word_1_25' title='bbox 967 571 1079 655; x_wconf 84' lang='lat' dir='ltr'>exigui</span> <span class='ocrx_word' id='word_1_26' title='bbox 1102 572 1259 658; x_wconf 92' lang='lat' dir='ltr'>temporis</span> <span class='ocrx_word' id='word_1_27' title='bbox 1287 569 1329 635; x_wconf 88' lang='lat' dir='ltr'>ad</span> <span class='ocrx_word' id='word_1_28' title='bbox 1351 571 1555 637; x_wconf 90' lang='lat' dir='ltr'>intellectum</span> <span class='ocrx_word' id='word_1_29' title='bbox 1578 593 1643 637; x_wconf 89' lang='lat' dir='ltr'>non</span> <span class='ocrx_word' id='word_1_30' title='bbox 1665 573 1852 659; x_wconf 75' lang='lat' dir='ltr'>perveniet,</span> <span class='ocrx_word' id='word_1_31' title='bbox 1883 571 1942 638; x_wconf 88' lang='lat' dir='ltr'>sed</span> 
     </span>
    </p>
   </div>
   <div class='ocr_carea' id='block_1_3' title="bbox 133 672 2029 2007">
    <p class='ocr_par' dir='ltr' id='par_1_3' title="bbox 133 672 2029 2007">
     <span class='ocr_line' id='line_1_4' title="bbox 133 672 1939 780; baseline 0 -38"><span class='ocrx_word' id='word_1_32' title='bbox 133 675 427 780; x_wconf 52' lang='lat' dir='ltr'>Pupppptrlaboret,</span> <span class='ocrx_word' id='word_1_33' title='bbox 450 683 487 742; x_wconf 91' lang='lat' dir='ltr'>ut</span> <span class='ocrx_word' id='word_1_34' title='bbox 509 676 592 740; x_wconf 88' lang='lat' dir='ltr'>sciat</span> <span class='ocrx_word' id='word_1_35' title='bbox 614 674 692 762; x_wconf 92' lang='lat' dir='ltr'>quid</span> <span class='ocrx_word' id='word_1_36' title='bbox 714 679 885 759; x_wconf 90' lang='lat' dir='ltr'>acceptum</span> <span class='ocrx_word' id='word_1_37' title='bbox 909 674 951 738; x_wconf 93' lang='lat' dir='ltr'>sit</span> <span class='ocrx_word' id='word_1_38' title='bbox 973 673 1059 761; x_wconf 89' lang='lat' dir='ltr'>apud</span> <span class='ocrx_word' id='word_1_39' title='bbox 1082 672 1259 740; x_wconf 85' lang='lat' dir='ltr'>dominum&#39;</span> <span class='ocrx_word' id='word_1_40' title='bbox 1284 674 1458 740; x_wconf 90' lang='lat' dir='ltr'>etiterum</span> <span class='ocrx_word' id='word_1_41' title='bbox 1481 676 1594 741; x_wconf 89' lang='lat' dir='ltr'>dicunt</span> <span class='ocrx_word' id='word_1_42' title='bbox 1615 676 1812 743; x_wconf 89' lang='lat' dir='ltr'>Proverbia:</span> <span class='ocrx_word' id='word_1_43' title='bbox 1845 675 1939 764; x_wconf 69' lang='lat' dir='ltr'>‘lquil</span> 
     </span>
     <span class='ocr_line' id='line_1_5' title="bbox 234 775 1941 868; baseline -0.002 -21"><span class='ocrx_word' id='word_1_44' title='bbox 234 785 275 847; x_wconf 77' lang='lat'>37</span> <span class='ocrx_word' id='word_1_45' title='bbox 287 781 355 847; x_wconf 92' lang='lat' dir='ltr'>odit</span> <span class='ocrx_word' id='word_1_46' title='bbox 378 803 414 846; x_wconf 93' lang='lat' dir='ltr'>se</span> <span class='ocrx_word' id='word_1_47' title='bbox 436 781 492 867; x_wconf 92' lang='lat' dir='ltr'>qui</span> <span class='ocrx_word' id='word_1_48' title='bbox 515 780 662 866; x_wconf 81' lang='lat' dir='ltr'>neglegit</span> <span class='ocrx_word' id='word_1_49' title='bbox 685 775 813 856; x_wconf 84' lang='lat' dir='ltr'>studra’,</span> <span class='ocrx_word' id='word_1_50' title='bbox 841 780 999 862; x_wconf 88' lang='lat' dir='ltr'>‘mperrtrs</span> <span class='ocrx_word' id='word_1_51' title='bbox 1023 798 1110 843; x_wconf 90' lang='lat' dir='ltr'>emm</span> <span class='ocrx_word' id='word_1_52' title='bbox 1135 779 1246 844; x_wconf 89' lang='lat' dir='ltr'>obviat</span> <span class='ocrx_word' id='word_1_53' title='bbox 1268 776 1378 844; x_wconf 79' lang='lat' dir='ltr'>mors&#39;.</span> <span class='ocrx_word' id='word_1_54' title='bbox 1414 778 1490 863; x_wconf 92' lang='lat' dir='ltr'>qnid</span> <span class='ocrx_word' id='word_1_55' title='bbox 1513 779 1603 843; x_wconf 89' lang='lat' dir='ltr'>illam</span> <span class='ocrx_word' id='word_1_56' title='bbox 1627 799 1711 864; x_wconf 87' lang='lat' dir='ltr'>qnae</span> <span class='ocrx_word' id='word_1_57' title='bbox 1735 802 1779 846; x_wconf 85' lang='lat' dir='ltr'>ex</span> <span class='ocrx_word' id='word_1_58' title='bbox 1794 781 1941 868; x_wconf 81' lang='lat' dir='ltr'>viperina</span> 
     </span>
     <span class='ocr_line' id='line_1_6' title="bbox 281 880 1942 971; baseline -0.001 -20"><span class='ocrx_word' id='word_1_59' title='bbox 281 886 426 952; x_wconf 84' lang='lat' dir='ltr'>scientia</span> <span class='ocrx_word' id='word_1_60' title='bbox 442 883 614 950; x_wconf 89' lang='lat' dir='ltr'>descendit</span> <span class='ocrx_word' id='word_1_61' title='bbox 629 881 846 968; x_wconf 75' lang='lat' dir='ltr'>ignorantiam</span> <span class='ocrx_word' id='word_1_62' title='bbox 862 880 1004 966; x_wconf 82' lang='lat' dir='ltr'>fingitis?</span> <span class='ocrx_word' id='word_1_63' title='bbox 1042 880 1119 966; x_wconf 93' lang='lat' dir='ltr'>quid</span> <span class='ocrx_word' id='word_1_64' title='bbox 1135 881 1299 948; x_wconf 89' lang='lat' dir='ltr'>adhibetis</span> <span class='ocrx_word' id='word_1_65' title='bbox 1325 882 1406 946; x_wconf 91' lang='lat' dir='ltr'>mira</span> <span class='ocrx_word' id='word_1_66' title='bbox 1428 881 1644 947; x_wconf 89' lang='lat' dir='ltr'>latrocinandi</span> <span class='ocrx_word' id='word_1_67' title='bbox 1666 889 1737 948; x_wconf 88' lang='lat' dir='ltr'>arte</span> <span class='ocrx_word' id='word_1_68' title='bbox 1759 884 1942 971; x_wconf 87' lang='lat' dir='ltr'>praestigia</span> 
     </span>
     <span class='ocr_line' id='line_1_7' title="bbox 146 982 1942 1077; baseline 0.004 -32"><span class='ocrx_word' id='word_1_69' title='bbox 146 1003 192 1048; x_wconf 82' lang='lat'>1011.</span> <span class='ocrx_word' id='word_1_70' title='bbox 206 1008 226 1056; x_wconf 85' lang='lat' dir='ltr'>s,</span> <span class='ocrx_word' id='word_1_71' title='bbox 240 1007 274 1048; x_wconf 80' lang='lat' dir='ltr'>u.</span> <span class='ocrx_word' id='word_1_72' title='bbox 287 990 531 1077; x_wconf 89' lang='lat' dir='ltr'>simplicitatem</span> <span class='ocrx_word' id='word_1_73' title='bbox 555 988 661 1053; x_wconf 83' lang='lat' dir='ltr'>fronte</span> <span class='ocrx_word' id='word_1_74' title='bbox 686 983 916 1049; x_wconf 83' lang='lat' dir='ltr'>monstrando?</span> <span class='ocrx_word' id='word_1_75' title='bbox 960 982 1000 1049; x_wconf 93' lang='lat' dir='ltr'>de</span> <span class='ocrx_word' id='word_1_76' title='bbox 1018 984 1109 1050; x_wconf 91' lang='lat' dir='ltr'>vobis</span> <span class='ocrx_word' id='word_1_77' title='bbox 1125 1006 1202 1050; x_wconf 89' lang='lat' dir='ltr'>vere</span> <span class='ocrx_word' id='word_1_78' title='bbox 1225 985 1349 1050; x_wconf 88' lang='lat' dir='ltr'>dictum</span> <span class='ocrx_word' id='word_1_79' title='bbox 1371 991 1437 1050; x_wconf 92' lang='lat' dir='ltr'>est:</span> <span class='ocrx_word' id='word_1_80' title='bbox 1472 986 1538 1070; x_wconf 83' lang='lat' dir='ltr'>‘qui</span> <span class='ocrx_word' id='word_1_81' title='bbox 1559 986 1703 1071; x_wconf 91' lang='lat' dir='ltr'>loquitur</span> <span class='ocrx_word' id='word_1_82' title='bbox 1724 987 1942 1070; x_wconf 91' lang='lat' dir='ltr'>mendacium,</span> 
     </span>
     <span class='ocr_line' id='line_1_8' title="bbox 284 1086 1943 1179; baseline -0.002 -20"><span class='ocrx_word' id='word_1_83' title='bbox 284 1115 329 1160; x_wconf 87' lang='lat' dir='ltr'>ex</span> <span class='ocrx_word' id='word_1_84' title='bbox 351 1092 491 1179; x_wconf 88' lang='lat' dir='ltr'>propriis</span> <span class='ocrx_word' id='word_1_85' title='bbox 520 1087 684 1176; x_wconf 88' lang='lat' dir='ltr'>loquitur’.</span> <span class='ocrx_word' id='word_1_86' title='bbox 729 1088 825 1153; x_wconf 91' lang='lat' dir='ltr'>istam</span> <span class='ocrx_word' id='word_1_87' title='bbox 854 1086 999 1153; x_wconf 85' lang='lat' dir='ltr'>laetitiae</span> <span class='ocrx_word' id='word_1_88' title='bbox 1029 1087 1146 1153; x_wconf 78' lang='lat' dir='ltr'>taciem</span> <span class='ocrx_word' id='word_1_89' title='bbox 1177 1111 1220 1154; x_wconf 84' lang='lat' dir='ltr'>ex</span> <span class='ocrx_word' id='word_1_90' title='bbox 1250 1088 1442 1154; x_wconf 94' lang='lat' dir='ltr'>iudiciorum</span> <span class='ocrx_word' id='word_1_91' title='bbox 1473 1110 1610 1154; x_wconf 91' lang='lat' dir='ltr'>censura</span> <span class='ocrx_word' id='word_1_92' title='bbox 1638 1091 1826 1157; x_wconf 89' lang='lat' dir='ltr'>venientem</span> <span class='ocrx_word' id='word_1_93' title='bbox 1848 1090 1943 1156; x_wconf 78' lang='lat' dir='ltr'>vaira</span> 
     </span>
     <span class='ocr_line' id='line_1_9' title="bbox 284 1190 1943 1282; baseline -0.001 -22"><span class='ocrx_word' id='word_1_94' title='bbox 284 1195 471 1282; x_wconf 80' lang='lat' dir='ltr'>provisione</span> <span class='ocrx_word' id='word_1_95' title='bbox 501 1193 682 1259; x_wconf 89' lang='lat' dir='ltr'>sacerdotis</span> <span class='ocrx_word' id='word_1_96' title='bbox 706 1192 807 1257; x_wconf 91' lang='lat' dir='ltr'>vestri</span> <span class='ocrx_word' id='word_1_97' title='bbox 837 1190 940 1255; x_wconf 90' lang='lat' dir='ltr'>oculis</span> <span class='ocrx_word' id='word_1_98' title='bbox 969 1191 1165 1272; x_wconf 86' lang='lat' dir='ltr'>abstulistis,</span> <span class='ocrx_word' id='word_1_99' title='bbox 1195 1200 1232 1257; x_wconf 92' lang='lat' dir='ltr'>ut</span> <span class='ocrx_word' id='word_1_100' title='bbox 1261 1214 1336 1258; x_wconf 91' lang='lat' dir='ltr'>eum</span> <span class='ocrx_word' id='word_1_101' title='bbox 1364 1191 1485 1257; x_wconf 89' lang='lat' dir='ltr'>talibus</span> <span class='ocrx_word' id='word_1_102' title='bbox 1515 1192 1673 1259; x_wconf 90' lang='lat' dir='ltr'>adversus</span> <span class='ocrx_word' id='word_1_103' title='bbox 1702 1195 1792 1260; x_wconf 89' lang='lat' dir='ltr'>acics</span> <span class='ocrx_word' id='word_1_104' title='bbox 1814 1200 1943 1261; x_wconf 86' lang='lat' dir='ltr'>vestras</span> 
     </span>
     <span class='ocr_line' id='line_1_10' title="bbox 233 1295 1942 1385; baseline -0.002 -22"><span class='ocrx_word' id='word_1_105' title='bbox 233 1369 236 1375; x_wconf 60' lang='grc'><em>,</em></span> <span class='ocrx_word' id='word_1_106' title='bbox 285 1298 479 1365; x_wconf 90' lang='lat' dir='ltr'>instructum</span> <span class='ocrx_word' id='word_1_107' title='bbox 502 1296 737 1363; x_wconf 79' lang='lat' dir='ltr'>munitionibus</span> <span class='ocrx_word' id='word_1_108' title='bbox 760 1301 794 1361; x_wconf 93' lang='lat' dir='ltr'>et</span> <span class='ocrx_word' id='word_1_109' title='bbox 815 1295 1023 1360; x_wconf 77' lang='lat' dir='ltr'>innocentiae</span> <span class='ocrx_word' id='word_1_110' title='bbox 1049 1295 1106 1380; x_wconf 85' lang='lat' dir='ltr'>(in)</span> <span class='ocrx_word' id='word_1_111' title='bbox 1132 1296 1319 1361; x_wconf 90' lang='lat' dir='ltr'>testimonio</span> <span class='ocrx_word' id='word_1_112' title='bbox 1351 1295 1440 1360; x_wconf 92' lang='lat' dir='ltr'>orbis</span> <span class='ocrx_word' id='word_1_113' title='bbox 1469 1297 1537 1361; x_wconf 88' lang='lat' dir='ltr'>tela</span> <span class='ocrx_word' id='word_1_114' title='bbox 1564 1296 1769 1363; x_wconf 81' lang='lat' dir='ltr'>deferentem</span> <span class='ocrx_word' id='word_1_115' title='bbox 1796 1298 1839 1362; x_wconf 90' lang='lat' dir='ltr'>ab</span> <span class='ocrx_word' id='word_1_116' title='bbox 1861 1296 1942 1385; x_wconf 85' lang='lat' dir='ltr'>ipsis</span> 
     </span>
     <span class='ocr_line' id='line_1_11' title="bbox 287 1397 2021 1486; baseline 0.001 -21"><span class='ocrx_word' id='word_1_117' title='bbox 287 1401 479 1468; x_wconf 90' lang='lat' dir='ltr'>iudiciorum</span> <span class='ocrx_word' id='word_1_118' title='bbox 507 1400 613 1486; x_wconf 85' lang='lat' dir='ltr'>adytis</span> <span class='ocrx_word' id='word_1_119' title='bbox 642 1399 826 1486; x_wconf 79' lang='lat' dir='ltr'>pelleretis,</span> <span class='ocrx_word' id='word_1_120' title='bbox 860 1397 1071 1483; x_wconf 85' lang='lat' dir='ltr'>providentes</span> <span class='ocrx_word' id='word_1_121' title='bbox 1101 1406 1138 1463; x_wconf 93' lang='lat' dir='ltr'>ut</span> <span class='ocrx_word' id='word_1_122' title='bbox 1160 1419 1221 1464; x_wconf 92' lang='lat' dir='ltr'>nec</span> <span class='ocrx_word' id='word_1_123' title='bbox 1244 1399 1314 1464; x_wconf 91' lang='lat' dir='ltr'>sine</span> <span class='ocrx_word' id='word_1_124' title='bbox 1339 1398 1572 1486; x_wconf 82' lang='lat' dir='ltr'>inpugnatione</span> <span class='ocrx_word' id='word_1_125' title='bbox 1595 1401 1708 1466; x_wconf 92' lang='lat' dir='ltr'>insons</span> <span class='ocrx_word' id='word_1_126' title='bbox 1730 1401 1857 1467; x_wconf 89' lang='lat' dir='ltr'>viveret</span> <span class='ocrx_word' id='word_1_127' title='bbox 1879 1402 1941 1466; x_wconf 74' lang='lat' dir='ltr'>nec</span> <span class='ocrx_word' id='word_1_128' title='bbox 1994 1431 2021 1469; x_wconf 85' lang='lat' dir='ltr'>ro</span> 
     </span>
     <span class='ocr_line' id='line_1_12' title="bbox 235 1500 1940 1590; baseline 0 -21"><span class='ocrx_word' id='word_1_129' title='bbox 235 1507 275 1571; x_wconf 86' lang='grc'>38</span> <span class='ocrx_word' id='word_1_130' title='bbox 287 1504 424 1571; x_wconf 90' lang='lat' dir='ltr'>haberet</span> <span class='ocrx_word' id='word_1_131' title='bbox 447 1506 606 1570; x_wconf 89' lang='lat' dir='ltr'>solacium</span> <span class='ocrx_word' id='word_1_132' title='bbox 629 1503 670 1568; x_wconf 92' lang='lat' dir='ltr'>de</span> <span class='ocrx_word' id='word_1_133' title='bbox 695 1504 883 1587; x_wconf 89' lang='lat' dir='ltr'>incorrupta</span> <span class='ocrx_word' id='word_1_134' title='bbox 905 1500 1048 1566; x_wconf 91' lang='lat' dir='ltr'>iudicum</span> <span class='ocrx_word' id='word_1_135' title='bbox 1071 1502 1281 1587; x_wconf 89' lang='lat' dir='ltr'>inquisitione</span> <span class='ocrx_word' id='word_1_136' title='bbox 1305 1502 1466 1587; x_wconf 89' lang='lat' dir='ltr'>pulsatus.</span> <span class='ocrx_word' id='word_1_137' title='bbox 1505 1524 1563 1568; x_wconf 88' lang='lat' dir='ltr'>vos</span> <span class='ocrx_word' id='word_1_138' title='bbox 1580 1504 1729 1590; x_wconf 83' lang='lat' dir='ltr'>praelato</span> <span class='ocrx_word' id='word_1_139' title='bbox 1744 1510 1780 1570; x_wconf 92' lang='lat' dir='ltr'>et</span> <span class='ocrx_word' id='word_1_140' title='bbox 1801 1503 1940 1569; x_wconf 82' lang='lat' dir='ltr'>dedistis</span> 
     </span>
     <span class='ocr_line' id='line_1_13' title="bbox 288 1604 1940 1692; baseline -0.001 -17"><span class='ocrx_word' id='word_1_141' title='bbox 288 1615 322 1676; x_wconf 91' lang='lat' dir='ltr'>et</span> <span class='ocrx_word' id='word_1_142' title='bbox 343 1609 506 1674; x_wconf 89' lang='lat' dir='ltr'>invidistis</span> <span class='ocrx_word' id='word_1_143' title='bbox 529 1629 687 1687; x_wconf 83' lang='lat' dir='ltr'>examen,</span> <span class='ocrx_word' id='word_1_144' title='bbox 719 1626 791 1671; x_wconf 93' lang='lat' dir='ltr'>cum</span> <span class='ocrx_word' id='word_1_145' title='bbox 814 1625 879 1670; x_wconf 91' lang='lat' dir='ltr'>unc</span> <span class='ocrx_word' id='word_1_146' title='bbox 907 1605 1089 1691; x_wconf 89' lang='lat' dir='ltr'>eodemque</span> <span class='ocrx_word' id='word_1_147' title='bbox 1112 1605 1229 1671; x_wconf 87' lang='lat' dir='ltr'>itinere</span> <span class='ocrx_word' id='word_1_148' title='bbox 1252 1625 1272 1669; x_wconf 91' lang='lat' dir='ltr'>a</span> <span class='ocrx_word' id='word_1_149' title='bbox 1294 1604 1386 1670; x_wconf 91' lang='lat' dir='ltr'>vobis</span> <span class='ocrx_word' id='word_1_150' title='bbox 1409 1605 1684 1692; x_wconf 79' lang='lat' dir='ltr'>disceptationum</span> <span class='ocrx_word' id='word_1_151' title='bbox 1707 1606 1808 1673; x_wconf 89' lang='lat' dir='ltr'>dubia</span> <span class='ocrx_word' id='word_1_152' title='bbox 1829 1608 1940 1673; x_wconf 90' lang='lat' dir='ltr'>subire</span> 
     </span>
     <span class='ocr_line' id='line_1_14' title="bbox 287 1708 2029 1799; baseline -0.005 -21"><span class='ocrx_word' id='word_1_153' title='bbox 287 1712 537 1799; x_wconf 85' lang='lat' dir='ltr'>etprohibetur</span> <span class='ocrx_word' id='word_1_154' title='bbox 566 1717 600 1778; x_wconf 91' lang='lat' dir='ltr'>et</span> <span class='ocrx_word' id='word_1_155' title='bbox 623 1710 751 1796; x_wconf 91' lang='lat' dir='ltr'>cogitur</span> <span class='ocrx_word' id='word_1_156' title='bbox 773 1716 807 1775; x_wconf 90' lang='lat' dir='ltr'>at</span> <span class='ocrx_word' id='word_1_157' title='bbox 829 1729 889 1794; x_wconf 93' lang='lat' dir='ltr'>per</span> <span class='ocrx_word' id='word_1_158' title='bbox 911 1709 1111 1794; x_wconf 80' lang='lat' dir='ltr'>singularem</span> <span class='ocrx_word' id='word_1_159' title='bbox 1134 1710 1252 1774; x_wconf 90' lang='lat' dir='ltr'>callem</span> <span class='ocrx_word' id='word_1_160' title='bbox 1276 1708 1317 1773; x_wconf 89' lang='lat' dir='ltr'>ad</span> <span class='ocrx_word' id='word_1_161' title='bbox 1346 1730 1480 1775; x_wconf 89' lang='lat' dir='ltr'>causam</span> <span class='ocrx_word' id='word_1_162' title='bbox 1508 1709 1669 1775; x_wconf 88' lang='lat' dir='ltr'>arcendus</span> <span class='ocrx_word' id='word_1_163' title='bbox 1697 1718 1864 1792; x_wconf 83' lang='lat' dir='ltr'>evocatur,</span> <span class='ocrx_word' id='word_1_164' title='bbox 1896 1732 1939 1776; x_wconf 91' lang='lat' dir='ltr'>ne</span> <span class='ocrx_word' id='word_1_165' title='bbox 1952 1736 1974 1780; x_wconf 81' lang='lat' dir='ltr'>r·</span> <span class='ocrx_word' id='word_1_166' title='bbox 1987 1728 2029 1770; x_wconf 82' lang='lat' dir='ltr'>sss</span> 
     </span>
     <span class='ocr_line' id='line_1_15' title="bbox 287 1812 1940 1899; baseline -0.002 -17"><span class='ocrx_word' id='word_1_167' title='bbox 287 1816 496 1882; x_wconf 86' lang='lat' dir='ltr'>manifestam</span> <span class='ocrx_word' id='word_1_168' title='bbox 520 1817 660 1881; x_wconf 90' lang='lat' dir='ltr'>salutem</span> <span class='ocrx_word' id='word_1_169' title='bbox 683 1820 740 1879; x_wconf 90' lang='lat' dir='ltr'>aut</span> <span class='ocrx_word' id='word_1_170' title='bbox 755 1834 820 1878; x_wconf 88' lang='lat' dir='ltr'>non</span> <span class='ocrx_word' id='word_1_171' title='bbox 835 1813 1007 1879; x_wconf 90' lang='lat' dir='ltr'>lacessitus</span> <span class='ocrx_word' id='word_1_172' title='bbox 1023 1812 1188 1878; x_wconf 89' lang='lat' dir='ltr'>obtineret</span> <span class='ocrx_word' id='word_1_173' title='bbox 1204 1818 1261 1879; x_wconf 91' lang='lat' dir='ltr'>aut</span> <span class='ocrx_word' id='word_1_174' title='bbox 1277 1813 1464 1899; x_wconf 88' lang='lat' dir='ltr'>subriperet</span> <span class='ocrx_word' id='word_1_175' title='bbox 1477 1813 1656 1880; x_wconf 89' lang='lat' dir='ltr'>absolutus.</span> <span class='ocrx_word' id='word_1_176' title='bbox 1694 1813 1940 1881; x_wconf 88' lang='lat' dir='ltr'>adulescentiae</span> 
     </span>
     <span class='ocr_line' id='line_1_16' title="bbox 147 1918 2018 2007; baseline 0.002 -21"><span class='ocrx_word' id='word_1_177' title='bbox 147 1920 201 1965; x_wconf 55' lang='grc' dir='ltr'><strong>Μ</strong></span> <span class='ocrx_word' id='word_1_178' title='bbox 215 1918 382 1987; x_wconf 68' lang='lat' dir='ltr'>Mod·1ncae</span> <span class='ocrx_word' id='word_1_179' title='bbox 405 1919 538 1985; x_wconf 89' lang='lat' dir='ltr'>memini</span> <span class='ocrx_word' id='word_1_180' title='bbox 561 1939 613 1983; x_wconf 89' lang='lat' dir='ltr'>me</span> <span class='ocrx_word' id='word_1_181' title='bbox 637 1918 760 2002; x_wconf 90' lang='lat' dir='ltr'>legisse</span> <span class='ocrx_word' id='word_1_182' title='bbox 783 1919 987 2004; x_wconf 88' lang='lat' dir='ltr'>temporibus</span> <span class='ocrx_word' id='word_1_183' title='bbox 1010 1920 1051 1985; x_wconf 91' lang='lat' dir='ltr'>de</span> <span class='ocrx_word' id='word_1_184' title='bbox 1075 1920 1215 2007; x_wconf 92' lang='lat' dir='ltr'>quodam</span> <span class='ocrx_word' id='word_1_185' title='bbox 1245 1919 1379 1984; x_wconf 92' lang='lat' dir='ltr'>dictum:</span> <span class='ocrx_word' id='word_1_186' title='bbox 1413 1919 1513 1984; x_wconf 84' lang='lat' dir='ltr'>‘exuli</span> <span class='ocrx_word' id='word_1_187' title='bbox 1544 1919 1679 1984; x_wconf 85' lang='lat' dir='ltr'>exilium</span> <span class='ocrx_word' id='word_1_188' title='bbox 1708 1920 1851 2007; x_wconf 91' lang='lat' dir='ltr'>imperas</span> <span class='ocrx_word' id='word_1_189' title='bbox 1878 1938 1941 1984; x_wconf 88' lang='lat' dir='ltr'>nec</span> <span class='ocrx_word' id='word_1_190' title='bbox 1992 1950 2018 1989; x_wconf 78' lang='lat' dir='ltr'>rs</span> 
     </span>
    </p>
   </div>
   <div class='ocr_carea' id='block_1_4' title="bbox 153 1976 1944 2110">
    <p class='ocr_par' dir='ltr' id='par_1_4' title="bbox 153 1976 1944 2110">
     <span class='ocr_line' id='line_1_17' title="bbox 153 1976 1944 2110; baseline -0.001 -23"><span class='ocrx_word' id='word_1_191' title='bbox 153 1977 213 2068; x_wconf 47' lang='lat'>1⁸⁸3?</span> <span class='ocrx_word' id='word_1_192' title='bbox 214 1976 275 2091; x_wconf 52' lang='grc' dir='ltr'>’ΒΘ</span> <span class='ocrx_word' id='word_1_193' title='bbox 286 2023 366 2091; x_wconf 89' lang='lat' dir='ltr'>das’.</span> <span class='ocrx_word' id='word_1_194' title='bbox 412 2045 469 2089; x_wconf 89' lang='lat' dir='ltr'>voa</span> <span class='ocrx_word' id='word_1_195' title='bbox 493 2023 611 2108; x_wconf 90' lang='lat' dir='ltr'>inpetit</span> <span class='ocrx_word' id='word_1_196' title='bbox 634 2022 782 2109; x_wconf 87' lang='lat' dir='ltr'>profetae</span> <span class='ocrx_word' id='word_1_197' title='bbox 805 2025 985 2089; x_wconf 88' lang='lat' dir='ltr'>sententia:</span> <span class='ocrx_word' id='word_1_198' title='bbox 1019 2025 1083 2088; x_wconf 83' lang='lat' dir='ltr'>‘isti</span> <span class='ocrx_word' id='word_1_199' title='bbox 1108 2032 1184 2089; x_wconf 92' lang='lat' dir='ltr'>sunt</span> <span class='ocrx_word' id='word_1_200' title='bbox 1207 2023 1268 2088; x_wconf 89' lang='lat' dir='ltr'>viri</span> <span class='ocrx_word' id='word_1_201' title='bbox 1297 2023 1352 2110; x_wconf 89' lang='lat' dir='ltr'>qni</span> <span class='ocrx_word' id='word_1_202' title='bbox 1382 2022 1660 2088; x_wconf 89' lang='lat' dir='ltr'>conturbaverunt</span> <span class='ocrx_word' id='word_1_203' title='bbox 1687 2029 1808 2087; x_wconf 87' lang='lat' dir='ltr'>terram</span> <span class='ocrx_word' id='word_1_204' title='bbox 1833 2027 1867 2086; x_wconf 89' lang='lat' dir='ltr'>st</span> <span class='ocrx_word' id='word_1_205' title='bbox 1888 2021 1944 2106; x_wconf 89' lang='lat' dir='ltr'>qui</span> 
     </span>
    </p>
   </div>
   <div class='ocr_carea' id='block_1_5' title="bbox 130 2081 2030 3766">
    <p class='ocr_par' dir='ltr' id='par_1_5' title="bbox 142 2081 1944 2211">
     <span class='ocr_line' id='line_1_18' title="bbox 142 2081 1944 2211; baseline 0.002 -24"><span class='ocrx_word' id='word_1_206' title='bbox 142 2081 228 2197; x_wconf 60' lang='lat' dir='ltr'>idib.</span> <span class='ocrx_word' id='word_1_207' title='bbox 243 2153 263 2191; x_wconf 80' lang='lat' dir='ltr'>s.</span> <span class='ocrx_word' id='word_1_208' title='bbox 288 2133 527 2195; x_wconf 88' lang='lat' dir='ltr'>concusserunt</span> <span class='ocrx_word' id='word_1_209' title='bbox 549 2123 661 2210; x_wconf 86' lang='lat' dir='ltr'>regna’</span> <span class='ocrx_word' id='word_1_210' title='bbox 685 2133 720 2190; x_wconf 92' lang='lat' dir='ltr'>et</span> <span class='ocrx_word' id='word_1_211' title='bbox 743 2126 874 2190; x_wconf 90' lang='lat' dir='ltr'>iterum:</span> <span class='ocrx_word' id='word_1_212' title='bbox 908 2127 1115 2192; x_wconf 81' lang='lat' dir='ltr'>‘excidentur</span> <span class='ocrx_word' id='word_1_213' title='bbox 1129 2128 1306 2192; x_wconf 89' lang='lat' dir='ltr'>ramusculi</span> <span class='ocrx_word' id='word_1_214' title='bbox 1324 2148 1438 2192; x_wconf 88' lang='lat' dir='ltr'>corum</span> <span class='ocrx_word' id='word_1_215' title='bbox 1457 2125 1606 2207; x_wconf 85' lang='lat' dir='ltr'>falcibus,</span> <span class='ocrx_word' id='word_1_216' title='bbox 1630 2132 1763 2211; x_wconf 83' lang='lat' dir='ltr'>atquae</span> <span class='ocrx_word' id='word_1_217' title='bbox 1785 2124 1944 2191; x_wconf 88' lang='lat' dir='ltr'>derelicta</span> 
     </span>
    </p>

    <p class='ocr_par' dir='ltr' id='par_1_6' title="bbox 131 2227 1943 2420">
     <span class='ocr_line' id='line_1_19' title="bbox 131 2227 1942 2316; baseline 0.001 -25"><span class='ocrx_word' id='word_1_218' title='bbox 131 2232 421 2311; x_wconf 72' lang='lat' dir='ltr'>uuiaufuerint,</span> <span class='ocrx_word' id='word_1_219' title='bbox 450 2227 673 2295; x_wconf 89' lang='lat' dir='ltr'>abscidentur’</span> <span class='ocrx_word' id='word_1_220' title='bbox 703 2235 736 2295; x_wconf 93' lang='lat' dir='ltr'>et</span> <span class='ocrx_word' id='word_1_221' title='bbox 764 2251 892 2295; x_wconf 90' lang='lat' dir='ltr'>rursus:</span> <span class='ocrx_word' id='word_1_222' title='bbox 927 2231 1014 2295; x_wconf 83' lang='lat' dir='ltr'>‘dum</span> <span class='ocrx_word' id='word_1_223' title='bbox 1045 2252 1110 2295; x_wconf 94' lang='lat' dir='ltr'>non</span> <span class='ocrx_word' id='word_1_224' title='bbox 1139 2231 1294 2316; x_wconf 89' lang='lat' dir='ltr'>speratis,</span> <span class='ocrx_word' id='word_1_225' title='bbox 1326 2230 1437 2295; x_wconf 90' lang='lat' dir='ltr'>veniet</span> <span class='ocrx_word' id='word_1_226' title='bbox 1472 2229 1622 2294; x_wconf 92' lang='lat' dir='ltr'>contritio</span> <span class='ocrx_word' id='word_1_227' title='bbox 1650 2235 1762 2294; x_wconf 91' lang='lat' dir='ltr'>vestra</span> <span class='ocrx_word' id='word_1_228' title='bbox 1789 2236 1823 2293; x_wconf 93' lang='lat' dir='ltr'>et</span> <span class='ocrx_word' id='word_1_229' title='bbox 1852 2249 1942 2293; x_wconf 91' lang='lat' dir='ltr'>com·</span> 
     </span>
     <span class='ocr_line' id='line_1_20' title="bbox 283 2331 1943 2420; baseline -0.001 -21"><span class='ocrx_word' id='word_1_230' title='bbox 283 2335 451 2409; x_wconf 85' lang='lat' dir='ltr'>minuetur</span> <span class='ocrx_word' id='word_1_231' title='bbox 480 2332 653 2398; x_wconf 90' lang='lat' dir='ltr'>multitudo</span> <span class='ocrx_word' id='word_1_232' title='bbox 677 2340 803 2414; x_wconf 84' lang='lat' dir='ltr'>vestra,</span> <span class='ocrx_word' id='word_1_233' title='bbox 839 2335 922 2399; x_wconf 92' lang='lat' dir='ltr'>sicut</span> <span class='ocrx_word' id='word_1_234' title='bbox 949 2336 1090 2419; x_wconf 85' lang='lat' dir='ltr'>lagoena</span> <span class='ocrx_word' id='word_1_235' title='bbox 1122 2332 1234 2420; x_wconf 83' lang='lat' dir='ltr'>figuli&#39;.</span> <span class='ocrx_word' id='word_1_236' title='bbox 1280 2354 1341 2399; x_wconf 94' lang='lat' dir='ltr'>nec</span> <span class='ocrx_word' id='word_1_237' title='bbox 1372 2354 1438 2396; x_wconf 90' lang='lat' dir='ltr'>non</span> <span class='ocrx_word' id='word_1_238' title='bbox 1466 2332 1596 2418; x_wconf 85' lang='lat' dir='ltr'>profeta</span> <span class='ocrx_word' id='word_1_239' title='bbox 1625 2331 1666 2396; x_wconf 90' lang='lat' dir='ltr'>ad</span> <span class='ocrx_word' id='word_1_240' title='bbox 1694 2332 1778 2397; x_wconf 90' lang='lat' dir='ltr'>banc</span> <span class='ocrx_word' id='word_1_241' title='bbox 1808 2353 1943 2397; x_wconf 87' lang='lat' dir='ltr'>cansam</span> 
     </span>
    </p>

    <p class='ocr_par' dir='ltr' id='par_1_7' title="bbox 152 2436 2020 2526">
     <span class='ocr_line' id='line_1_21' title="bbox 152 2436 2020 2526; baseline 0.003 -30"><span class='ocrx_word' id='word_1_242' title='bbox 152 2453 231 2507; x_wconf 74' lang='lat' dir='ltr'>surr,</span> <span class='ocrx_word' id='word_1_243' title='bbox 245 2457 265 2498; x_wconf 85' lang='lat' dir='ltr'>r.</span> <span class='ocrx_word' id='word_1_244' title='bbox 289 2437 477 2526; x_wconf 84' lang='lat' dir='ltr'>specialiter</span> <span class='ocrx_word' id='word_1_245' title='bbox 498 2437 627 2501; x_wconf 91' lang='lat' dir='ltr'>locutus</span> <span class='ocrx_word' id='word_1_246' title='bbox 648 2436 803 2502; x_wconf 88' lang='lat' dir='ltr'>intonuit:</span> <span class='ocrx_word' id='word_1_247' title='bbox 837 2437 997 2502; x_wconf 89' lang='lat' dir='ltr'>‘dominus</span> <span class='ocrx_word' id='word_1_248' title='bbox 1021 2438 1192 2503; x_wconf 85' lang='lat' dir='ltr'>inclinabit</span> <span class='ocrx_word' id='word_1_249' title='bbox 1213 2458 1344 2502; x_wconf 90' lang='lat' dir='ltr'>manum</span> <span class='ocrx_word' id='word_1_250' title='bbox 1367 2457 1470 2517; x_wconf 86' lang='lat' dir='ltr'>suam,</span> <span class='ocrx_word' id='word_1_251' title='bbox 1494 2442 1529 2501; x_wconf 91' lang='lat' dir='ltr'>et</span> <span class='ocrx_word' id='word_1_252' title='bbox 1544 2441 1681 2500; x_wconf 91' lang='lat' dir='ltr'>conruet</span> <span class='ocrx_word' id='word_1_253' title='bbox 1696 2436 1752 2520; x_wconf 92' lang='lat' dir='ltr'>qui</span> <span class='ocrx_word' id='word_1_254' title='bbox 1766 2436 1831 2501; x_wconf 82' lang='lat' dir='ltr'>lert</span> <span class='ocrx_word' id='word_1_255' title='bbox 1844 2437 1940 2501; x_wconf 86' lang='lat' dir='ltr'>malis</span> <span class='ocrx_word' id='word_1_256' title='bbox 1992 2467 2020 2509; x_wconf 67' lang='grc' dir='ltr'>,ο</span> 
     </span>
    </p>

    <p class='ocr_par' dir='ltr' id='par_1_8' title="bbox 233 2538 1943 2732">
     <span class='ocr_line' id='line_1_22' title="bbox 233 2538 1943 2627; baseline -0.001 -22"><span class='ocrx_word' id='word_1_257' title='bbox 233 2544 273 2605; x_wconf 85' lang='grc'>40</span> <span class='ocrx_word' id='word_1_258' title='bbox 285 2541 446 2605; x_wconf 85' lang='lat' dir='ltr'>auxilium</span> <span class='ocrx_word' id='word_1_259' title='bbox 463 2548 497 2606; x_wconf 92' lang='lat' dir='ltr'>et</span> <span class='ocrx_word' id='word_1_260' title='bbox 513 2540 609 2605; x_wconf 89' lang='lat' dir='ltr'>cadet</span> <span class='ocrx_word' id='word_1_261' title='bbox 626 2541 677 2604; x_wconf 91' lang='lat' dir='ltr'>cui</span> <span class='ocrx_word' id='word_1_262' title='bbox 692 2547 878 2626; x_wconf 85' lang='lat' dir='ltr'>praestatur</span> <span class='ocrx_word' id='word_1_263' title='bbox 897 2543 1065 2622; x_wconf 85' lang='lat' dir='ltr'>auxilium,</span> <span class='ocrx_word' id='word_1_264' title='bbox 1089 2543 1250 2627; x_wconf 88' lang='lat' dir='ltr'>simulque</span> <span class='ocrx_word' id='word_1_265' title='bbox 1274 2563 1388 2606; x_wconf 91' lang='lat' dir='ltr'>omnes</span> <span class='ocrx_word' id='word_1_266' title='bbox 1412 2538 1668 2606; x_wconf 88' lang='lat' dir='ltr'>consumentur&#39;.</span> <span class='ocrx_word' id='word_1_267' title='bbox 1707 2539 1808 2606; x_wconf 89' lang='lat' dir='ltr'>redeo</span> <span class='ocrx_word' id='word_1_268' title='bbox 1831 2546 1943 2605; x_wconf 89' lang='lat' dir='ltr'>tamen</span> 
     </span>
     <span class='ocr_line' id='line_1_23' title="bbox 286 2643 1942 2732; baseline -0.001 -22"><span class='ocrx_word' id='word_1_269' title='bbox 286 2652 361 2732; x_wconf 92' lang='lat' dir='ltr'>post</span> <span class='ocrx_word' id='word_1_270' title='bbox 384 2650 514 2709; x_wconf 88' lang='lat' dir='ltr'>vetusta</span> <span class='ocrx_word' id='word_1_271' title='bbox 537 2644 766 2730; x_wconf 83' lang='lat' dir='ltr'>exemplorum</span> <span class='ocrx_word' id='word_1_272' title='bbox 790 2645 933 2729; x_wconf 83' lang='lat' dir='ltr'>suffugia</span> <span class='ocrx_word' id='word_1_273' title='bbox 961 2644 1002 2709; x_wconf 91' lang='lat' dir='ltr'>ad</span> <span class='ocrx_word' id='word_1_274' title='bbox 1033 2647 1180 2711; x_wconf 82' lang='lat' dir='ltr'>novellos</span> <span class='ocrx_word' id='word_1_275' title='bbox 1210 2666 1372 2710; x_wconf 90' lang='lat' dir='ltr'>canonum</span> <span class='ocrx_word' id='word_1_276' title='bbox 1400 2644 1618 2709; x_wconf 87' lang='lat' dir='ltr'>definitiones.</span> <span class='ocrx_word' id='word_1_277' title='bbox 1665 2643 1786 2708; x_wconf 89' lang='lat' dir='ltr'>clamat</span> <span class='ocrx_word' id='word_1_278' title='bbox 1813 2644 1846 2708; x_wconf 92' lang='lat' dir='ltr'>in</span> <span class='ocrx_word' id='word_1_279' title='bbox 1876 2645 1942 2709; x_wconf 87' lang='lat' dir='ltr'>alio</span> 
     </span>
    </p>

    <p class='ocr_par' dir='ltr' id='par_1_9' title="bbox 130 2746 1942 2959">
     <span class='ocr_line' id='line_1_24' title="bbox 130 2746 1941 2845; baseline -0.001 -32"><span class='ocrx_word' id='word_1_280' title='bbox 130 2747 357 2845; x_wconf 54' lang='lat' dir='ltr'>sefflica</span> <span class='ocrx_word' id='word_1_281' title='bbox 380 2747 654 2833; x_wconf 77' lang='lat' dir='ltr'>Carthaginiense</span> <span class='ocrx_word' id='word_1_282' title='bbox 679 2748 867 2811; x_wconf 87' lang='lat' dir='ltr'>concilium:</span> <span class='ocrx_word' id='word_1_283' title='bbox 902 2751 1134 2832; x_wconf 78' lang='lat' dir='ltr'>‘quascumque</span> <span class='ocrx_word' id='word_1_284' title='bbox 1160 2748 1201 2812; x_wconf 94' lang='lat' dir='ltr'>ad</span> <span class='ocrx_word' id='word_1_285' title='bbox 1224 2748 1467 2813; x_wconf 90' lang='lat' dir='ltr'>accusationem</span> <span class='ocrx_word' id='word_1_286' title='bbox 1490 2768 1648 2833; x_wconf 89' lang='lat' dir='ltr'>personas</span> <span class='ocrx_word' id='word_1_287' title='bbox 1671 2748 1764 2832; x_wconf 89' lang='lat' dir='ltr'>leges</span> <span class='ocrx_word' id='word_1_288' title='bbox 1787 2746 1941 2833; x_wconf 89' lang='lat' dir='ltr'>publicae</span> 
     </span>
     <span class='ocr_line' id='line_1_25' title="bbox 131 2848 1942 2959; baseline -0.001 -42"><span class='ocrx_word' id='word_1_289' title='bbox 131 2851 353 2959; x_wconf 48' lang='lat' dir='ltr'>lssff’gsssoeii&#39;ssffl</span> <span class='ocrx_word' id='word_1_290' title='bbox 376 2852 559 2930; x_wconf 91' lang='lat' dir='ltr'>admittunt,</span> <span class='ocrx_word' id='word_1_291' title='bbox 584 2852 635 2915; x_wconf 91' lang='lat' dir='ltr'>bis</span> <span class='ocrx_word' id='word_1_292' title='bbox 658 2850 860 2936; x_wconf 87' lang='lat' dir='ltr'>inpugnandi</span> <span class='ocrx_word' id='word_1_293' title='bbox 883 2852 1021 2915; x_wconf 89' lang='lat' dir='ltr'>alterum</span> <span class='ocrx_word' id='word_1_294' title='bbox 1046 2859 1080 2916; x_wconf 88' lang='lat' dir='ltr'>et</span> <span class='ocrx_word' id='word_1_295' title='bbox 1102 2871 1161 2915; x_wconf 91' lang='lat' dir='ltr'>nos</span> <span class='ocrx_word' id='word_1_296' title='bbox 1186 2852 1351 2916; x_wconf 88' lang='lat' dir='ltr'>licentiam</span> <span class='ocrx_word' id='word_1_297' title='bbox 1373 2848 1627 2916; x_wconf 89' lang='lat' dir='ltr'>submovemus’.</span> <span class='ocrx_word' id='word_1_298' title='bbox 1665 2871 1785 2936; x_wconf 89' lang='lat' dir='ltr'>quaero</span> <span class='ocrx_word' id='word_1_299' title='bbox 1801 2872 1821 2915; x_wconf 90' lang='lat' dir='ltr'>a</span> <span class='ocrx_word' id='word_1_300' title='bbox 1836 2851 1942 2935; x_wconf 92' lang='lat' dir='ltr'>vobis,</span> 
     </span>
    </p>

    <p class='ocr_par' dir='ltr' id='par_1_10' title="bbox 223 2935 1941 3040">
     <span class='ocr_line' id='line_1_26' title="bbox 223 2935 1941 3040; baseline -0.001 -18"><span class='ocrx_word' id='word_1_301' title='bbox 223 2935 229 2958; x_wconf 74' lang='grc'>’</span> <span class='ocrx_word' id='word_1_302' title='bbox 287 2956 347 3022; x_wconf 86' lang='lat' dir='ltr'>viri</span> <span class='ocrx_word' id='word_1_303' title='bbox 370 2955 488 3040; x_wconf 93' lang='lat' dir='ltr'>quibus</span> <span class='ocrx_word' id='word_1_304' title='bbox 512 2955 614 3020; x_wconf 88' lang='lat' dir='ltr'>indita</span> <span class='ocrx_word' id='word_1_305' title='bbox 638 2960 689 3019; x_wconf 90' lang='lat' dir='ltr'>est</span> <span class='ocrx_word' id='word_1_306' title='bbox 712 2953 752 3018; x_wconf 91' lang='lat' dir='ltr'>ad</span> <span class='ocrx_word' id='word_1_307' title='bbox 776 2975 920 3038; x_wconf 88' lang='lat' dir='ltr'>unguem</span> <span class='ocrx_word' id='word_1_308' title='bbox 943 2954 1046 3039; x_wconf 91' lang='lat' dir='ltr'>polita</span> <span class='ocrx_word' id='word_1_309' title='bbox 1075 2954 1249 3040; x_wconf 81' lang='lat' dir='ltr'>perfectio,</span> <span class='ocrx_word' id='word_1_310' title='bbox 1280 2956 1371 3019; x_wconf 91' lang='lat' dir='ltr'>euius</span> <span class='ocrx_word' id='word_1_311' title='bbox 1394 2954 1594 3040; x_wconf 89' lang='lat' dir='ltr'>condicionis</span> <span class='ocrx_word' id='word_1_312' title='bbox 1616 2953 1739 3018; x_wconf 86' lang='lat' dir='ltr'>fuerint</span> <span class='ocrx_word' id='word_1_313' title='bbox 1760 2955 1825 3019; x_wconf 92' lang='lat' dir='ltr'>ista</span> <span class='ocrx_word' id='word_1_314' title='bbox 1847 2975 1941 3020; x_wconf 89' lang='lat' dir='ltr'>marr·</span> 
     </span>
    </p>

    <p class='ocr_par' dir='ltr' id='par_1_11' title="bbox 231 3056 2021 3558">
     <span class='ocr_line' id='line_1_27' title="bbox 231 3056 1943 3146; baseline -0.001 -21"><span class='ocrx_word' id='word_1_315' title='bbox 231 3065 267 3125; x_wconf 81' lang='grc'>41</span> <span class='ocrx_word' id='word_1_316' title='bbox 286 3060 382 3146; x_wconf 87' lang='lat' dir='ltr'>cipis,</span> <span class='ocrx_word' id='word_1_317' title='bbox 405 3080 490 3145; x_wconf 90' lang='lat' dir='ltr'>quae</span> <span class='ocrx_word' id='word_1_318' title='bbox 513 3058 681 3145; x_wconf 88' lang='lat' dir='ltr'>postulata</span> <span class='ocrx_word' id='word_1_319' title='bbox 704 3057 833 3143; x_wconf 89' lang='lat' dir='ltr'>scriptis</span> <span class='ocrx_word' id='word_1_320' title='bbox 856 3057 1093 3144; x_wconf 91' lang='lat' dir='ltr'>principalibus</span> <span class='ocrx_word' id='word_1_321' title='bbox 1116 3056 1312 3120; x_wconf 86' lang='lat' dir='ltr'>intimastis?</span> <span class='ocrx_word' id='word_1_322' title='bbox 1351 3056 1378 3119; x_wconf 91' lang='lat' dir='ltr'>si</span> <span class='ocrx_word' id='word_1_323' title='bbox 1395 3079 1435 3122; x_wconf 95' lang='lat' dir='ltr'>ca</span> <span class='ocrx_word' id='word_1_324' title='bbox 1450 3056 1577 3122; x_wconf 90' lang='lat' dir='ltr'>servilis</span> <span class='ocrx_word' id='word_1_325' title='bbox 1594 3057 1700 3122; x_wconf 90' lang='lat' dir='ltr'>adhuc</span> <span class='ocrx_word' id='word_1_326' title='bbox 1722 3058 1755 3121; x_wconf 90' lang='lat' dir='ltr'>in</span> <span class='ocrx_word' id='word_1_327' title='bbox 1778 3064 1943 3143; x_wconf 86' lang='lat' dir='ltr'>potestate</span> 
     </span>
     <span class='ocr_line' id='line_1_28' title="bbox 286 3160 1943 3249; baseline -0.001 -21"><span class='ocrx_word' id='word_1_328' title='bbox 286 3163 422 3228; x_wconf 90' lang='lat' dir='ltr'>alterius</span> <span class='ocrx_word' id='word_1_329' title='bbox 454 3168 572 3227; x_wconf 89' lang='lat' dir='ltr'>catena</span> <span class='ocrx_word' id='word_1_330' title='bbox 604 3161 768 3226; x_wconf 90' lang='lat' dir='ltr'>retinebat</span> <span class='ocrx_word' id='word_1_331' title='bbox 795 3167 828 3224; x_wconf 91' lang='lat' dir='ltr'>et</span> <span class='ocrx_word' id='word_1_332' title='bbox 860 3162 950 3224; x_wconf 91' lang='lat' dir='ltr'>nulls</span> <span class='ocrx_word' id='word_1_333' title='bbox 982 3160 1023 3223; x_wconf 91' lang='lat' dir='ltr'>ab</span> <span class='ocrx_word' id='word_1_334' title='bbox 1058 3161 1223 3225; x_wconf 86' lang='lat' dir='ltr'>obscenae</span> <span class='ocrx_word' id='word_1_335' title='bbox 1258 3161 1468 3245; x_wconf 86' lang='lat' dir='ltr'>obligationis</span> <span class='ocrx_word' id='word_1_336' title='bbox 1506 3160 1707 3247; x_wconf 88' lang='lat' dir='ltr'>conpedibus</span> <span class='ocrx_word' id='word_1_337' title='bbox 1737 3163 1879 3249; x_wconf 88' lang='lat' dir='ltr'>vestigia</span> <span class='ocrx_word' id='word_1_338' title='bbox 1907 3164 1943 3228; x_wconf 95' lang='lat' dir='ltr'>in</span> 
     </span>
     <span class='ocr_line' id='line_1_29' title="bbox 286 3262 1944 3351; baseline 0.001 -21"><span class='ocrx_word' id='word_1_339' title='bbox 286 3266 472 3330; x_wconf 87' lang='lat' dir='ltr'>libertatem</span> <span class='ocrx_word' id='word_1_340' title='bbox 495 3264 596 3327; x_wconf 87' lang='lat' dir='ltr'>missa</span> <span class='ocrx_word' id='word_1_341' title='bbox 619 3263 787 3342; x_wconf 84' lang='lat' dir='ltr'>laxabant,</span> <span class='ocrx_word' id='word_1_342' title='bbox 812 3262 864 3327; x_wconf 89' lang='lat' dir='ltr'>vel</span> <span class='ocrx_word' id='word_1_343' title='bbox 888 3263 981 3326; x_wconf 91' lang='lat' dir='ltr'>vobis</span> <span class='ocrx_word' id='word_1_344' title='bbox 1006 3262 1267 3348; x_wconf 89' lang='lat' dir='ltr'>disceptantibus</span> <span class='ocrx_word' id='word_1_345' title='bbox 1290 3262 1388 3327; x_wconf 87' lang='lat' dir='ltr'>fidem</span> <span class='ocrx_word' id='word_1_346' title='bbox 1412 3263 1554 3348; x_wconf 90' lang='lat' dir='ltr'>aliquam</span> <span class='ocrx_word' id='word_1_347' title='bbox 1577 3265 1817 3351; x_wconf 90' lang='lat' dir='ltr'>praedictorum</span> <span class='ocrx_word' id='word_1_348' title='bbox 1841 3266 1944 3331; x_wconf 87' lang='lat' dir='ltr'>verba</span> 
     </span>
     <span class='ocr_line' id='line_1_30' title="bbox 287 3365 1943 3453; baseline 0.002 -20"><span class='ocrx_word' id='word_1_349' title='bbox 287 3374 498 3450; x_wconf 82' lang='lat' dir='ltr'>portassent?</span> <span class='ocrx_word' id='word_1_350' title='bbox 539 3366 607 3446; x_wconf 87' lang='lat' dir='ltr'>sed,</span> <span class='ocrx_word' id='word_1_351' title='bbox 632 3365 742 3441; x_wconf 85' lang='lat' dir='ltr'>credo,</span> <span class='ocrx_word' id='word_1_352' title='bbox 765 3366 985 3452; x_wconf 89' lang='lat' dir='ltr'>replicabitis:</span> <span class='ocrx_word' id='word_1_353' title='bbox 1009 3367 1193 3447; x_wconf 81' lang='lat' dir='ltr'>veritatem,</span> <span class='ocrx_word' id='word_1_354' title='bbox 1217 3388 1313 3451; x_wconf 90' lang='lat' dir='ltr'>quam</span> <span class='ocrx_word' id='word_1_355' title='bbox 1330 3374 1446 3452; x_wconf 90' lang='lat' dir='ltr'>sponte</span> <span class='ocrx_word' id='word_1_356' title='bbox 1462 3367 1591 3453; x_wconf 90' lang='lat' dir='ltr'>prolata</span> <span class='ocrx_word' id='word_1_357' title='bbox 1605 3369 1639 3433; x_wconf 91' lang='lat' dir='ltr'>in</span> <span class='ocrx_word' id='word_1_358' title='bbox 1654 3371 1721 3433; x_wconf 90' lang='lat' dir='ltr'>illis</span> <span class='ocrx_word' id='word_1_359' title='bbox 1738 3391 1802 3435; x_wconf 86' lang='lat' dir='ltr'>vox</span> <span class='ocrx_word' id='word_1_360' title='bbox 1818 3370 1943 3436; x_wconf 86' lang='lat' dir='ltr'>babere</span> 
     </span>
     <span class='ocr_line' id='line_1_31' title="bbox 285 3469 2021 3558; baseline 0.005 -23"><span class='ocrx_word' id='word_1_361' title='bbox 285 3492 350 3536; x_wconf 91' lang='lat' dir='ltr'>non</span> <span class='ocrx_word' id='word_1_362' title='bbox 372 3478 512 3557; x_wconf 84' lang='lat' dir='ltr'>poterat,</span> <span class='ocrx_word' id='word_1_363' title='bbox 541 3470 626 3534; x_wconf 91' lang='lat' dir='ltr'>hanc</span> <span class='ocrx_word' id='word_1_364' title='bbox 648 3469 788 3534; x_wconf 89' lang='lat' dir='ltr'>diversis</span> <span class='ocrx_word' id='word_1_365' title='bbox 811 3469 962 3534; x_wconf 89' lang='lat' dir='ltr'>crucibus</span> <span class='ocrx_word' id='word_1_366' title='bbox 986 3491 1004 3533; x_wconf 92' lang='lat' dir='ltr'>e</span> <span class='ocrx_word' id='word_1_367' title='bbox 1028 3470 1163 3535; x_wconf 89' lang='lat' dir='ltr'>latebris</span> <span class='ocrx_word' id='word_1_368' title='bbox 1188 3472 1255 3535; x_wconf 89' lang='lat' dir='ltr'>auis</span> <span class='ocrx_word' id='word_1_369' title='bbox 1279 3471 1453 3556; x_wconf 88' lang='lat' dir='ltr'>religiosus</span> <span class='ocrx_word' id='word_1_370' title='bbox 1476 3477 1579 3536; x_wconf 90' lang='lat' dir='ltr'>tortor</span> <span class='ocrx_word' id='word_1_371' title='bbox 1602 3479 1770 3558; x_wconf 85' lang='lat' dir='ltr'>exegerat,</span> <span class='ocrx_word' id='word_1_372' title='bbox 1793 3480 1840 3553; x_wconf 93' lang='lat' dir='ltr'>ut,</span> <span class='ocrx_word' id='word_1_373' title='bbox 1862 3472 1941 3540; x_wconf 90' lang='lat' dir='ltr'>dum</span> <span class='ocrx_word' id='word_1_374' title='bbox 1993 3503 2021 3543; x_wconf 87' lang='lat' dir='ltr'>so</span> 
     </span>
    </p>

    <p class='ocr_par' dir='ltr' id='par_1_12' title="bbox 231 3574 2030 3766">
     <span class='ocr_line' id='line_1_32' title="bbox 231 3574 2030 3663; baseline -0.001 -22"><span class='ocrx_word' id='word_1_375' title='bbox 231 3575 402 3661; x_wconf 70' lang='lat' dir='ltr'>dlpoenis</span> <span class='ocrx_word' id='word_1_376' title='bbox 426 3595 564 3660; x_wconf 90' lang='lat' dir='ltr'>corpora</span> <span class='ocrx_word' id='word_1_377' title='bbox 586 3574 803 3654; x_wconf 86' lang='lat' dir='ltr'>solverentur,</span> <span class='ocrx_word' id='word_1_378' title='bbox 827 3594 911 3659; x_wconf 89' lang='lat' dir='ltr'>quae</span> <span class='ocrx_word' id='word_1_379' title='bbox 934 3582 1030 3659; x_wconf 89' lang='lat' dir='ltr'>gesta</span> <span class='ocrx_word' id='word_1_380' title='bbox 1052 3574 1153 3639; x_wconf 86' lang='lat' dir='ltr'>fuisse</span> <span class='ocrx_word' id='word_1_381' title='bbox 1178 3581 1314 3639; x_wconf 91' lang='lat' dir='ltr'>ncvcrat</span> <span class='ocrx_word' id='word_1_382' title='bbox 1335 3576 1445 3639; x_wconf 87' lang='lat' dir='ltr'>anima</span> <span class='ocrx_word' id='word_1_383' title='bbox 1467 3595 1531 3639; x_wconf 91' lang='lat' dir='ltr'>non</span> <span class='ocrx_word' id='word_1_384' title='bbox 1555 3576 1688 3641; x_wconf 89' lang='lat' dir='ltr'>celaret.</span> <span class='ocrx_word' id='word_1_385' title='bbox 1733 3576 1791 3643; x_wconf 92' lang='lat' dir='ltr'>sed</span> <span class='ocrx_word' id='word_1_386' title='bbox 1815 3599 1940 3663; x_wconf 90' lang='lat' dir='ltr'>quaeso</span> <span class='ocrx_word' id='word_1_387' title='bbox 1954 3597 2030 3647; x_wconf 82' lang='lat' dir='ltr'>r-uo</span> 
     </span>
     <span class='ocr_line' id='line_1_33' title="bbox 285 3674 1941 3766; baseline 0.002 -24"><span class='ocrx_word' id='word_1_388' title='bbox 285 3678 424 3766; x_wconf 90' lang='lat' dir='ltr'>primum</span> <span class='ocrx_word' id='word_1_389' title='bbox 447 3677 488 3741; x_wconf 89' lang='lat' dir='ltr'>ad</span> <span class='ocrx_word' id='word_1_390' title='bbox 512 3678 604 3762; x_wconf 91' lang='lat' dir='ltr'>leges</span> <span class='ocrx_word' id='word_1_391' title='bbox 629 3676 787 3762; x_wconf 92' lang='lat' dir='ltr'>publicas,</span> <span class='ocrx_word' id='word_1_392' title='bbox 810 3674 928 3740; x_wconf 89' lang='lat' dir='ltr'>deinde</span> <span class='ocrx_word' id='word_1_393' title='bbox 950 3676 991 3740; x_wconf 93' lang='lat' dir='ltr'>ad</span> <span class='ocrx_word' id='word_1_394' title='bbox 1016 3676 1139 3741; x_wconf 90' lang='lat' dir='ltr'>iudices</span> <span class='ocrx_word' id='word_1_395' title='bbox 1163 3698 1220 3741; x_wconf 93' lang='lat' dir='ltr'>ora</span> <span class='ocrx_word' id='word_1_396' title='bbox 1244 3679 1434 3754; x_wconf 80' lang='lat' dir='ltr'>convertite,</span> <span class='ocrx_word' id='word_1_397' title='bbox 1459 3678 1514 3764; x_wconf 91' lang='lat' dir='ltr'>qui</span> <span class='ocrx_word' id='word_1_398' title='bbox 1536 3688 1677 3765; x_wconf 91' lang='lat' dir='ltr'>possunt</span> <span class='ocrx_word' id='word_1_399' title='bbox 1698 3681 1729 3745; x_wconf 92' lang='lat' dir='ltr'>in</span> <span class='ocrx_word' id='word_1_400' title='bbox 1747 3680 1941 3747; x_wconf 76' lang='lat' dir='ltr'>defensione</span> 
     </span>
    </p>
   </div>
   <div class='ocr_carea' id='block_1_6' title="bbox 286 3778 1942 3871">
    <p class='ocr_par' dir='ltr' id='par_1_13' title="bbox 286 3778 1942 3871">
     <span class='ocr_line' id='line_1_34' title="bbox 286 3778 1942 3871; baseline 0.002 -23"><span class='ocrx_word' id='word_1_401' title='bbox 286 3803 345 3847; x_wconf 89' lang='lat' dir='ltr'>sua</span> <span class='ocrx_word' id='word_1_402' title='bbox 362 3783 409 3847; x_wconf 87' lang='lat' dir='ltr'>sio</span> <span class='ocrx_word' id='word_1_403' title='bbox 424 3781 548 3866; x_wconf 91' lang='lat' dir='ltr'>eloqui:</span> <span class='ocrx_word' id='word_1_404' title='bbox 572 3800 643 3857; x_wconf 90' lang='lat' dir='ltr'>nos,</span> <span class='ocrx_word' id='word_1_405' title='bbox 668 3800 749 3865; x_wconf 92' lang='lat' dir='ltr'>quos</span> <span class='ocrx_word' id='word_1_406' title='bbox 771 3778 824 3843; x_wconf 94' lang='lat' dir='ltr'>dei</span> <span class='ocrx_word' id='word_1_407' title='bbox 847 3780 1015 3844; x_wconf 89' lang='lat' dir='ltr'>servitium</span> <span class='ocrx_word' id='word_1_408' title='bbox 1040 3786 1114 3866; x_wconf 91' lang='lat' dir='ltr'>post</span> <span class='ocrx_word' id='word_1_409' title='bbox 1135 3781 1270 3845; x_wconf 90' lang='lat' dir='ltr'>istarum</span> <span class='ocrx_word' id='word_1_410' title='bbox 1295 3803 1402 3847; x_wconf 89' lang='lat' dir='ltr'>rernm</span> <span class='ocrx_word' id='word_1_411' title='bbox 1426 3782 1644 3848; x_wconf 89' lang='lat' dir='ltr'>abiectionem</span> <span class='ocrx_word' id='word_1_412' title='bbox 1667 3785 1745 3850; x_wconf 87' lang='lat' dir='ltr'>fecit</span> <span class='ocrx_word' id='word_1_413' title='bbox 1767 3785 1942 3871; x_wconf 90' lang='lat' dir='ltr'>ingenuos,</span> 
     </span>
    </p>
   </div>
   <div class='ocr_carea' id='block_1_7' title="bbox 285 3882 1942 3976">
    <p class='ocr_par' dir='ltr' id='par_1_14' title="bbox 285 3882 1942 3976">
     <span class='ocr_line' id='line_1_35' title="bbox 285 3882 1942 3976; baseline 0.002 -26"><span class='ocrx_word' id='word_1_414' title='bbox 285 3885 341 3972; x_wconf 90' lang='lat' dir='ltr'>qui</span> <span class='ocrx_word' id='word_1_415' title='bbox 364 3884 568 3951; x_wconf 87' lang='lat' dir='ltr'>servulorum</span> <span class='ocrx_word' id='word_1_416' title='bbox 591 3883 819 3947; x_wconf 88' lang='lat' dir='ltr'>insultantium</span> <span class='ocrx_word' id='word_1_417' title='bbox 843 3883 1058 3947; x_wconf 88' lang='lat' dir='ltr'>contumelias</span> <span class='ocrx_word' id='word_1_418' title='bbox 1080 3888 1138 3948; x_wconf 89' lang='lat' dir='ltr'>ant</span> <span class='ocrx_word' id='word_1_419' title='bbox 1160 3882 1359 3969; x_wconf 90' lang='lat' dir='ltr'>despicimus</span> <span class='ocrx_word' id='word_1_420' title='bbox 1382 3894 1438 3949; x_wconf 91' lang='lat' dir='ltr'>aut</span> <span class='ocrx_word' id='word_1_421' title='bbox 1461 3885 1621 3968; x_wconf 89' lang='lat' dir='ltr'>ridemus,</span> <span class='ocrx_word' id='word_1_422' title='bbox 1645 3886 1761 3974; x_wconf 87' lang='lat' dir='ltr'>quibus</span> <span class='ocrx_word' id='word_1_423' title='bbox 1783 3888 1942 3976; x_wconf 87' lang='lat' dir='ltr'>scriptum</span> 
     </span>
    </p>
   </div>
   <div class='ocr_carea' id='block_1_8' title="bbox 283 4173 1942 5107">
    <p class='ocr_par' dir='ltr' id='par_1_15' title="bbox 283 4173 1942 5107">
     <span class='ocr_line' id='line_1_36' title="bbox 389 4173 1939 4249; baseline 0.005 -19"><span class='ocrx_word' id='word_1_424' title='bbox 389 4176 404 4230; x_wconf 92' lang='lat' dir='ltr'>l</span> <span class='ocrx_word' id='word_1_425' title='bbox 423 4175 490 4244; x_wconf 83' lang='lat' dir='ltr'>arce]</span> <span class='ocrx_word' id='word_1_426' title='bbox 508 4177 622 4231; x_wconf 86' lang='lat' dir='ltr'>arcch</span> <span class='ocrx_word' id='word_1_427' title='bbox 725 4175 743 4228; x_wconf 85' lang='lat'><strong>3</strong></span> <span class='ocrx_word' id='word_1_428' title='bbox 760 4176 805 4243; x_wconf 91' lang='lat' dir='ltr'>qui</span> <span class='ocrx_word' id='word_1_429' title='bbox 822 4173 886 4244; x_wconf 90' lang='lat' dir='ltr'>odit]</span> <span class='ocrx_word' id='word_1_430' title='bbox 904 4176 949 4243; x_wconf 90' lang='lat' dir='ltr'>qui</span> <span class='ocrx_word' id='word_1_431' title='bbox 968 4194 1016 4229; x_wconf 83' lang='lat' dir='ltr'>cm.</span> <span class='ocrx_word' id='word_1_432' title='bbox 1030 4174 1105 4229; x_wconf 70' lang='lat' dir='ltr'>Alta</span> <span class='ocrx_word' id='word_1_433' title='bbox 1115 4186 1138 4229; x_wconf 83' lang='lat' dir='ltr'>et</span> <span class='ocrx_word' id='word_1_434' title='bbox 1150 4176 1230 4230; x_wconf 77' lang='lat' dir='ltr'>Sirra.</span> <span class='ocrx_word' id='word_1_435' title='bbox 1333 4178 1352 4231; x_wconf 83' lang='lat'>4</span> <span class='ocrx_word' id='word_1_436' title='bbox 1371 4180 1482 4249; x_wconf 82' lang='lat' dir='ltr'>nsolsgit</span> <span class='ocrx_word' id='word_1_437' title='bbox 1493 4180 1537 4232; x_wconf 71' lang='lat' dir='ltr'>Ba</span> <span class='ocrx_word' id='word_1_438' title='bbox 1607 4183 1670 4249; x_wconf 89' lang='lat' dir='ltr'>quid</span> <span class='ocrx_word' id='word_1_439' title='bbox 1687 4184 1757 4235; x_wconf 89' lang='lat' dir='ltr'>enim</span> <span class='ocrx_word' id='word_1_440' title='bbox 1774 4183 1846 4236; x_wconf 81' lang='lat' dir='ltr'>illam</span> <span class='ocrx_word' id='word_1_441' title='bbox 1858 4181 1939 4236; x_wconf 70' lang='lat' dir='ltr'>suu.</span> 
     </span>
     <span class='ocr_line' id='line_1_37' title="bbox 285 4262 1940 4338; baseline 0.004 -22"><span class='ocrx_word' id='word_1_442' title='bbox 285 4263 481 4318; x_wconf 78' lang='lat' dir='ltr'>bdiscenditB</span> <span class='ocrx_word' id='word_1_443' title='bbox 554 4265 657 4332; x_wconf 83' lang='lat' dir='ltr'>flagites</span> <span class='ocrx_word' id='word_1_444' title='bbox 676 4262 716 4314; x_wconf 78' lang='lat'>13¹</span> <span class='ocrx_word' id='word_1_445' title='bbox 791 4264 912 4315; x_wconf 88' lang='lat' dir='ltr'>adhibitis</span> <span class='ocrx_word' id='word_1_446' title='bbox 928 4262 953 4313; x_wconf 90' lang='lat' dir='ltr'><em>B</em></span> <span class='ocrx_word' id='word_1_447' title='bbox 1028 4274 1082 4315; x_wconf 86' lang='lat' dir='ltr'>arte</span> <span class='ocrx_word' id='word_1_448' title='bbox 1106 4264 1240 4317; x_wconf 83' lang='lat' dir='ltr'>salsitatem</span> <span class='ocrx_word' id='word_1_449' title='bbox 1264 4266 1307 4318; x_wconf 91' lang='lat' dir='ltr'>ucl</span> <span class='ocrx_word' id='word_1_450' title='bbox 1329 4266 1487 4318; x_wconf 83' lang='lat' dir='ltr'>dolositatem</span> <span class='ocrx_word' id='word_1_451' title='bbox 1509 4269 1646 4335; x_wconf 83' lang='lat' dir='ltr'>praestigia</span> <span class='ocrx_word' id='word_1_452' title='bbox 1659 4269 1710 4320; x_wconf 85' lang='lat' dir='ltr'>AB</span> <span class='ocrx_word' id='word_1_453' title='bbox 1822 4266 1940 4338; x_wconf 68' lang='lat' dir='ltr'>inira]</span> 
     </span>
     <span class='ocr_line' id='line_1_38' title="bbox 283 4346 1942 4422; baseline 0.002 -18"><span class='ocrx_word' id='word_1_454' title='bbox 283 4352 376 4404; x_wconf 80' lang='lat' dir='ltr'>callida</span> <span class='ocrx_word' id='word_1_455' title='bbox 385 4350 437 4401; x_wconf 82' lang='lat' dir='ltr'>AB</span> <span class='ocrx_word' id='word_1_456' title='bbox 531 4348 549 4399; x_wconf 87' lang='lat'>8</span> <span class='ocrx_word' id='word_1_457' title='bbox 567 4349 656 4413; x_wconf 88' lang='lat' dir='ltr'>vestri]</span> <span class='ocrx_word' id='word_1_458' title='bbox 671 4349 749 4400; x_wconf 86' lang='lat' dir='ltr'>nostri</span> <span class='ocrx_word' id='word_1_459' title='bbox 762 4347 840 4400; x_wconf 75' lang='lat' dir='ltr'>Siras.</span> <span class='ocrx_word' id='word_1_460' title='bbox 938 4346 955 4399; x_wconf 82' lang='grc'><strong>9</strong></span> <span class='ocrx_word' id='word_1_461' title='bbox 973 4350 1191 4403; x_wconf 87' lang='lat' dir='ltr'>monitionibusB</span> <span class='ocrx_word' id='word_1_462' title='bbox 1250 4353 1276 4403; x_wconf 89' lang='lat' dir='ltr'>in</span> <span class='ocrx_word' id='word_1_463' title='bbox 1295 4370 1344 4404; x_wconf 81' lang='lat' dir='ltr'>orn.</span> <span class='ocrx_word' id='word_1_464' title='bbox 1352 4352 1386 4417; x_wconf 88' lang='lat' dir='ltr'>B,</span> <span class='ocrx_word' id='word_1_465' title='bbox 1403 4354 1436 4413; x_wconf 79' lang='lat' dir='ltr'>cf.</span> <span class='ocrx_word' id='word_1_466' title='bbox 1447 4372 1476 4420; x_wconf 85' lang='lat' dir='ltr'>p.</span> <span class='ocrx_word' id='word_1_467' title='bbox 1487 4358 1563 4418; x_wconf 79' lang='lat'>48‚2</span> <span class='ocrx_word' id='word_1_468' title='bbox 1658 4351 1692 4405; x_wconf 88' lang='lat'>10</span> <span class='ocrx_word' id='word_1_469' title='bbox 1708 4351 1802 4422; x_wconf 84' lang='lat' dir='ltr'>adytis]</span> <span class='ocrx_word' id='word_1_470' title='bbox 1814 4356 1899 4409; x_wconf 80' lang='lat' dir='ltr'>aditus</span> <span class='ocrx_word' id='word_1_471' title='bbox 1907 4355 1942 4420; x_wconf 87' lang='lat' dir='ltr'>B,</span> 
     </span>
     <span class='ocr_line' id='line_1_39' title="bbox 284 4434 1940 4510; baseline 0.001 -20"><span class='ocrx_word' id='word_1_472' title='bbox 284 4439 361 4490; x_wconf 79' lang='lat' dir='ltr'>editis</span> <span class='ocrx_word' id='word_1_473' title='bbox 372 4437 448 4489; x_wconf 81' lang='lat' dir='ltr'>ceteri</span> <span class='ocrx_word' id='word_1_474' title='bbox 516 4437 639 4504; x_wconf 88' lang='lat' dir='ltr'>pelleritis</span> <span class='ocrx_word' id='word_1_475' title='bbox 651 4435 676 4486; x_wconf 87' lang='lat' dir='ltr'><em>B</em></span> <span class='ocrx_word' id='word_1_476' title='bbox 745 4452 793 4486; x_wconf 92' lang='lat' dir='ltr'>nso</span> <span class='ocrx_word' id='word_1_477' title='bbox 811 4435 866 4486; x_wconf 90' lang='lat' dir='ltr'>sine</span> <span class='ocrx_word' id='word_1_478' title='bbox 878 4434 923 4485; x_wconf 77' lang='grc' dir='ltr'>Βα</span> <span class='ocrx_word' id='word_1_479' title='bbox 992 4452 1025 4488; x_wconf 90' lang='lat' dir='ltr'>ue</span> <span class='ocrx_word' id='word_1_480' title='bbox 1042 4437 1148 4489; x_wconf 87' lang='lat' dir='ltr'>haberet</span> <span class='ocrx_word' id='word_1_481' title='bbox 1164 4437 1234 4488; x_wconf 73' lang='lat' dir='ltr'>Vna</span> <span class='ocrx_word' id='word_1_482' title='bbox 1309 4438 1312 4443; x_wconf 83' lang='lat'>&#39;</span> <span class='ocrx_word' id='word_1_483' title='bbox 1337 4437 1372 4491; x_wconf 84' lang='lat'>14</span> <span class='ocrx_word' id='word_1_484' title='bbox 1388 4441 1571 4492; x_wconf 79' lang='lat' dir='ltr'>aduliscentiae</span> <span class='ocrx_word' id='word_1_485' title='bbox 1583 4439 1609 4490; x_wconf 93' lang='lat' dir='ltr'><em>B</em></span> <span class='ocrx_word' id='word_1_486' title='bbox 1714 4438 1747 4492; x_wconf 84' lang='lat'>16</span> <span class='ocrx_word' id='word_1_487' title='bbox 1763 4443 1902 4510; x_wconf 79' lang='lat' dir='ltr'>prophetae</span> <span class='ocrx_word' id='word_1_488' title='bbox 1915 4442 1940 4492; x_wconf 78' lang='lat' dir='ltr'><strong><em>A</em></strong></span> 
     </span>
     <span class='ocr_line' id='line_1_40' title="bbox 285 4518 1940 4597; baseline 0.002 -20"><span class='ocrx_word' id='word_1_489' title='bbox 285 4522 318 4577; x_wconf 81' lang='lat'>18</span> <span class='ocrx_word' id='word_1_490' title='bbox 334 4524 518 4577; x_wconf 81' lang='lat' dir='ltr'>abscindentur</span> <span class='ocrx_word' id='word_1_491' title='bbox 534 4520 592 4574; x_wconf 72' lang='lat'>0¹1»</span> <span class='ocrx_word' id='word_1_492' title='bbox 669 4518 787 4589; x_wconf 82' lang='lat' dir='ltr'>speratis]</span> <span class='ocrx_word' id='word_1_493' title='bbox 806 4522 959 4588; x_wconf 84' lang='lat' dir='ltr'>prosperatis</span> <span class='ocrx_word' id='word_1_494' title='bbox 971 4521 997 4572; x_wconf 98' lang='grc' dir='ltr'><strong><em>Β</em></strong></span> <span class='ocrx_word' id='word_1_495' title='bbox 1118 4522 1152 4576; x_wconf 83' lang='grc'>19</span> <span class='ocrx_word' id='word_1_496' title='bbox 1168 4525 1277 4592; x_wconf 79' lang='lat' dir='ltr'>lagoena</span> <span class='ocrx_word' id='word_1_497' title='bbox 1288 4525 1320 4588; x_wconf 85' lang='lat' dir='ltr'>R,</span> <span class='ocrx_word' id='word_1_498' title='bbox 1340 4525 1451 4594; x_wconf 87' lang='lat' dir='ltr'>laguena</span> <span class='ocrx_word' id='word_1_499' title='bbox 1466 4526 1521 4591; x_wconf 67' lang='grc' dir='ltr'>ΡΛ,</span> <span class='ocrx_word' id='word_1_500' title='bbox 1539 4527 1646 4594; x_wconf 76' lang='lat' dir='ltr'>laguine</span> <span class='ocrx_word' id='word_1_501' title='bbox 1656 4526 1682 4578; x_wconf 89' lang='lat' dir='ltr'><em>B</em></span> <span class='ocrx_word' id='word_1_502' title='bbox 1756 4527 1940 4597; x_wconf 72' lang='lat' dir='ltr'>proposuca</span> 
     </span>
     <span class='ocr_line' id='line_1_41' title="bbox 283 4607 1941 4681; baseline 0.002 -17"><span class='ocrx_word' id='word_1_503' title='bbox 283 4609 319 4665; x_wconf 77' lang='grc'>20</span> <span class='ocrx_word' id='word_1_504' title='bbox 335 4612 471 4663; x_wconf 89' lang='lat' dir='ltr'>inclinauit</span> <span class='ocrx_word' id='word_1_505' title='bbox 482 4609 533 4660; x_wconf 85' lang='lat' dir='ltr'>BR</span> <span class='ocrx_word' id='word_1_506' title='bbox 607 4618 707 4661; x_wconf 86' lang='lat' dir='ltr'>corruet</span> <span class='ocrx_word' id='word_1_507' title='bbox 722 4608 751 4671; x_wconf 90' lang='lat' dir='ltr'>V,</span> <span class='ocrx_word' id='word_1_508' title='bbox 769 4610 870 4660; x_wconf 89' lang='lat' dir='ltr'>conruit</span> <span class='ocrx_word' id='word_1_509' title='bbox 882 4607 908 4658; x_wconf 87' lang='lat' dir='ltr'><em>B</em></span> <span class='ocrx_word' id='word_1_510' title='bbox 1026 4607 1061 4660; x_wconf 72' lang='lat'>22</span> <span class='ocrx_word' id='word_1_511' title='bbox 1079 4610 1202 4678; x_wconf 83' lang='lat' dir='ltr'>suffugia]</span> <span class='ocrx_word' id='word_1_512' title='bbox 1221 4613 1343 4680; x_wconf 81' lang='lat' dir='ltr'>suffragia</span> <span class='ocrx_word' id='word_1_513' title='bbox 1357 4611 1441 4664; x_wconf 78' lang='lat' dir='ltr'>OPbS</span> <span class='ocrx_word' id='word_1_514' title='bbox 1560 4610 1594 4664; x_wconf 77' lang='lat'>23</span> <span class='ocrx_word' id='word_1_515' title='bbox 1612 4615 1807 4681; x_wconf 68' lang='lat' dir='ltr'>cambagimnse</span> <span class='ocrx_word' id='word_1_516' title='bbox 1822 4614 1852 4679; x_wconf 84' lang='lat' dir='ltr'>V,</span> <span class='ocrx_word' id='word_1_517' title='bbox 1868 4616 1941 4667; x_wconf 73' lang='lat' dir='ltr'>cbar-</span> 
     </span>
     <span class='ocr_line' id='line_1_42' title="bbox 283 4692 1940 4764; baseline 0.003 -16"><span class='ocrx_word' id='word_1_518' title='bbox 283 4697 416 4764; x_wconf 79' lang='lat' dir='ltr'>tsginensc</span> <span class='ocrx_word' id='word_1_519' title='bbox 428 4695 479 4747; x_wconf 79' lang='lat' dir='ltr'>BL</span> <span class='ocrx_word' id='word_1_520' title='bbox 573 4692 608 4745; x_wconf 75' lang='lat'>24</span> <span class='ocrx_word' id='word_1_521' title='bbox 621 4703 681 4761; x_wconf 83' lang='lat' dir='ltr'>post</span> <span class='ocrx_word' id='word_1_522' title='bbox 698 4696 882 4746; x_wconf 89' lang='lat' dir='ltr'>submonemus</span> <span class='ocrx_word' id='word_1_523' title='bbox 898 4695 960 4746; x_wconf 80' lang='lat' dir='ltr'>odd.</span> <span class='ocrx_word' id='word_1_524' title='bbox 974 4693 1084 4747; x_wconf 60' lang='lat' dir='ltr'>Isidos:</span> <span class='ocrx_word' id='word_1_525' title='bbox 1101 4705 1126 4749; x_wconf 85' lang='lat' dir='ltr'>at</span> <span class='ocrx_word' id='word_1_526' title='bbox 1139 4698 1225 4750; x_wconf 86' lang='lat' dir='ltr'>nullus</span> <span class='ocrx_word' id='word_1_527' title='bbox 1236 4700 1412 4750; x_wconf 70' lang='lat' dir='ltr'>assumtiones</span> <span class='ocrx_word' id='word_1_528' title='bbox 1423 4717 1439 4749; x_wconf 91' lang='lat' dir='ltr'>a</span> <span class='ocrx_word' id='word_1_529' title='bbox 1451 4699 1579 4752; x_wconf 91' lang='lat' dir='ltr'>iudicibus</span> <span class='ocrx_word' id='word_1_530' title='bbox 1596 4701 1735 4753; x_wconf 85' lang='lat' dir='ltr'>audiantur</span> <span class='ocrx_word' id='word_1_531' title='bbox 1751 4701 1940 4762; x_wconf 79' lang='lat' dir='ltr'>ecclesiasticis,</span> 
     </span>
     <span class='ocr_line' id='line_1_43' title="bbox 286 4779 1942 4854; baseline 0.003 -19"><span class='ocrx_word' id='word_1_532' title='bbox 286 4801 353 4851; x_wconf 81' lang='lat' dir='ltr'>quae</span> <span class='ocrx_word' id='word_1_533' title='bbox 370 4783 472 4850; x_wconf 74' lang='lat' dir='ltr'>legibus</span> <span class='ocrx_word' id='word_1_534' title='bbox 488 4782 585 4833; x_wconf 85' lang='lat' dir='ltr'>sacculi</span> <span class='ocrx_word' id='word_1_535' title='bbox 603 4781 771 4848; x_wconf 89' lang='lat' dir='ltr'>probibentur</span> <span class='ocrx_word' id='word_1_536' title='bbox 791 4781 828 4845; x_wconf 85' lang='lat' dir='ltr'>(at</span> <span class='ocrx_word' id='word_1_537' title='bbox 845 4781 872 4831; x_wconf 81' lang='lat' dir='ltr'>ia</span> <span class='ocrx_word' id='word_1_538' title='bbox 886 4779 978 4832; x_wconf 77' lang='lat' dir='ltr'>Eruet.</span> <span class='ocrx_word' id='word_1_539' title='bbox 991 4797 1031 4847; x_wconf 79' lang='lat' dir='ltr'>ep.</span> <span class='ocrx_word' id='word_1_540' title='bbox 1044 4781 1095 4846; x_wconf 81' lang='lat' dir='ltr'>cit.)</span> <span class='ocrx_word' id='word_1_541' title='bbox 1193 4781 1229 4836; x_wconf 80' lang='grc'>25</span> <span class='ocrx_word' id='word_1_542' title='bbox 1246 4781 1332 4850; x_wconf 89' lang='lat' dir='ltr'>cuins]</span> <span class='ocrx_word' id='word_1_543' title='bbox 1350 4800 1382 4835; x_wconf 92' lang='lat' dir='ltr'>cu</span> <span class='ocrx_word' id='word_1_544' title='bbox 1396 4785 1423 4835; x_wconf 83' lang='lat' dir='ltr'>ia</span> <span class='ocrx_word' id='word_1_545' title='bbox 1435 4785 1471 4836; x_wconf 78' lang='lat' dir='ltr'>tt.</span> <span class='ocrx_word' id='word_1_546' title='bbox 1483 4784 1516 4849; x_wconf 86' lang='lat' dir='ltr'>B,</span> <span class='ocrx_word' id='word_1_547' title='bbox 1534 4786 1585 4838; x_wconf 80' lang='lat' dir='ltr'>del.</span> <span class='ocrx_word' id='word_1_548' title='bbox 1597 4795 1620 4837; x_wconf 81' lang='lat' dir='ltr'>st</span> <span class='ocrx_word' id='word_1_549' title='bbox 1636 4787 1727 4838; x_wconf 70' lang='grc' dir='ltr'>ι’ωνιιιιι</span> <span class='ocrx_word' id='word_1_550' title='bbox 1745 4805 1802 4854; x_wconf 82' lang='lat' dir='ltr'>rap.</span> <span class='ocrx_word' id='word_1_551' title='bbox 1814 4804 1864 4840; x_wconf 79' lang='lat' dir='ltr'>scr.</span> <span class='ocrx_word' id='word_1_552' title='bbox 1876 4791 1942 4840; x_wconf 51' lang='lat' dir='ltr'>md</span> 
     </span>
     <span class='ocr_line' id='line_1_44' title="bbox 285 4864 1938 4941; baseline 0.003 -20"><span class='ocrx_word' id='word_1_553' title='bbox 285 4869 422 4924; x_wconf 81' lang='lat' dir='ltr'>ineruntb</span> <span class='ocrx_word' id='word_1_554' title='bbox 530 4865 565 4918; x_wconf 80' lang='grc'>26</span> <span class='ocrx_word' id='word_1_555' title='bbox 582 4864 691 4935; x_wconf 84' lang='lat' dir='ltr'>scriptis]</span> <span class='ocrx_word' id='word_1_556' title='bbox 709 4867 819 4918; x_wconf 89' lang='lat' dir='ltr'>scribitis</span> <span class='ocrx_word' id='word_1_557' title='bbox 831 4866 856 4916; x_wconf 91' lang='lat' dir='ltr'><em>B</em></span> <span class='ocrx_word' id='word_1_558' title='bbox 965 4864 1001 4917; x_wconf 77' lang='lat'>27</span> <span class='ocrx_word' id='word_1_559' title='bbox 1020 4868 1188 4935; x_wconf 84' lang='lat' dir='ltr'>oblegaticnis</span> <span class='ocrx_word' id='word_1_560' title='bbox 1200 4869 1276 4920; x_wconf 90' lang='lat' dir='ltr'>BVL</span> <span class='ocrx_word' id='word_1_561' title='bbox 1282 4869 1352 4922; x_wconf 73' lang='lat' dir='ltr'>&#39;MS</span> <span class='ocrx_word' id='word_1_562' title='bbox 1454 4868 1488 4921; x_wconf 78' lang='grc'>29</span> <span class='ocrx_word' id='word_1_563' title='bbox 1506 4869 1611 4938; x_wconf 89' lang='lat' dir='ltr'>habere]</span> <span class='ocrx_word' id='word_1_564' title='bbox 1630 4873 1691 4926; x_wconf 87' lang='lat' dir='ltr'>hare</span> <span class='ocrx_word' id='word_1_565' title='bbox 1703 4870 1744 4924; x_wconf 78' lang='lat'>13¹</span> <span class='ocrx_word' id='word_1_566' title='bbox 1763 4872 1806 4937; x_wconf 84' lang='lat' dir='ltr'>(be</span> <span class='ocrx_word' id='word_1_567' title='bbox 1822 4891 1879 4941; x_wconf 80' lang='lat' dir='ltr'>sup.</span> <span class='ocrx_word' id='word_1_568' title='bbox 1892 4874 1938 4926; x_wconf 80' lang='lat' dir='ltr'>lia.</span> 
     </span>
     <span class='ocr_line' id='line_1_45' title="bbox 285 4950 1940 5027; baseline 0.001 -18"><span class='ocrx_word' id='word_1_569' title='bbox 285 4973 319 5009; x_wconf 83' lang='lat' dir='ltr'>m.</span> <span class='ocrx_word' id='word_1_570' title='bbox 334 4954 362 5023; x_wconf 65' lang='grc' dir='ltr'>Β)</span> <span class='ocrx_word' id='word_1_571' title='bbox 460 4950 495 5005; x_wconf 86' lang='grc'>30</span> <span class='ocrx_word' id='word_1_572' title='bbox 512 4950 643 5020; x_wconf 88' lang='lat' dir='ltr'>crucibus]</span> <span class='ocrx_word' id='word_1_573' title='bbox 656 4954 812 5005; x_wconf 86' lang='lat' dir='ltr'>cruciatibus</span> <span class='ocrx_word' id='word_1_574' title='bbox 825 4952 912 5005; x_wconf 78' lang='lat' dir='ltr'>Setos</span> <span class='ocrx_word' id='word_1_575' title='bbox 923 4953 951 5003; x_wconf 82' lang='lat' dir='ltr'>ia</span> <span class='ocrx_word' id='word_1_576' title='bbox 963 4969 1013 5019; x_wconf 70' lang='lat' dir='ltr'>my.</span> <span class='ocrx_word' id='word_1_577' title='bbox 1025 4961 1049 5005; x_wconf 83' lang='lat' dir='ltr'>et</span> <span class='ocrx_word' id='word_1_578' title='bbox 1059 4953 1139 5007; x_wconf 79' lang='lat' dir='ltr'>Siron.</span> <span class='ocrx_word' id='word_1_579' title='bbox 1200 4958 1316 5024; x_wconf 86' lang='lat' dir='ltr'>exigerat</span> <span class='ocrx_word' id='word_1_580' title='bbox 1328 4956 1353 5007; x_wconf 90' lang='lat' dir='ltr'><em>B</em></span> <span class='ocrx_word' id='word_1_581' title='bbox 1450 4953 1484 5008; x_wconf 83' lang='grc'>33</span> <span class='ocrx_word' id='word_1_582' title='bbox 1502 4955 1577 5025; x_wconf 86' lang='lat' dir='ltr'>quos]</span> <span class='ocrx_word' id='word_1_583' title='bbox 1590 4960 1635 5026; x_wconf 93' lang='lat' dir='ltr'>qui</span> <span class='ocrx_word' id='word_1_584' title='bbox 1651 4957 1690 5008; x_wconf 74' lang='lat' dir='ltr'>V!</span> <span class='ocrx_word' id='word_1_585' title='bbox 1751 4956 1818 5027; x_wconf 81' lang='lat' dir='ltr'>post]</span> <span class='ocrx_word' id='word_1_586' title='bbox 1832 4976 1877 5027; x_wconf 89' lang='lat' dir='ltr'>pro</span> <span class='ocrx_word' id='word_1_587' title='bbox 1888 4958 1940 5011; x_wconf 75' lang='lat' dir='ltr'>AB</span> 
     </span>
     <span class='ocr_line' id='line_1_46' title="bbox 285 5036 1094 5107; baseline -0.006 -12"><span class='ocrx_word' id='word_1_588' title='bbox 285 5042 427 5096; x_wconf 86' lang='lat' dir='ltr'>abiectione</span> <span class='ocrx_word' id='word_1_589' title='bbox 438 5039 516 5091; x_wconf 84' lang='lat' dir='ltr'>BAB</span> <span class='ocrx_word' id='word_1_590' title='bbox 619 5036 653 5091; x_wconf 82' lang='lat'>34</span> <span class='ocrx_word' id='word_1_591' title='bbox 670 5040 824 5107; x_wconf 87' lang='lat' dir='ltr'>dispicemus</span> <span class='ocrx_word' id='word_1_592' title='bbox 836 5039 862 5090; x_wconf 88' lang='lat' dir='ltr'><em>B</em></span> <span class='ocrx_word' id='word_1_593' title='bbox 930 5039 1056 5092; x_wconf 86' lang='lat' dir='ltr'>scribtum</span> <span class='ocrx_word' id='word_1_594' title='bbox 1069 5039 1094 5090; x_wconf 91' lang='lat' dir='ltr'><em>B</em></span> 
     </span>
    </p>
   </div>
   <div class='ocr_carea' id='block_1_9' title="bbox 528 5163 1934 5179">
    <p class='ocr_par' dir='ltr' id='par_1_16' title="bbox 528 5163 1934 5179">
     <span class='ocr_line' id='line_1_47' title="bbox 528 5163 1934 5179; baseline 0.009 -13"><span class='ocrx_word' id='word_1_595' title='bbox 528 5164 546 5171; x_wconf 77' lang='grc'>,,</span> <span class='ocrx_word' id='word_1_596' title='bbox 559 5163 1353 5173; x_wconf 73' lang='grc'>,,-.--..-..-.-.-..-..--.</span> <span class='ocrx_word' id='word_1_597' title='bbox 1365 5167 1543 5175; x_wconf 72' lang='grc'>..--..-.</span> <span class='ocrx_word' id='word_1_598' title='bbox 1756 5171 1861 5177; x_wconf 84' lang='lat'><em>-.--——</em></span> <span class='ocrx_word' id='word_1_599' title='bbox 1894 5171 1934 5179; x_wconf 81' lang='lat'>-—-</span> 
     </span>
    </p>
   </div>
   <div class='ocr_carea' id='block_1_10' title="bbox 286 5261 1942 5679">
    <p class='ocr_par' dir='ltr' id='par_1_17' title="bbox 286 5261 1942 5679">
     <span class='ocr_line' id='line_1_48' title="bbox 387 5261 1940 5335; baseline 0.005 -18"><span class='ocrx_word' id='word_1_600' title='bbox 387 5263 424 5317; x_wconf 72' lang='lat'>23</span> <span class='ocrx_word' id='word_1_601' title='bbox 440 5261 509 5316; x_wconf 66' lang='lat' dir='ltr'>aaa</span> <span class='ocrx_word' id='word_1_602' title='bbox 528 5275 586 5331; x_wconf 77' lang='lat' dir='ltr'>syo.</span> <span class='ocrx_word' id='word_1_603' title='bbox 600 5276 622 5314; x_wconf 85' lang='lat' dir='ltr'>c.</span> <span class='ocrx_word' id='word_1_604' title='bbox 634 5269 663 5315; x_wconf 80' lang='lat'>5:</span> <span class='ocrx_word' id='word_1_605' title='bbox 693 5261 771 5316; x_wconf 90' lang='lat' dir='ltr'>alind</span> <span class='ocrx_word' id='word_1_606' title='bbox 790 5261 861 5332; x_wconf 88' lang='lat' dir='ltr'>[erat</span> <span class='ocrx_word' id='word_1_607' title='bbox 879 5263 908 5317; x_wconf 92' lang='lat' dir='ltr'>in</span> <span class='ocrx_word' id='word_1_608' title='bbox 927 5262 1023 5318; x_wconf 89' lang='lat' dir='ltr'>libello</span> <span class='ocrx_word' id='word_1_609' title='bbox 1041 5263 1256 5332; x_wconf 60' lang='lat' dir='ltr'>crematorum,</span> <span class='ocrx_word' id='word_1_610' title='bbox 1281 5262 1356 5332; x_wconf 90' lang='lat' dir='ltr'>qnod</span> <span class='ocrx_word' id='word_1_611' title='bbox 1374 5280 1425 5334; x_wconf 90' lang='lat' dir='ltr'>per</span> <span class='ocrx_word' id='word_1_612' title='bbox 1441 5280 1534 5320; x_wconf 88' lang='lat' dir='ltr'>servos</span> <span class='ocrx_word' id='word_1_613' title='bbox 1552 5265 1587 5320; x_wconf 91' lang='lat' dir='ltr'>de</span> <span class='ocrx_word' id='word_1_614' title='bbox 1605 5265 1660 5331; x_wconf 88' lang='lat' dir='ltr'>bis,</span> <span class='ocrx_word' id='word_1_615' title='bbox 1678 5284 1751 5335; x_wconf 88' lang='lat' dir='ltr'>quae</span> <span class='ocrx_word' id='word_1_616' title='bbox 1769 5266 1940 5334; x_wconf 88' lang='lat' dir='ltr'>obiciebant,</span> 
     </span>
     <span class='ocr_line' id='line_1_49' title="bbox 286 5347 1940 5422; baseline 0.005 -20"><span class='ocrx_word' id='word_1_617' title='bbox 286 5364 315 5402; x_wconf 88' lang='lat' dir='ltr'>ae</span> <span class='ocrx_word' id='word_1_618' title='bbox 333 5364 396 5402; x_wconf 92' lang='lat' dir='ltr'>eum</span> <span class='ocrx_word' id='word_1_619' title='bbox 415 5347 604 5417; x_wconf 84' lang='lat' dir='ltr'>loquebantur</span> <span class='ocrx_word' id='word_1_620' title='bbox 621 5363 701 5416; x_wconf 86' lang='lat' dir='ltr'>posse</span> <span class='ocrx_word' id='word_1_621' title='bbox 719 5349 882 5404; x_wconf 84' lang='lat' dir='ltr'>convincere</span> <span class='ocrx_word' id='word_1_622' title='bbox 900 5349 1043 5417; x_wconf 85' lang='lat' dir='ltr'>addentes,</span> <span class='ocrx_word' id='word_1_623' title='bbox 1061 5351 1095 5402; x_wconf 89' lang='lat' dir='ltr'>ut</span> <span class='ocrx_word' id='word_1_624' title='bbox 1112 5349 1171 5418; x_wconf 88' lang='lat' dir='ltr'>ipse</span> <span class='ocrx_word' id='word_1_625' title='bbox 1189 5348 1331 5420; x_wconf 90' lang='lat' dir='ltr'>mancipia</span> <span class='ocrx_word' id='word_1_626' title='bbox 1348 5349 1481 5415; x_wconf 88' lang='lat' dir='ltr'>traderet,</span> <span class='ocrx_word' id='word_1_627' title='bbox 1499 5352 1609 5421; x_wconf 89' lang='lat' dir='ltr'>quibus,</span> <span class='ocrx_word' id='word_1_628' title='bbox 1627 5358 1766 5422; x_wconf 87' lang='lat' dir='ltr'>quantum</span> <span class='ocrx_word' id='word_1_629' title='bbox 1780 5354 1823 5409; x_wconf 91' lang='lat' dir='ltr'>illi</span> <span class='ocrx_word' id='word_1_630' title='bbox 1835 5371 1940 5410; x_wconf 85' lang='lat' dir='ltr'>assere·</span> 
     </span>
     <span class='ocr_line' id='line_1_50' title="bbox 287 5431 1940 5511; baseline 0.007 -25"><span class='ocrx_word' id='word_1_631' title='bbox 287 5432 368 5496; x_wconf 87' lang='lat' dir='ltr'>bant,</span> <span class='ocrx_word' id='word_1_632' title='bbox 391 5437 485 5504; x_wconf 68' lang='lat' dir='ltr'>maaet</span> <span class='ocrx_word' id='word_1_633' title='bbox 508 5433 538 5488; x_wconf 95' lang='lat' dir='ltr'>in</span> <span class='ocrx_word' id='word_1_634' title='bbox 559 5431 732 5488; x_wconf 89' lang='lat' dir='ltr'>iudicatione</span> <span class='ocrx_word' id='word_1_635' title='bbox 749 5435 882 5504; x_wconf 87' lang='lat' dir='ltr'>superari.</span> <span class='ocrx_word' id='word_1_636' title='bbox 918 5451 991 5504; x_wconf 89' lang='lat' dir='ltr'>quae</span> <span class='ocrx_word' id='word_1_637' title='bbox 1008 5451 1052 5489; x_wconf 92' lang='lat' dir='ltr'>res</span> <span class='ocrx_word' id='word_1_638' title='bbox 1069 5435 1222 5489; x_wconf 89' lang='lat' dir='ltr'>canonibus</span> <span class='ocrx_word' id='word_1_639' title='bbox 1241 5435 1354 5506; x_wconf 87' lang='lat' dir='ltr'>stipsis</span> <span class='ocrx_word' id='word_1_640' title='bbox 1373 5437 1493 5508; x_wconf 89' lang='lat' dir='ltr'>publicis</span> <span class='ocrx_word' id='word_1_641' title='bbox 1512 5442 1573 5494; x_wconf 90' lang='lat' dir='ltr'>erat</span> <span class='ocrx_word' id='word_1_642' title='bbox 1590 5440 1701 5511; x_wconf 87' lang='lat' dir='ltr'>legibus</span> <span class='ocrx_word' id='word_1_643' title='bbox 1723 5440 1850 5505; x_wconf 88' lang='lat' dir='ltr'>inimica,</span> <span class='ocrx_word' id='word_1_644' title='bbox 1876 5459 1940 5497; x_wconf 90' lang='lat' dir='ltr'>cum</span> 
     </span>
     <span class='ocr_line' id='line_1_51' title="bbox 287 5519 1942 5597; baseline 0.005 -22"><span class='ocrx_word' id='word_1_645' title='bbox 287 5522 399 5590; x_wconf 84' lang='lat' dir='ltr'>patrum</span> <span class='ocrx_word' id='word_1_646' title='bbox 411 5523 519 5577; x_wconf 62' lang='lat' dir='ltr'>statim</span> <span class='ocrx_word' id='word_1_647' title='bbox 531 5519 696 5585; x_wconf 83' lang='lat' dir='ltr'>sanxissent,</span> <span class='ocrx_word' id='word_1_648' title='bbox 714 5524 747 5577; x_wconf 89' lang='lat' dir='ltr'>ut</span> <span class='ocrx_word' id='word_1_649' title='bbox 758 5539 828 5592; x_wconf 90' lang='lat' dir='ltr'>quos</span> <span class='ocrx_word' id='word_1_650' title='bbox 840 5522 877 5577; x_wconf 86' lang='lat' dir='ltr'>ad</span> <span class='ocrx_word' id='word_1_651' title='bbox 888 5521 1093 5578; x_wconf 85' lang='lat' dir='ltr'>accusationem</span> <span class='ocrx_word' id='word_1_652' title='bbox 1106 5521 1181 5592; x_wconf 87' lang='lat' dir='ltr'>leges</span> <span class='ocrx_word' id='word_1_653' title='bbox 1193 5522 1296 5578; x_wconf 87' lang='lat' dir='ltr'>saeculi</span> <span class='ocrx_word' id='word_1_654' title='bbox 1309 5540 1365 5578; x_wconf 92' lang='lat' dir='ltr'>non</span> <span class='ocrx_word' id='word_1_655' title='bbox 1378 5523 1542 5589; x_wconf 87' lang='lat' dir='ltr'>admittunt,</span> <span class='ocrx_word' id='word_1_656' title='bbox 1561 5526 1596 5580; x_wconf 87' lang='lat' dir='ltr'>iis</span> <span class='ocrx_word' id='word_1_657' title='bbox 1608 5526 1721 5582; x_wconf 89' lang='lat' dir='ltr'>dicendi</span> <span class='ocrx_word' id='word_1_658' title='bbox 1734 5526 1764 5581; x_wconf 89' lang='lat' dir='ltr'>in</span> <span class='ocrx_word' id='word_1_659' title='bbox 1777 5527 1942 5597; x_wconf 86' lang='lat' dir='ltr'>cognitione</span> 
     </span>
     <span class='ocr_line' id='line_1_52' title="bbox 288 5605 1030 5679; baseline 0.001 -20"><span class='ocrx_word' id='word_1_660' title='bbox 288 5605 331 5659; x_wconf 88' lang='lat' dir='ltr'>vel</span> <span class='ocrx_word' id='word_1_661' title='bbox 350 5606 521 5676; x_wconf 79' lang='lat' dir='ltr'>adsequendi</span> <span class='ocrx_word' id='word_1_662' title='bbox 540 5606 648 5675; x_wconf 89' lang='lat' dir='ltr'>aliquid</span> <span class='ocrx_word' id='word_1_663' title='bbox 667 5611 797 5679; x_wconf 86' lang='lat' dir='ltr'>neganda</span> <span class='ocrx_word' id='word_1_664' title='bbox 815 5611 887 5664; x_wconf 86' lang='lat' dir='ltr'>esset</span> <span class='ocrx_word' id='word_1_665' title='bbox 907 5605 1030 5661; x_wconf 85' lang='lat' dir='ltr'>licentis.</span> 
     </span>
    </p>
   </div>
   <div class='ocr_carea' id='block_1_11' title="bbox 0 0 2268 6228">
    <p class='ocr_par' dir='ltr' id='par_1_18' title="bbox 0 0 2268 6228">
     <span class='ocr_line' id='line_1_53' title="bbox 0 0 2268 6228; baseline 0 0"><span class='ocrx_word' id='word_1_666' title='bbox 0 0 2268 6228; x_wconf 95' lang='lat' dir='ltr'> </span> 
     </span>
    </p>
   </div>
  </div>
 </body>
</html>
