4500 6232
307 267 365 325 114
982 256 1106 310 irxxxv
1127 261 1230 323 vivier.
1249 266 1285 331 a).

305 456 501 521 camporum,
527 433 674 496 iuvenies
700 432 765 494 illie
789 430 994 495 Deuterium.
1027 433 1081 517 qui
1104 434 1253 501 ubertate
1277 436 1462 521 linguarum
1486 432 1633 517 germina
1655 433 1714 496 tibi
1737 433 1960 519 multiplicatis

305 538 484 603 seminibus
515 545 547 601 et
579 536 732 599 sudorem
767 542 992 599 remuneretur
1028 537 1209 621 inpensum.
1255 539 1343 604 disce
1380 541 1443 602 iam
1475 559 1561 601 nunc
1594 537 1768 601 verborum
1797 536 1959 601 luxuriem

306 643 384 705 artis
409 641 491 705 falce
516 652 678 706 truncare.
707 646 743 702 ut
766 638 912 702 novellus
936 660 1053 724 cespes
1083 642 1143 704 sub
1172 643 1249 706 ferri
1277 642 1448 727 disciplina
1476 639 1631 726 proficiat.
1677 645 1847 704 resecetur
1868 640 1958 725 quic·

306 745 382 830 quid
407 743 582 808 infecunda
605 743 773 827 palmitum
798 741 914 805 umbra
938 743 1172 811 transmiserit:
1196 745 1236 808 ad
1262 746 1364 810 solam
1385 765 1519 808 uvarum
1544 764 1635 828 spem
1656 743 1740 807 vites
1756 748 1834 806 tuae
1851 764 1960 807 ramos

258 848 499 913 ltextcndant.
544 847 619 910 talis
642 845 683 908 ad
706 846 838 930 genium
863 853 953 909 tuum
978 845 1093 910 redeas
1127 869 1263 913 necesse
1295 862 1355 921 est,
1387 848 1461 911 talis
1484 845 1524 910 ad
1549 852 1626 910 vota
1648 854 1761 910 nostra
1783 846 1960 932 respicias:
2022 866 2030 893 ··

308 959 341 1015 et
364 973 437 1015 curn
461 961 493 1015 te
516 949 658 1034 gravidis
684 949 840 1013 scientiae
857 949 972 1012 culmis
990 952 1166 1023 ornaveris,
1191 959 1268 1015 tunc
1284 958 1317 1016 te
1334 951 1489 1036 Magnum
1505 949 1567 1013 dici
1585 950 1760 1023 conveniet
1777 950 1961 1014 Aratorem.

308 1055 461 1139 quocirca
484 1075 561 1137 spes
585 1054 616 1115 in
640 1059 672 1116 tc
696 1050 832 1136 praemii
854 1053 977 1115 nutriat
999 1052 1104 1116 laudis
1128 1054 1288 1119 ardorem.
1332 1055 1395 1141 legi
1420 1054 1583 1138 quianon
1607 1059 1659 1117 est
1681 1051 1833 1117 fortunae
1857 1053 1962 1119 lusus.

308 1158 334 1220 si
366 1156 495 1242 quando
529 1157 613 1219 inter
641 1155 832 1232 feculentos,
866 1176 1003 1239 quorum
1032 1177 1093 1240 ego
1123 1157 1247 1242 primus
1279 1179 1360 1223 sum.
1396 1158 1607 1243 inperitorum
1635 1176 1754 1239 greges
1784 1155 1962 1241 profecerit

258 1262 293 1323 13
307 1261 481 1325 litteratus.
529 1282 590 1322 non
615 1266 742 1322 metuas
767 1262 965 1344 pressuram.
997 1281 1061 1344 qua
1084 1267 1262 1344 gravantur
1292 1262 1455 1324 instructi:
1491 1261 1564 1345 plus
1591 1258 1698 1323 laudis
1726 1258 1828 1323 babet
1850 1258 1961 1322 iacens

153 1363 425 1468 bigqqegeperitia
448 1385 544 1448 quani
570 1363 710 1425 eulmina
736 1362 958 1427 rusticantum.
1004 1364 1101 1447 erigit
1123 1363 1237 1427 vioctos
1262 1364 1462 1428 conscicntia
1486 1385 1554 1442 sua,
1578 1369 1612 1427 et
1633 1363 1660 1426 si
1680 1362 1810 1447 quando
1828 1363 1961 1426 incertis
2023 1386 2035 1409 ¹·

309 1477 489 1554 temporum
520 1467 651 1530 flatibus
681 1471 897 1550 opponuntur.
918 1467 1093 1555 ssustinent
1122 1469 1217 1546 mala,
1247 1489 1330 1552 quac
1354 1468 1495 1532 saeculis
1519 1467 1623 1552 magis
1648 1474 1723 1531 sunt
1743 1465 1962 1531 adscribenda

308 1592 404 1656 quam
427 1571 563 1635 meritis.

259 1682 294 1740 ll
416 1674 684 1739 Prosecutiunem
715 1695 831 1738 meam.
863 1694 958 1757 quam
990 1694 1066 1737 vere
1090 1675 1242 1737 rusticam
1267 1675 1300 1736 in
1324 1673 1473 1737 Aratoris
1497 1670 1769 1759 conmendatione
1794 1674 1962 1737 contexui.
2030 1751 2032 1754 Α

306 1778 394 1842 felici
419 1785 545 1840 tantum
568 1776 682 1840 dicunt
705 1777 804 1861 aliqui
828 1798 988 1861 personae
1014 1777 1203 1850 blanditam,
1237 1777 1287 1840 cui
1316 1778 1461 1840 favorem
1490 1775 1530 1841 dc
1561 1777 1664 1862 patris
1696 1783 1861 1862 potestate
1884 1797 1962 1840 con-

308 1881 396 1944 ciliet
419 1880 629 1944 dilectionem
653 1881 791 1944 mentita
821 1881 1011 1949 necessitas.
1043 1882 1074 1944 in
1099 1882 1191 1944 cuius
1220 1880 1325 1945 laudis
1352 1881 1531 1944 ministeriu
1561 1881 1642 1944 vivis
1672 1886 1705 1945 et
1731 1880 1964 1966 praesentibus

307 1992 433 2048 tantum
459 1984 605 2047 servieus
630 1983 842 2068 temporalem
872 1983 1028 2047 exhibeat
1056 1984 1167 2068 lingua
1195 1984 1403 2051 famulatum.
1434 2004 1518 2067 quae
1547 1984 1697 2067 quotiens
1725 1984 1759 2047 iu
1782 1983 1965 2068 aliquorum

309 2088 481 2172 praeconio
503 2086 620 2150 fucatis
642 2088 815 2150 verborum
843 2087 1040 2171 imaginibus
1056 2087 1149 2156 ludit.
1173 2088 1296 2151 fortiori
1313 2086 1418 2150 studio
1437 2093 1630 2172 conceptum
1648 2086 1767 2150 mentis
1783 2084 1965 2150 abscondit.

262 2197 297 2256 15
311 2212 375 2253 non
395 2210 557 2274 nunquam
583 2190 668 2253 onim
693 2188 797 2254 doctis
821 2188 936 2254 tribuit
959 2191 1053 2254 stilus
1069 2189 1311 2276 profundiorem
1329 2190 1561 2274 cogitationum
1579 2189 1746 2255 latebram.
1770 2190 1797 2254 si
1814 2188 1967 2253 dulcibus

310 2315 407 2358 aures
441 2315 506 2357 non
536 2294 621 2358 bene
654 2302 837 2357 merentum
870 2294 1023 2359 feurentis
1056 2295 1219 2358 inlexerit.
1265 2293 1322 2358 sed
1354 2300 1602 2378 sequestrentur
1622 2314 1643 2357 a
1664 2298 1775 2357 nostro
1805 2293 1885 2356 talia
1916 2292 1965 2356 in-

312 2398 426 2461 stituta
453 2396 629 2482 proposito.
674 2417 735 2460 uos
759 2403 793 2461 et
816 2398 899 2460 scire
926 2398 1007 2462 haec
1038 2398 1192 2462 convenit
1222 2403 1255 2461 et
1283 2396 1400 2461 odisse.
1447 2397 1574 2461 cautius
1598 2397 1683 2461 eninr
1708 2418 1728 2460 a
1749 2396 1967 2481 prudentibus
2017 2416 2042 2448 ·.·

311 2508 388 2564 nota
412 2521 509 2585 quam
533 2499 700 2583 inopinata
723 2500 898 2584 fugiuntur.
946 2500 1023 2563 mihi
1047 2499 1088 2564 ad
1111 2499 1316 2564 laudationes
1340 2500 1518 2564 amicorum
1541 2500 1604 2563 nisi
1626 2520 1718 2562 amor
1739 2498 1842 2563 verba
1858 2505 1966 2563 trans-

312 2604 447 2684 miserit,
471 2623 554 2688 quae
578 2603 609 2665 in
634 2603 858 2688 penetralibus
881 2603 1099 2668 conscientiae
1123 2604 1259 2667 caritate
1283 2603 1439 2687 magistra
1461 2603 1637 2682 dictantur,
1664 2603 1749 2667 inter
1770 2603 1968 2667 relationum

264 2708 382 2776 lbvias
407 2708 467 2771 sub
491 2707 580 2770 fasce
605 2708 748 2792 suscepti
772 2708 881 2791 operis
903 2708 1080 2792 palpitabo.
1127 2727 1206 2791 ergo
1231 2706 1369 2770 classico
1393 2728 1477 2775 meo,
1502 2707 1552 2770 cui
1576 2706 1740 2791 proprium
1762 2706 1833 2771 sine
1851 2705 1969 2771 fraude

312 2811 444 2875 servivit
468 2810 646 2895 ingenium.
677 2811 802 2874 iudices
826 2810 923 2873 animi
949 2810 1012 2873 mci
1036 2810 1197 2875 dictiones
1221 2810 1325 2883 attuli,
1359 2810 1435 2895 quia
1463 2811 1533 2874 siue
1562 2808 1759 2874 adulationis
1782 2810 1969 2896 suspicione

313 2922 364 2978 est
394 2915 480 2978 inter
506 2915 663 2999 aequales
694 2914 836 2977 amicitia
864 2935 1036 2998 personas,
1068 2921 1102 2977 et
1131 2920 1208 2977 tunc
1240 2913 1304 2977 fida
1333 2913 1526 2997 diligentum
1561 2913 1730 2977 sinceritas
1755 2911 1969 2999 adprobatur.
2019 2926 2037 2963 ’Ξ-

313 3018 464 3101 quotiens
499 3040 562 3080 non
591 3017 680 3081 venit
708 3038 728 3079 a
758 3023 922 3103 potestate
954 3017 1039 3100 quod
1068 3025 1206 3081 metuas.
1259 3016 1336 3080 mihi
1373 3017 1531 3081 classicus
1565 3037 1630 3080 non
1661 3024 1806 3081 meretur
1833 3017 1970 3104 inperiis

264 3120 466 3204 liquicquid
490 3141 552 3184 non
578 3121 703 3205 inponit
726 3121 893 3205 obsequio.
939 3120 1047 3183 ferunt
1070 3125 1180 3184 tamen
1204 3120 1313 3204 aliqui.
1347 3120 1424 3183 orbo
1457 3120 1649 3204 parentibus
1679 3119 1768 3184 fideli
1797 3121 1970 3205 auspicato

314 3225 484 3308 gymnasia
520 3224 699 3288 litterarum
738 3244 910 3310 personam
948 3223 1136 3306 religiosam
1171 3223 1323 3287 debuisse
1357 3223 1461 3306 magis
1496 3223 1597 3286 verba
1629 3230 1806 3308 praestare.
1854 3223 1969 3287 orbum

314 3326 505 3412 parentibus
537 3326 615 3392 dixi.
646 3329 696 3391 cui
725 3348 784 3412 per
813 3327 921 3390 felicia
951 3333 1086 3390 naturae
1118 3327 1237 3390 damna
1266 3326 1444 3391 corrurrunis
1474 3334 1569 3411 pater
1597 3335 1631 3391 et
1659 3328 1833 3412 episcopus
1864 3328 1970 3391 factus

315 3439 365 3493 est
388 3430 547 3515 proprius.
593 3430 649 3495 illc
673 3430 867 3494 afflictorum
892 3429 1081 3495 consolatio.
1106 3431 1289 3493 ieiunorum
1314 3429 1416 3507 cibus,
1449 3450 1621 3493 caecorum
1645 3431 1770 3510 oculus,
1794 3451 1854 3514 pes
1878 3431 1969 3494 clau·
2022 3448 2048 3475 -·

314 3533 439 3601 dorum.
463 3540 510 3597 tot
527 3534 660 3619 pictatis
677 3555 756 3597 suae
775 3534 913 3618 species,
937 3540 985 3596 tot
1008 3533 1306 3597 misericordiarum
1324 3532 1444 3617 gradus
1461 3532 1502 3595 ad
1519 3532 1614 3597 huius
1631 3535 1791 3598 convertit
1806 3555 1971 3619 personae

267 3637 508 3722 laprofectum.
553 3645 587 3701 et
610 3638 690 3701 illud
714 3636 824 3700 domni
847 3637 1005 3699 Laurenti
1036 3636 1119 3721 quod
1149 3635 1260 3700 mundi
1285 3636 1537 3700 necessitatibus
1561 3637 1722 3701 succurrit
1744 3637 1913 3722 ingenium
1938 3637 1970 3701 in

315 3741 496 3804 ministerio
520 3739 615 3804 huius
641 3748 815 3805 exercetur
839 3740 1000 3804 infantuli.
1047 3740 1098 3802 cui
1123 3740 1197 3803 talis
1221 3761 1285 3802 non
1310 3741 1361 3813 sit,
1385 3747 1420 3803 ut
1441 3759 1519 3803 vera
1542 3739 1690 3815 dixerim,
1715 3740 1861 3824 gratiosa
1882 3740 1971 3805 cala-

316 3843 433 3906 mitas?
458 3864 554 3927 qucm
580 3864 642 3905 nou
667 3843 755 3907 iuvet
779 3843 927 3907 amisisse
952 3849 1089 3928 patrem,
1113 3842 1173 3906 sub
1197 3844 1327 3907 lucrosa
1348 3842 1601 3908 commutatione
1623 3844 1650 3908 si
1667 3842 1766 3907 talem
1783 3843 1973 3907 conceditur

315 3946 501 4010 invenisset
537 3946 617 4009 tanti
645 3946 705 4008 viri
736 3945 887 4029 insignia.
917 3966 1000 4030 quae
1029 3945 1166 4030 implere
1199 3964 1334 4029 nequeo,
1363 3967 1422 4030 per
1452 3947 1586 4031 profana
1614 3947 1715 4011 verba
1742 3967 1806 4010 non
1834 3952 1970 4011 temero.
2022 3957 2047 3991 ·‘*

268 4048 388 4133 lbipsc
413 4056 474 4127 cst,
507 4049 599 4112 cuius
624 4056 673 4111 cst
696 4048 799 4113 dulcis
822 4050 1001 4113 auctoritas
1030 4058 1087 4112 aut
1117 4048 1248 4113 horrida
1276 4048 1424 4124 dulcedo,
1456 4051 1511 4135 qui
1541 4050 1729 4135 magistrum
1757 4050 1788 4113 in
1820 4050 1972 4121 ccclesia,

317 4152 508 4235 magistrum
531 4153 563 4215 in
587 4151 694 4221 domo,
727 4153 917 4236 magistrum
940 4153 973 4215 in
997 4151 1155 4220 convivio,
1184 4153 1376 4237 magistrum
1408 4153 1511 4238 inplet
1539 4154 1570 4216 in
1599 4153 1691 4233 iocis,
1718 4152 1774 4237 qui
1795 4173 1971 4237 numquam

318 4255 396 4318 facit
418 4254 505 4339 quod
529 4263 705 4340 sequentes
734 4256 815 4319 nolit
841 4255 971 4326 imitari,
999 4256 1091 4319 cuius
1120 4254 1161 4318 ad
1191 4276 1334 4340 unguem
1364 4256 1468 4341 polita
1498 4257 1702 4321 conversatio
1732 4257 1876 4321 caeleste
1909 4256 1973 4321 iter

318 4358 495 4443 discipulis,
519 4358 594 4422 dum
617 4359 749 4437 incedit,
773 4358 928 4424 ostendit.
966 4360 1071 4422 minor
1094 4358 1180 4421 enim
1204 4359 1275 4422 laus
1300 4366 1352 4422 est
1374 4359 1493 4423 docere
1511 4359 1607 4439 bene,
1631 4360 1691 4422 nisi
1708 4380 1807 4446 opere
1824 4358 1973 4424 docenda

424 4614 433 4665 1
457 4617 631 4683 multiplicasti
649 4619 796 4670 simeuebus
809 4618 853 4669 Ba
946 4617 1146 4670 ‘linxeriemB
1246 4616 1263 4668 3
1281 4619 1400 4669 nobellus
1417 4619 1494 4685 cispis
1506 4617 1531 4667 Β
1630 4615 1647 4668 4
1665 4619 1748 4670 uitaes
1759 4618 1793 4683 Β,
1810 4620 1872 4671 uitis
1887 4617 1974 4670 rw

318 4720 335 4753 r
353 4704 608 4755 extundet.ueccssa
626 4703 683 4767 (orn.
702 4705 779 4755 talis.
795 4745 799 4754 .
815 4744 819 4755 .
834 4704 970 4769 redeas)B
1075 4703 1230 4770 ligrsrredis
1244 4704 1287 4753 Ba
1356 4705 1488 4756 ornaberis
1505 4703 1579 4754 VLT
1644 4706 1785 4757 uonucuist
1800 4704 1975 4772 (caup.nlB

317 4800 443 4843 aratorem
458 4789 462 4854 Ι
479 4791 529 4856 legi
542 4787 589 4852 13¹,
607 4791 727 4856 quocirca
746 4830 852 4841 ......
873 4792 987 4842 ardorem
1007 4792 1035 4841 in
1051 4808 1099 4855 inp.
1112 4790 1160 4855 inf.
1173 4791 1258 4855 suppl.
1272 4789 1317 4839 132
1437 4790 1454 4838 s
1472 4791 1605 4857 proliceret
1623 4790 1782 4843 litteratosB
1902 4788 1920 4839 9
1937 4791 1975 4842 in·

318 4878 432 4930 stsrusti
452 4877 632 4941 (cticernni.
648 4876 708 4933 llll
771 4878 828 4942 plus
841 4877 873 4939 Β,
890 4895 938 4927 ons.
956 4877 1007 4939 l'L,
1027 4878 1109 4943 magis
1126 4875 1289 4926 Tt'etSirm.
1396 4876 1429 4926 10
1447 4877 1527 4943 eriget
1541 4875 1669 4927 demtusB
1774 4874 1803 4926 11
1824 4876 1922 4928 asculi
1935 4876 1975 4927 131

321 4961 352 5014 13
370 4964 429 5015 inde
452 4965 484 5014 ab
506 4963 588 5014 uerbis
610 4964 812 5028 prosecutionem
916 4981 1008 5014 arveum
1030 4964 1153 5014 orationis
1175 4973 1278 5028 purtem
1296 4965 1419 5030 incipito
1441 4965 1556 5015 onirribm
1579 4964 1706 5015 codicibus
1724 4965 1814 5015 litteris
1830 4965 1977 5017 uncialibus

317 5050 477 5117 sipiriyicatur
608 5045 641 5099 16
658 5048 762 5099 exbibet
775 5049 854 5099 Siras.
986 5047 1016 5099 l'l
1036 5049 1188 5116 fugatisve
1320 5048 1353 5100 18
1370 5067 1565 5115 noruurmquam
1582 5050 1605 5097 V
1688 5050 1882 5116 profundiorum
1896 5050 1975 5103 Siras.

321 5134 353 5185 ra
371 5137 524 5186 merentium
537 5134 614 5185 Siras.
684 5142 878 5200 sequestrantur
896 5135 920 5183 V
921 5143 936 5171 ‘¹
1050 5134 1084 5186 ‘20
1101 5144 1194 5187 cautus
1208 5135 1234 5185 B
1345 5134 1380 5186 2‘2
1398 5136 1600 5202 penetrabilibus
1618 5134 1715 5186 codices
1827 5132 1975 5203 2301,st

318 5222 403 5273 orieris
416 5221 495 5272 Sirm.
591 5222 728 5288 palpetabo
741 5220 784 5271 Ba
926 5218 961 5271 24
979 5220 1118 5272 indeeesB
1256 5218 1291 5270 25
1308 5223 1425 5288 aequalis
1438 5222 1464 5272 B
1564 5222 1719 5288 adprobator
1730 5219 1765 5285 B,
1781 5222 1982 5290 approbatan

318 5304 352 5357 27
370 5307 511 5374 inponctB
615 5304 649 5357 28
666 5307 799 5373 gemuasia
815 5306 848 5369 B,
865 5307 992 5373 gimnasia
1008 5305 1033 5354 V
1093 5314 1222 5372 praestare
1235 5305 1268 5369 B,
1286 5317 1434 5373 presentare
1451 5309 1527 5360 ceteri
1629 5305 1664 5357 29
1681 5307 1761 5359 illicia
1774 5306 1800 5358 Β
1868 5306 1978 5373 iduum

319 5395 466 5457 conmunis3
491 5395 573 5446 onan
596 5402 680 5446 cetera
702 5396 789 5445 ontrria
801 5394 827 5445 Β
844 5396 931 5446 caenia
952 5395 1046 5446 relictis
1064 5402 1087 5444 el
1106 5394 1218 5445 arcadem
1231 5395 1347 5460 popinae
1366 5395 1424 5462 (fol.
1438 5398 1470 5446 81
1476 5394 1505 5460 a)
1524 5400 1645 5460 quautam
1663 5392 1776 5460 amplisu
1792 5392 1868 5447 3πώ
1883 5402 1909 5447 d
1924 5401 1979 5449 fef·

318 5480 417 5545 papiria
434 5497 527 5531 noem
538 5520 543 5531 .
553 5480 658 5531 Folium
672 5484 706 5531 82
724 5481 812 5546 incipit
828 5481 861 5531 ud
877 5480 987 5545 pamla
1004 5478 1116 5544 sequena
1133 5479 1170 5529 ad
1182 5478 1325 5531 Lucaniam
1343 5480 1407 5531 datu
1508 5476 1543 5531 33
1560 5479 1682 5532 laurentii
1694 5478 1756 5531 libri
1849 5476 1886 5551 34
1901 5480 1979 5541 ιώ·

319 5566 383 5619 sisae
399 5565 443 5616 Vh
513 5568 617 5619 lucruaa
633 5565 673 5616 Va
776 5562 1218 5629 tamaurTlo,inoiuirVLT1
