4500 6232
923 274 1077 331 cocnxlu
1096 278 1200 345 (ulcu.
1218 280 1273 347 ⁶21).
1865 286 1927 348 263

276 439 480 507 humanitate
503 442 700 529 degentibus
724 445 831 510 cibum
855 470 927 513 esse
949 470 1165 531 communem,
1189 459 1223 516 et
1245 451 1287 515 ab
1310 472 1375 515 uno
1396 453 1623 539 flagitatquod
1639 455 1798 520 nonlicet
1814 476 1925 540 quem-

276 564 372 627 quam
403 566 541 630 negare,
577 548 778 632 generaliter
805 551 954 635 allegans
985 551 1098 617 deberi
1128 552 1290 617 universis
1319 554 1474 640 quidquid
1505 562 1593 621 terra
1622 556 1824 642 produxerit.
1869 557 1927 624 sed
1944 557 1982 618 18

277 646 406 731 quando
428 649 460 712 iu
485 670 690 716 communem
713 673 807 717 usum
830 675 927 739 seges
950 654 1110 719 triticeam
1134 654 1284 719 subolem
1307 663 1340 720 ct
1361 657 1519 742 liquorem
1537 658 1647 722 vineta
1670 659 1851 725 fundebant
1867 682 1926 725 nec

277 752 393 816 viritim
429 753 528 817 tellus
556 762 628 819 erat
658 754 833 821 distributa
867 757 1061 839 cultoribus,
1096 757 1202 822 nullus
1237 758 1323 823 iuter
1356 758 1468 825 hostes
1503 762 1605 825 filium
1634 763 1681 825 sic
1714 763 1861 847 reliquit,
1895 772 1930 828 ut

211 898 215 907 ·
276 854 466 920 crederetur
487 857 629 942 gemitus
652 859 847 944 praetulisse
871 862 968 926 servi.
1014 862 1141 947 ignoro,
1174 861 1309 941 iudices,
1337 870 1510 949 postquam
1537 866 1676 951 elegerit
1697 867 1858 948 lacrimas,
1889 867 1930 934 de

276 959 454 1044 superstite
483 959 560 1045 quid
589 960 744 1046 requirat.
789 962 849 1031 sed
876 972 998 1029 metum
1028 964 1124 1030 nobis
1148 967 1231 1051 legis
1255 966 1402 1031 obiectat
1425 974 1470 1049 et,
1500 967 1587 1054 quod
1610 970 1695 1033 inter
1717 978 1873 1055 parentes
1896 977 1931 1035 et

275 1062 396 1128 liberos
430 1063 586 1150 scriptum
620 1070 687 1143 est,
723 1065 785 1130 sibi
820 1065 933 1132 deberi
961 1069 1030 1132 vult
1064 1067 1119 1153 qui
1149 1068 1229 1133 nihil
1265 1069 1417 1134 exhibuit
1447 1070 1488 1136 de
1524 1080 1671 1158 parente.
1723 1074 1926 1138 voluntatem

276 1173 430 1245 nostram,
459 1165 534 1230 dum
564 1168 720 1252 cogimur,
749 1171 877 1254 quaerit
900 1177 934 1234 et
956 1170 1122 1239 desideret
1145 1171 1205 1235 hoe
1229 1192 1288 1235 nos
1312 1172 1470 1238 exhibere
1493 1175 1619 1260 pietati,
1647 1176 1734 1261 quod
1758 1176 1828 1262 ipse
1851 1196 1926 1262 pro-

276 1271 384 1334 fessus
414 1276 465 1334 cat
488 1278 702 1336 excusantem
735 1293 800 1336 nou
830 1294 927 1358 posse
951 1294 1074 1358 negare
1097 1273 1273 1341 formidini.
1319 1277 1474 1361 numquid
1498 1278 1739 1343 misericordiae
1762 1281 1853 1344 locus
1876 1288 1928 1344 est
1943 1279 1981 1339 ru

276 1373 333 1438 ubi
360 1373 461 1437 instat
488 1374 680 1459 imperium?
724 1373 810 1459 quod
835 1397 897 1439 uon
920 1377 998 1443 licet
1020 1377 1184 1457 subtrahi,
1212 1398 1278 1443 nou
1301 1400 1472 1465 possumus
1495 1379 1605 1447 dicere
1630 1382 1827 1448 liberalitate
1851 1404 1926 1447 con-

274 1476 364 1541 ferri.
408 1474 583 1540 clementia
605 1477 667 1541 nisi
689 1478 834 1564 ingenua
857 1500 920 1543 non
943 1487 1095 1545 uocatur:
1125 1480 1283 1567 quidquid
1306 1504 1372 1547 nou
1395 1484 1473 1548 dare
1496 1486 1679 1570 praevales,
1703 1485 1929 1551 intermunus

276 1586 435 1665 conputa,
464 1579 492 1643 si
520 1578 652 1646 dedisti.
696 1586 730 1645 at
756 1581 911 1666 frequens
941 1582 1035 1647 nobis
1062 1591 1200 1648 naturae
1229 1583 1358 1650 iteratio
1388 1593 1423 1651 et
1450 1594 1597 1652 sanetum
1627 1589 1786 1653 creatoris
1809 1611 1929 1655 nomen

275 1682 418 1747 obsistit:
467 1681 560 1767 quasi
594 1704 694 1748 usura
728 1684 811 1748 lucis
845 1682 929 1748 dono
962 1693 1056 1770 parta
1089 1687 1278 1753 caelestium
1313 1690 1400 1755 iuter
1433 1691 1504 1771 illa,
1545 1713 1628 1777 quae
1662 1691 1704 1756 ab
1743 1691 1929 1757 hominibus

275 1785 472 1866 tribuuntur,
506 1785 614 1872 possit
646 1786 800 1853 adscribi.
847 1788 1055 1874 sacrilegium
1088 1797 1138 1855 est
1172 1813 1362 1877 superorum
1394 1793 1629 1880 indulgentiam
1661 1816 1773 1861 semen
1803 1795 1927 1860 dixisse

213 1928 218 1937 ·
278 1889 473 1954 mortalium.
519 1888 561 1954 de
584 1890 654 1954 sola
682 1889 781 1955 habet
804 1889 937 1955 libidine
961 1892 1182 1958 testimonium
1205 1902 1300 1983 pater
1322 1895 1475 1961 erudelis.
1522 1898 1628 1983 iungit
1650 1899 1749 1963 etiam
1773 1898 1928 1963 oneribus
1940 1901 1981 1963 20

275 1993 372 2073 meis,
406 1991 484 2057 dum
513 1994 656 2080 reposcit
687 1995 811 2060 solacia
840 1995 1002 2076 destituti,
1037 1996 1150 2062 dicens
1180 1998 1243 2063 sibi
1276 1999 1442 2063 civitatem
1475 2000 1623 2085 potuisse
1654 2021 1862 2081 succurrere,
1897 2002 1929 2065 ni

274 2094 444 2161 redissem.
489 2094 567 2180 quid
589 2096 678 2161 aliud
702 2098 852 2163 voluutas
875 2099 940 2163 ista
962 2099 1162 2182 manifestat,
1192 2101 1254 2166 nisi
1276 2109 1313 2165 ut
1336 2123 1448 2167 rursus
1472 2123 1524 2168 me
1547 2103 1655 2191 pirata
1679 2104 1856 2190 suscipiat?
1902 2105 1929 2168 si

275 2198 385 2285 gravis
412 2206 466 2264 est
494 2199 641 2286 inempta
667 2201 748 2265 visio
776 2202 879 2287 prolis
906 2208 998 2283 tuae,
1030 2208 1120 2268 corte
1144 2204 1197 2269 val
1226 2205 1312 2290 quod
1336 2206 1424 2270 soles
1448 2228 1569 2292 magno
1593 2229 1788 2293 conparare,
1820 2228 1928 2272 meum

277 2301 406 2367 bustum
430 2303 501 2368 siue
524 2302 632 2388 pretio
654 2303 853 2390 possidebis:
878 2311 970 2370 aetas
993 2304 1125 2391 quidem
1148 2306 1321 2393 pollicetur
1337 2307 1447 2388 vitam,
1471 2309 1529 2375 sod
1545 2316 1784 2376 tormentorum
1800 2311 1927 2395 magni-

275 2405 363 2482 tudo,
387 2426 485 2490 quam
507 2406 710 2473 acerbiorem
733 2414 766 2472 te
790 2407 939 2495 digresso
961 2409 1092 2494 pertuli,
1114 2410 1275 2496 promittit
1298 2413 1443 2477 exitium.

988 2596 1215 2665 EXEMPLA.

384 2732 512 2797 Deinde
535 2735 700 2819 protulisti
723 2735 876 2821 exempla
898 2743 1035 2822 paterno
1059 2735 1157 2821 digna
1180 2739 1360 2824 proposito:
1385 2738 1444 2802 sed
1468 2740 1737 2825 interpretatione
1755 2740 1928 2818 viluerunt,
1942 2741 1979 2801 21

276 2837 369 2923 quasi
399 2843 491 2901 aetas
521 2859 604 2902 cana
631 2837 802 2903 desideriis
831 2840 895 2904 tuis
923 2839 1060 2903 formam
1089 2848 1122 2904 et
1152 2862 1217 2905 non
1245 2842 1462 2907 imitationem
1495 2844 1615 2907 sanctis
1646 2844 1849 2929 praestiterit
1878 2844 1927 2907 iu-

276 2939 408 3004 stitutis.
465 2940 543 3025 quid
584 2943 694 3027 magni
727 2942 863 3007 Aeneae
902 2943 1005 3006 umeri
1041 2941 1192 3027 ponderis
1229 2943 1270 3008 de
1308 2934 1466 3009 creatoris
1504 2947 1593 3011 fasce
1628 2953 1820 3011 senserunt?
1872 2952 1929 3010 aut

198 3063 216 3102 c.
276 3043 395 3129 pressit
422 3044 526 3108 filium
554 3065 704 3130 corpore,
735 3045 827 3110 cuius
851 3046 922 3131 ipse
946 3045 1008 3108 fuit
1029 3066 1129 3132 saepe
1152 3046 1281 3112 baiulus
1305 3049 1456 3113 actione?
1501 3051 1551 3113 uis
1575 3050 1659 3115 scire
1682 3050 1758 3134 quia
1781 3050 1863 3135 oripi
1887 3049 1928 3114 de

274 3145 421 3211 hostibus
451 3147 592 3212 meruit?
636 3155 712 3214 ante
744 3149 856 3214 oeulos
887 3149 1029 3213 locatum
1059 3156 1123 3227 est,
1157 3149 1242 3234 quod
1274 3151 1392 3233 noluit,
1425 3174 1466 3216 ue
1498 3161 1665 3237 gravaret,
1700 3152 1838 3217 credens
1865 3152 1982 3216 sibiae

274 3249 478 3335 sepulturam
501 3250 745 3336 procumbentis
769 3252 809 3316 Ili
832 3251 926 3317 ruina
948 3253 1120 3337 praestari,
1144 3260 1177 3316 et
1200 3274 1241 3319 ne
1265 3255 1498 3340 procedentem
1523 3264 1636 3321 natum
1659 3257 1726 3322 vita
1749 3257 1930 3341 digniorem

275 3352 393 3419 senilia
420 3353 568 3419 membra
599 3355 792 3434 retinerent,
824 3375 976 3420 occasum
1006 3355 1148 3420 civitatis
1177 3356 1261 3421 dixit
1291 3359 1370 3423 satis
1395 3381 1468 3425 esse
1492 3381 1550 3445 pro
1574 3360 1709 3424 tumulo.
1755 3360 1811 3424 illc
1835 3380 1930 3445 prae·

275 3456 415 3522 donibus
442 3456 603 3523 evadente
633 3458 700 3523 lilio
728 3478 899 3523 remanere
922 3458 1040 3523 voluit:
1074 3461 1227 3525 remeasti
1246 3460 1292 3526 ‘ad
1317 3462 1456 3547 patriam
1479 3468 1514 3527 tu
1537 3463 1663 3527 relicto.
1709 3460 1785 3548 quid
1809 3461 1931 3527 nobilia

278 3559 440 3647 Scipionis
463 3581 522 3646 pro
545 3560 693 3645 genitore
718 3581 777 3624 suo
801 3560 888 3625 facta
910 3569 1164 3628 commemoras?
1199 3563 1254 3629 ille
1279 3585 1337 3650 pro
1362 3572 1495 3630 auctore
1519 3565 1633 3630 sedulo
1649 3564 1726 3630 dum
1749 3586 1784 3630 sc
1800 3565 1928 3652 optulit,

276 3669 380 3729 totum
403 3661 503 3743 dedit,
528 3662 587 3728 sed
610 3684 674 3728 non
697 3664 901 3750 consumpsit
915 3666 1077 3753 'universe
1100 3689 1185 3754 quae
1208 3667 1331 3737 debuit.
1369 3691 1501 3756 semper
1523 3677 1671 3735 votorum
1695 3670 1854 3735 bonorum
1878 3670 1982 3735 est23

276 3788 377 3832 causa
415 3766 592 3832 consimilis
631 3788 692 3833 uec
727 3766 869 3833 discreta
903 3775 978 3835 sunt
1011 3770 1119 3835 studia
1152 3771 1376 3859 benignitatis.
1432 3774 1634 3860 pronuntiat,
1675 3772 1752 3860 quid
1786 3772 1827 3839 de
1860 3773 1928 3838 filio

276 3876 451 3951 mereatur,
475 3872 530 3956 qui
553 3892 627 3936 eum
650 3869 691 3935 ad
715 3871 824 3937 officia
846 3877 985 3936 naturae
1009 3872 1072 3937 nisi
1095 3882 1243 3940 coactum
1266 3877 1422 3941 aestimat
1444 3897 1507 3940 non
1529 3877 1653 3942 uenire.
1699 3876 1838 3957 vincula,
1866 3876 1930 3940 nisi

276 3994 425 4060 paream,
458 3975 513 4038 lex
544 3976 693 4040 minatur.
740 3974 818 4061 quid
847 3976 967 4040 refert?
1008 3975 1049 4040 ad
1082 3976 1165 4041 hano
1199 4000 1252 4044 me
1287 3978 1557 4044 consuetudinem
1590 3980 1822 4066 suppliciorum
1849 4000 1869 4043 a
1896 3985 1929 4044 to

277 4085 452 4165 procurata
484 4078 637 4143 formavit
667 4077 880 4157 diuturnitas,
916 4081 1067 4166 quamvis
1096 4082 1193 4166 longa
1226 4103 1406 4169 poenarum
1434 4083 1605 4147 tolerantia
1633 4105 1697 4148 non
1725 4083 1825 4148 faciat
1853 4103 1928 4146 cou-

277 4188 451 4246 tumacem.
496 4183 597 4247 miror
626 4189 752 4259 tamen,
783 4183 810 4246 si
839 4181 926 4268 quod
954 4184 1053 4268 effugi
1082 4184 1123 4248 de
1152 4185 1316 4265 barbaris,
1347 4193 1442 4273 pater
1464 4187 1620 4252 intulerit.
1666 4187 1745 4251 nibil
1769 4194 1820 4251 est
1841 4183 1928 4250 unde

277 4283 483 4359 declinentur
511 4284 711 4373 praedones,
745 4286 772 4350 si
802 4307 873 4351 sors
901 4287 973 4372 ipsa
1003 4295 1160 4372 sequatur
1186 4289 1219 4352 in
1250 4290 1399 4375 patriam.
1445 4311 1509 4354 una
1538 4298 1604 4367 est,
1641 4298 1797 4377 quantum
1823 4287 1984 4369 video,24

276 4389 431 4473 genitalis
454 4389 512 4452 soli
536 4396 570 4453 et
592 4389 864 4474 peregrinationis
888 4389 1070 4455 adversitas
1094 4412 1155 4456 nec
1179 4391 1290 4477 dispar
1305 4392 1486 4457 amaritudo
1503 4393 1716 4459 redeuntibus
1732 4402 1766 4459 ot
1781 4395 1929 4480 captivis.

276 4512 482 4576 nequaquam
511 4499 622 4556 tamen
653 4491 730 4577 quid
758 4494 888 4558 intersit
921 4495 1051 4558 invenio
1082 4515 1143 4559 nec
1174 4515 1258 4581 quae
1289 4498 1494 4582 potissimum
1525 4497 1671 4563 cervices
1701 4518 1792 4562 meas
1814 4505 1931 4562 eatena

276 4600 387 4659 nectat
410 4595 553 4679 inquiro:
580 4597 715 4681 rigentis
739 4598 816 4661 ferri
840 4618 945 4661 nexus
963 4599 1125 4662 incurram
1147 4606 1204 4662 aut
1220 4599 1316 4684 gulae
1333 4600 1475 4686 vectigal
1494 4599 1678 4675 exhibeam,
1702 4621 1767 4666 una
1782 4600 1930 4665 condicio

277 4706 339 4764 est.
377 4699 507 4763 ieiunus
532 4700 647 4785 epulas
671 4699 807 4785 portabo
831 4701 949 4764 satiato
973 4708 1016 4781 et,
1040 4700 1127 4787 quod
1151 4708 1201 4767 est
1224 4700 1379 4781 deterius,
1403 4725 1468 4768 nou
1491 4705 1624 4768 amanti.
1670 4705 1797 4790 quantis
1822 4703 1931 4768 oblata

380 4956 397 5011 2
414 4961 526 5027 alligans
538 4958 563 5009 B
660 4959 783 5025 quiequid
796 4958 820 5008 V
949 4957 967 5011 3
985 4961 1098 5013 sobolem
1114 4960 1139 5011 V
1234 4963 1338 5016 licorem
1354 4961 1379 5014 B
1510 4959 1527 5013 4
1547 4962 1649 5015 uirium
1661 4962 1687 5012 B
1783 4961 1894 5027 reliquid
1906 4960 1932 5015 B

274 5045 293 5098 fr
310 5047 452 5101 umnam
464 5045 490 5097 B
584 5045 653 5098 serui
665 5043 699 5108 B,
720 5047 832 5099 seruitiis
850 5047 925 5098 ceteri
1020 5048 1127 5114 eligeret
1142 5047 1168 5098 Β
1300 5045 1333 5098 10
1350 5051 1466 5101 conferre
1483 5045 1596 5099 VLT¹O
1725 5046 1753 5097 ll
1774 5048 1896 5114 quaeeuid
1912 5046 1936 5095 V

276 5134 405 5202 praeualis
417 5133 442 5183 B
546 5134 612 5183 inter
634 5147 728 5183 munus
746 5132 845 5198 ιονίροί,
867 5134 954 5187 iuuter
975 5149 1068 5185 munos
1080 5134 1113 5198 B,
1135 5150 1184 5187 oen
1208 5137 1371 5188 intermunus
1387 5134 1432 5185 VI.
1437 5134 1487 5197 TO,
1511 5151 1559 5186 eeu
1576 5134 1704 5186 sincerum
1729 5151 1824 5187 munus
1837 5134 1933 5186 Harae

276 5217 311 5275 12
331 5220 371 5284 at]
391 5220 425 5272 ad
439 5220 465 5271 B
605 5214 790 5283 lectiserica,
812 5219 919 5273 obsistet
935 5220 1034 5273 codices
1173 5218 1205 5273 15
1225 5218 1356 5286 oneribus]
1376 5221 1516 5273 honoribus
1528 5220 1553 5270 B
1693 5217 1725 5271 16
1746 5221 1810 5272 meis
1827 5221 1931 5271 oblitum

275 5307 304 5358 irs
316 5306 350 5373 B,
373 5307 451 5359 aab
538 5302 575 5372 ni]
594 5323 627 5359 ne
639 5303 665 5354 B
786 5301 823 5357 20
839 5305 959 5373 degresso
978 5304 1092 5387 1¹qu
1175 5308 1304 5374 promittet
1318 5307 1343 5359 B
1463 5304 1498 5359 22
1515 5307 1593 5373 digno
1606 5305 1651 5357 Βῆ
1771 5304 1806 5357 25
1828 5304 1930 5374 pressu]

275 5407 337 5460 pen
351 5388 357 5456 l
371 5390 476 5445 ΜΒ
584 5386 618 5441 2ἶ
636 5390 675 5441 ilii
690 5388 769 5453 ΠΤ,
787 5390 826 5442 llli
838 5390 864 5441 B
881 5391 909 5443 in
926 5410 976 5458 esp.
993 5395 1090 5444 uoteB
1160 5392 1371 5461 procidentemB
1478 5390 1513 5444 80
1529 5408 1589 5445 oum
1607 5391 1936 5446 anfeilleimer.V11T0

273 5474 553 5545 ueneram
638 5475 758 5529 uinclab
884 5473 1199 5547 34puumlpeamB
1320 5476 1521 5546 quidlquodB
1645 5475 1933 5542 3tisiB,nisieeteri

275 5558 311 5617 88
327 5562 453 5638 geuetsbs
466 5561 492 5614 B
600 5558 636 5617 40
652 5558 778 5634 gudaeB
