4500 6232
817 312 990 367 ursmsvs
1009 312 1081 366 rso
1100 312 1256 369 sunone.
1824 322 1867 381 59

210 484 411 550 terribilem)
457 483 499 549 ad
521 505 579 549 vos
601 486 741 570 angelus
765 486 883 550 missus
914 494 980 567 est,
1013 488 1139 552 scilicet
1167 508 1228 573 per
1258 487 1462 562 sacerdotes,
1494 507 1629 572 quorum
1659 509 1736 554 voce
1765 493 1912 575 atquell

210 588 327 654 merito
348 586 546 674 perferenda
570 587 702 653 Christo
726 589 812 653 dona
834 589 1017 675 suscipiunt
1040 597 1073 654 et
1100 592 1233 676 placato
1263 591 1451 655 dominante
1479 591 1644 677 inpetrata
1674 591 1866 657 mortalibus

211 697 288 756 rota
310 691 509 771 concedunt,
532 713 591 778 per
613 713 693 777 quos
718 692 808 757 vobis
833 693 945 757 oblata
967 700 1044 757 sunt
1066 714 1204 758 munera
1227 693 1398 779 repudiata
1421 693 1626 773 concordiae,
1650 695 1705 778 qui
1727 716 1866 780 poenam

212 795 414 862 merentibus
447 796 631 862 dilectionis
663 797 809 883 praemia
836 796 1041 876 detulerunt,
1079 799 1133 882 qui
1161 798 1237 861 dum
1270 819 1305 860 sc
1340 797 1565 878 considerant,
1600 798 1631 861 in
1662 798 1753 863 nullo
1782 798 1868 883 quod

147 926 158 959 a
212 897 425 965 merebamini
449 907 678 985 respexerunt.

319 1003 411 1078 ‘Quis
435 1001 520 1069 eum*
545 1004 695 1088 inquiunt
717 1004 808 1068 ‘vidit
831 1024 903 1067 cnm
928 1006 1174 1070 accusatoribus
1198 1007 1266 1069 suis
1290 1012 1421 1091 aperta,
1452 1011 1487 1067 ut
1511 1005 1619 1072 aiunt,
1649 1026 1760 1092 pugna
1787 1025 1864 1071 con·
1881 1007 1921 1068 72

212 1107 357 1195 digeret'
402 1107 664 1194 inpudentissimi
695 1106 878 1175 bominum.
914 1131 1011 1194 quem
1043 1130 1115 1173 cum
1144 1109 1263 1194 quibus
1293 1109 1391 1174 vultis
1423 1109 1613 1180 decertare,
1648 1110 1802 1196 respicite
1835 1117 1869 1175 et

211 1213 525 1300 utriusquepartis,
548 1212 575 1276 si
598 1210 676 1297 quid
702 1211 817 1275 salutis
842 1213 877 1276 in
898 1213 990 1277 vobis
1015 1211 1152 1285 resedit,
1177 1213 1246 1276 loca
1270 1218 1420 1298 tempora
1442 1233 1598 1298 personas
1622 1212 1807 1288 adtendite;
1836 1218 1869 1276 ct

212 1317 239 1380 si
262 1336 320 1381 ros
349 1315 473 1381 nefarie
505 1320 664 1399 congesta
698 1313 802 1378 cordis
831 1314 936 1379 adhuc
966 1317 1056 1402 pravi
1088 1336 1153 1380 non
1185 1316 1314 1402 subegit
1344 1318 1528 1403 opulentia,
1562 1318 1672 1382 oeulos
1701 1317 1743 1381 ad
1771 1317 1868 1384 deum

134 1444 161 1484 ro
211 1421 381 1509 paulisper
395 1419 543 1485 adtollite
559 1425 592 1483 ct
608 1419 660 1482 vol
683 1418 774 1484 brevi
797 1425 944 1505 tempore
968 1419 1089 1484 sinistri
1113 1421 1281 1485 monitoris
1305 1420 1395 1484 iussa
1418 1422 1649 1506 contempnite.
1688 1422 1866 1507 agnoscitis
1880 1419 1920 1480 73

212 1526 330 1591 summi
352 1523 441 1608 regis
465 1522 753 1607 praeceptionibus
777 1544 835 1585 vos
860 1524 891 1586 in
916 1523 976 1593 his,
1000 1544 1084 1608 quac
1108 1525 1224 1589 merito
1248 1523 1422 1611 plectenda
1447 1533 1531 1591 sunt.
1556 1545 1620 1589 non
1643 1525 1771 1604 muniri,
1794 1525 1871 1611 quia

212 1629 361 1716 quamvis
384 1626 533 1712 responsi
556 1626 750 1709 qualitatem
774 1625 898 1690 dictent
920 1625 1073 1711 dogruata
1097 1629 1252 1714 postulati
1277 1636 1310 1692 et
1333 1629 1447 1714 petitio
1470 1627 1546 1691 dum
1575 1629 1706 1693 exsistit
1734 1629 1870 1713 praevia

212 1753 297 1819 quse
321 1730 388 1796 sint
410 1735 563 1794 secutura
591 1728 772 1809 describat,
802 1750 977 1814 numquam
1002 1739 1111 1796 tamen
1133 1732 1283 1797 cassibus
1307 1732 1425 1796 vostris
1448 1730 1552 1795 libera
1575 1733 1743 1817 regnantis
1767 1731 1869 1797 verba

119 1870 142 1911 ρ.
155 1861 196 1902 aas
214 1836 359 1923 cepistis,
381 1853 559 1918 numquam
581 1832 780 1916 (desideriis)
798 1854 858 1919 pcr
872 1835 1013 1919 aucupia
1029 1835 1216 1900 calliditatis
1232 1835 1415 1921 imperialia
1429 1835 1523 1898 vobis
1540 1835 1663 1921 scripta
1678 1836 1868 1900 militarunt.

134 1968 158 2005 rr.
213 1939 364 2026 quotiens
380 1937 473 2002 vanis
489 1936 633 2000 hiatibus
649 1934 787 2000 nocendi
810 1937 962 2001 inefficax
985 1958 1112 2002 morsus
1136 1939 1318 2024 increpuit?
1357 1939 1508 2023 quotiens
1530 1938 1571 2003 dc
1594 1945 1748 2003 accusato
1770 1939 1864 2024 quid·

211 2043 289 2130 quid
318 2062 376 2128 spe
409 2039 561 2106 tenuistis
594 2039 723 2124 effugit,
759 2047 793 2103 et
820 2060 940 2104 vacuos
972 2041 1080 2124 imago
1108 2043 1373 2128 praesumptione
1404 2047 1564 2127 occupata
1595 2040 1759 2107 desernit?
1804 2040 1919 2108 deo'll

212 2146 346 2232 gratias,
369 2145 424 2230 qui
448 2143 533 2208 banc
557 2142 793 2228 providentiam
817 2141 932 2206 indidit
949 2143 989 2211 ei,
1014 2143 1065 2206 cui
1088 2165 1196 2208 rernm
1219 2144 1432 2209 humanarum
1451 2166 1578 2209 summa
1594 2146 1753 2210 conmisit.
1792 2166 1868 2233 spes

212 2256 303 2316 uerte
326 2249 445 2334 quietis
469 2253 519 2311 est
541 2253 575 2311 et
597 2246 713 2311 salutis
738 2245 885 2332 perfecta
907 2246 940 2308 in
964 2247 1183 2331 gubernatore
1207 2248 1379 2334 sapientia.
1425 2250 1561 2336 puppis,
1592 2250 1684 2314 cuius
1712 2250 1869 2334 magister

213 2353 255 2419 ad
278 2354 362 2419 elavi
385 2352 531 2436 regimen
556 2351 744 2415 intellectus
768 2348 842 2414 dotc
866 2357 1092 2435 praeparatur.
1118 2350 1240 2436 ubique
1264 2353 1447 2426 stationem,
1470 2352 1591 2438 ubique
1615 2359 1744 2438 portum
1768 2351 1870 2417 babet

213 2459 246 2523 in
278 2456 440 2522 fluetibus.
485 2461 577 2518 certa
606 2460 657 2518 cst
688 2453 912 2539 generalitatis
949 2454 1124 2528 securitas,
1160 2454 1289 2538 quando
1325 2454 1559 2540 rempublicam
1591 2455 1755 2520 nobilibus
1786 2455 1871 2541 regit

212 2559 338 2625 artibus
370 2559 546 2624 institutus.
600 2558 662 2621 scit
692 2557 896 2642 imperatoris
930 2557 1033 2621 nostri
1068 2558 1160 2622 caelo
1195 2557 1303 2622 infusa
1335 2557 1540 2644 dispensatio
1573 2560 1703 2624 obviam
1734 2581 1867 2625 manum

212 2662 345 2728 famosis
367 2663 400 2727 in
422 2660 603 2727 fallendum
627 2660 768 2745 ingeniis
791 2660 961 2726 exhibere.
1008 2661 1119 2726 labore
1143 2661 1231 2746 apud
1254 2681 1328 2726 cum
1352 2682 1415 2726 non
1440 2683 1523 2749 opus
1546 2670 1608 2740 est,
1632 2684 1729 2748 quem
1753 2663 1869 2727 sortita

213 2766 363 2832 estotim
386 2764 474 2830 nuda
488 2764 611 2828 veritas
635 2763 853 2828 defensorem.
892 2770 1024 2827 cessent
1046 2763 1136 2849 impii
1160 2764 1376 2828 conmenticia
1399 2764 1485 2851 apud
1508 2765 1599 2830 illum
1623 2765 1868 2852 simplicitatem
1882 2768 1922 2828 75

213 2867 328 2934 frende
358 2867 499 2933 mentiri.
551 2864 706 2952 quidquid
737 2886 773 2929 se
804 2864 962 2929 adversus
993 2865 1149 2929 iustitiam
1182 2868 1334 2943 moverit,
1372 2889 1447 2931 mox
1479 2876 1619 2934 tenetur.
1670 2866 1748 2932 nibil
1781 2865 2023 2974 apudffissfffl·

151 2998 164 3033 a
216 2970 420 3058 praedictum
442 2969 544 3034 tutius
566 2968 755 3034 innocentia
778 2975 838 3034 est.
878 2969 1042 3055 legatione
1067 2968 1174 3034 valida
1198 2971 1298 3035 utitur
1321 2972 1375 3056 qui
1399 2974 1558 3057 aequitati
1581 2994 1634 3037 res
1651 2976 1870 3057 congruentes

214 3076 369 3142 insinuat.
409 3094 493 3161 quae
516 3074 626 3160 gravis
652 3073 729 3158 (est)
753 3074 945 3160 plerumque
968 3073 1168 3160 principibus
1192 3075 1383 3162 inpugnatio
1406 3076 1512 3140 minus
1535 3075 1680 3141 fidelium
1703 3074 1871 3140 blanditiis

212 3200 276 3244 non
298 3179 449 3265 legatur?
495 3175 553 3242 sed
577 3176 660 3242 haec
682 3176 745 3242 deo
768 3177 886 3242 melius
909 3183 1092 3258 narrantur,
1115 3199 1136 3241 a
1159 3199 1222 3263 quo
1246 3179 1348 3264 frugis
1372 3177 1469 3243 buius
1493 3179 1606 3264 planta
1629 3178 1809 3244 descendit.

321 3282 374 3347 ad
396 3303 454 3347 vos
477 3303 530 3346 me
554 3279 683 3346 reducit
704 3280 864 3367 propositi
887 3281 996 3366 operis
1019 3302 1083 3345 non
1107 3282 1214 3346 amica
1237 3280 1393 3361 condicio,
1418 3282 1471 3367 qui
1494 3281 1684 3347 melioribus
1708 3281 1868 3348 hactenus
1884 3284 1924 3346 76

213 3406 346 3474 operam
363 3385 447 3450 volui
471 3405 592 3450 navare
616 3383 832 3464 sermonibus,
856 3383 932 3450 dum
957 3386 1119 3471 captivam
1143 3386 1323 3451 orationem
1347 3386 1451 3471 exigit
1472 3386 1647 3472 imperiosa
1669 3387 1863 3454 necessitas.
1878 3382 2011 3490 ¹⁸¹2q¹⁰ss¹

136 3510 163 3551 so
215 3489 347 3555 dixistis
370 3490 470 3554 enim:
502 3487 673 3574 ‘quomodo
696 3486 737 3553 de
761 3508 861 3553 causa
875 3489 928 3554 vel
952 3489 1112 3574 qualitate
1136 3489 1207 3554 eius
1231 3488 1379 3573 primitus
1402 3488 1606 3568 tractabatis,
1631 3510 1704 3554 curn
1725 3489 1865 3555 necdum
1904 3486 1994 3530 Μ’·

215 3593 354 3661 haberet
376 3592 519 3679 synodus
549 3588 769 3657 tinnitatemt’
815 3614 834 3654 o
858 3591 997 3657 frontem
1027 3589 1178 3655 dictionis
1211 3591 1385 3656 inmundae
1414 3598 1448 3656 ct
1478 3591 1597 3657 taciem
1626 3591 1744 3673 libelli,
1775 3612 1873 3678 quam

122 3732 144 3775 μ
157 3725 198 3766 uo
217 3719 281 3765 non
298 3699 369 3763 sols
383 3697 560 3762 maculavit
581 3695 742 3781 inperitia.
782 3702 941 3760 tractatus
965 3694 1066 3760 nostri
1089 3695 1289 3781 provinciam
1313 3701 1345 3760 ct
1369 3696 1509 3760 narratis
1533 3701 1566 3759 et
1589 3694 1755 3780 quaeritis.
1794 3695 1871 3760 hinc

214 3822 345 3869 eramus
365 3821 484 3887 nempe
506 3797 607 3881 dubii,
630 3800 717 3885 quia,
740 3797 1014 3885 quomadmodum
1037 3799 1222 3884 loquimini,
1246 3819 1311 3863 non
1334 3798 1480 3864 habebat
1503 3797 1646 3883 synodus
1669 3798 1871 3864 firmitatem:

214 3906 376 3973 transibat
403 3905 528 3991 negotii
557 3904 698 3989 qualitas
726 3903 894 3968 audituros
922 3911 955 3968 et
983 3903 1055 3989 plus
1090 3902 1197 3967 adbuc
1225 3911 1428 3968 remanserat
1457 3903 1491 3966 in
1524 3903 1710 3968 reverentia
1740 3902 1872 3988 pulsati,

138 4030 163 4069 st·
218 4030 315 4096 qnam
339 4016 428 4075 esset
450 4009 483 4073 in
506 4008 608 4072 nostri
631 4008 821 4093 integritate
845 4006 987 4091 collegii.

322 4111 452 4178 Deinde
476 4133 533 4198 pro
556 4113 784 4198 quaestionum
807 4109 980 4174 tormentis
1003 4108 1226 4174 venerabilem
1249 4107 1463 4172 Laurentium
1488 4113 1521 4171 ct
1544 4107 1678 4172 Petrum
1701 4107 1873 4194 episcopos
1886 4113 1926 4175 ‘l‘l

214 4239 236 4283 a
249 4217 474 4282 communione
490 4236 598 4303 papae
616 4236 651 4280 se
666 4214 879 4301 suspendisse
896 4217 1062 4302 replicatis
1079 4221 1123 4292 et,
1147 4213 1305 4300 quidquid
1320 4211 1462 4298 providit
1478 4212 1588 4276 cautio
1610 4216 1872 4291 convocatorum,

215 4319 334 4386 ducitis
364 4319 405 4384 ad
438 4318 561 4385 crimen
594 4319 734 4406 inpetiti.
782 4318 894 4385 ullone
929 4340 1005 4404 ergo
1037 4327 1201 4406 tempore,
1238 4317 1314 4381 dum
1351 4315 1597 4379 celebrarentur
1627 4314 1669 4378 ab
1698 4313 1748 4378 his
1781 4334 1873 4379 sacra

216 4425 406 4498 missarum,
444 4443 463 4485 a
490 4423 628 4486 nominis
658 4424 729 4486 eius
761 4423 1068 4488 commemoratione
1101 4429 1264 4487 cessatum
1296 4424 1367 4483 cst?
1418 4439 1571 4504 umquam
1606 4440 1666 4505 pro
1700 4417 1873 4483 desideriis

217 4530 336 4596 vestris
353 4529 423 4594 sine
439 4527 505 4591 ritu
521 4526 682 4590 catholico
699 4533 732 4589 et
749 4548 830 4591 cano
847 4547 935 4591 morc
952 4527 1150 4613 semiplenas
1166 4523 1323 4589 nominati
1340 4523 1503 4588 antistites
1520 4521 1646 4586 hostias
1667 4520 1872 4587 obtulerunt?

216 4630 406 4721 aliquando,
429 4629 516 4716 quod
540 4629 640 4717 capiti
662 4636 769 4694 vestro
793 4629 1005 4711 adscribatur,
1034 4629 1122 4694 iacta
1145 4635 1196 4693 est
1218 4627 1304 4713 apud
1329 4626 1426 4691 deum
1450 4626 1574 4690 offensa
1597 4626 1818 4711 pergratiam
1842 4632 1875 4689 et

218 4736 327 4802 extitit
342 4736 452 4801 nutrix
470 4734 584 4799 veniae
600 4734 727 4819 peccati
744 4742 849 4801 mater
865 4735 988 4800 oblatio
997 4742 1010 4798 ‘t
1049 4734 1181 4798 suerunt
1197 4730 1328 4816 quidem
1345 4728 1490 4815 corporis
1506 4735 1634 4792 tantum
1658 4729 1872 4793 conventione
1887 4730 1926 4795 78

218 4841 377 4929 separati,
409 4859 491 4926 quos
519 4837 678 4924 loqueris,
709 4838 889 4903 animarum
918 4847 1027 4904 tamen
1060 4836 1279 4924 praesentiam
1309 4856 1373 4900 non
1405 4833 1557 4899 vitarunt.
1603 4833 1629 4896 si
1655 4853 1711 4896 eos
1736 4839 1873 4918 putasa

223 5032 632 5043 —————-..——-—

323 5186 338 5238 l
356 5186 439 5253 adque
452 5185 477 5236 Β
584 5182 600 5235 7
619 5185 750 5236 bominum
765 5184 832 5249 OPb,
849 5185 963 5237 omnium
981 5186 1056 5238 ceteri
1165 5183 1321 5236 ermodito
1340 5180 1363 5230 Γ
1468 5176 1667 5247 soporantes
1735 5178 1818 5229 oculis
1834 5176 1875 5226 Va

220 5270 255 5323 10
270 5274 377 5326 attollite
393 5272 417 5320 V
552 5268 584 5321 ll
607 5272 707 5323 muneri
724 5271 750 5322 B
891 5270 922 5323 12
940 5274 1026 5325 existit
1042 5271 1065 5320 l'
1202 5268 1233 5320 13
1254 5269 1375 5320 ‹liseribot
1393 5265 1468 5317 1317,
1610 5262 1641 5314 ld
1662 5263 1781 5329 coepistis
1798 5262 1873 5314 Bra

219 5361 350 5413 desideriis
361 5376 410 5409 orn.
420 5357 453 5421 Β,
471 5365 562 5409 umere
573 5357 689 5409 incarnat
700 5357 744 5408 Vt
750 5356 892 5411 Tonans
943 5360 1037 5410 scribta
1048 5358 1071 5408 Β
1159 5354 1192 5406 lo
1203 5355 1326 5422 quiequid
1339 5354 1361 5404 l'
1444 5350 1478 5402 ‘24
1491 5350 1612 5417 quiequid
1625 5347 1648 5396 Γ
1731 5345 1766 5399 25
1783 5347 1875 5416 tutius}

219 5447 299 5499 tetius
310 5445 385 5496 BV·
500 5441 535 5494 ‘26
552 5451 591 5494 est
602 5459 652 5494 orn.
667 5442 698 5508 B,
716 5444 819 5495 addicat
830 5445 905 5496 ceteri
1019 5441 1052 5495 21
1071 5442 1217 5494 lminsmodi
1232 5439 1290 5490 cm
1360 5437 1483 5490 discendit
1497 5435 1522 5486 Β
1635 5431 1671 5484 82
1687 5431 1759 5501 binc]
1777 5436 1819 5487 lrie
1836 5435 1875 5484 Γᾶ

220 5530 254 5584 dd
271 5533 407 5585 auditurus
421 5531 444 5581 Β
576 5526 609 5580 37
628 5529 764 5596 replicatus
776 5529 828 5580 ΒΒ
916 5531 1038 5596 quiequid
1055 5528 1078 5578 Γ
1163 5524 1257 5591 canitic}
1280 5527 1394 5577 minatio
1406 5523 1431 5573 Β
1562 5518 1597 5569 38
1614 5520 1702 5571 ullone
1720 5526 1764 5584 (ire
1782 5522 1808 5570 ia
1826 5540 1875 5587 my.

177 5626 181 5633 '
221 5618 283 5670 odd.
300 5636 335 5669 aa.
350 5616 377 5682 Β)
396 5616 419 5666 Β
523 5612 558 5665 dl)
575 5615 722 5681 simipleuas
738 5613 780 5663 Β)
849 5616 970 5667 antistitis
984 5614 1033 5665 ΒΒ
1135 5610 1171 5663 42
1187 5608 1283 5676 extitit]
1300 5611 1398 5662 exultat
1412 5607 1471 5659 thb

1633 5713 1673 5769 ⁸0
