<?xml version="1.0" encoding="UTF-8"?>
<!DOCTYPE html PUBLIC "-//W3C//DTD XHTML 1.0 Transitional//EN"
    "http://www.w3.org/TR/xhtml1/DTD/xhtml1-transitional.dtd">
<html xmlns="http://www.w3.org/1999/xhtml" xml:lang="en" lang="en">
 <head>
  <title>
</title>
<meta http-equiv="Content-Type" content="text/html;charset=utf-8" />
  <meta name='ocr-system' content='tesseract 3.04.00' />
  <meta name='ocr-capabilities' content='ocr_page ocr_carea ocr_par ocr_line ocrx_word'/>
</head>
<body>
  <div class='ocr_page' id='page_1' title='image "./magnifelicisenn00vogegoog_0103.png"; bbox 0 0 4500 6232; ppageno 0'>
   <div class='ocr_carea' id='block_1_1' title="bbox 289 262 1280 343">
    <p class='ocr_par' dir='ltr' id='par_1_1' title="bbox 289 262 1280 343">
     <span class='ocr_line' id='line_1_1' title="bbox 289 262 1280 343; baseline -0.005 -14"><span class='ocrx_word' id='word_1_1' title='bbox 289 274 329 343; x_wconf 76' lang='lat'>30</span> <span class='ocrx_word' id='word_1_2' title='bbox 942 264 1047 325; x_wconf 82' lang='grc'><strong>11111111</strong></span> <span class='ocrx_word' id='word_1_3' title='bbox 1065 262 1184 340; x_wconf 78' lang='lat' dir='ltr'>(canu.</span> <span class='ocrx_word' id='word_1_4' title='bbox 1202 268 1227 333; x_wconf 86' lang='lat'>1,</span> <span class='ocrx_word' id='word_1_5' title='bbox 1243 269 1280 337; x_wconf 83' lang='lat' dir='ltr'>a).</span> 
     </span>
    </p>
   </div>
   <div class='ocr_carea' id='block_1_2' title="bbox 146 441 2022 2604">
    <p class='ocr_par' dir='ltr' id='par_1_2' title="bbox 146 441 2022 2604">
     <span class='ocr_line' id='line_1_2' title="bbox 152 441 1941 544; baseline -0.003 -30"><span class='ocrx_word' id='word_1_6' title='bbox 152 448 271 544; x_wconf 50' lang='lat' dir='ltr'>office.</span> <span class='ocrx_word' id='word_1_7' title='bbox 291 455 325 515; x_wconf 90' lang='lat' dir='ltr'>et</span> <span class='ocrx_word' id='word_1_8' title='bbox 354 469 433 513; x_wconf 89' lang='lat' dir='ltr'>aura</span> <span class='ocrx_word' id='word_1_9' title='bbox 463 468 648 535; x_wconf 81' lang='lat' dir='ltr'>conponere</span> <span class='ocrx_word' id='word_1_10' title='bbox 683 446 853 510; x_wconf 90' lang='lat' dir='ltr'>rationem.</span> <span class='ocrx_word' id='word_1_11' title='bbox 898 452 974 509; x_wconf 90' lang='lat' dir='ltr'>tuno</span> <span class='ocrx_word' id='word_1_12' title='bbox 1008 445 1219 509; x_wconf 90' lang='lat' dir='ltr'>Palemoncm</span> <span class='ocrx_word' id='word_1_13' title='bbox 1252 465 1347 508; x_wconf 89' lang='lat' dir='ltr'>suurn</span> <span class='ocrx_word' id='word_1_14' title='bbox 1381 443 1501 510; x_wconf 90' lang='lat' dir='ltr'>rudens</span> <span class='ocrx_word' id='word_1_15' title='bbox 1535 450 1568 509; x_wconf 91' lang='lat' dir='ltr'>et</span> <span class='ocrx_word' id='word_1_16' title='bbox 1599 441 1794 509; x_wconf 84' lang='lat' dir='ltr'>infabricata</span> <span class='ocrx_word' id='word_1_17' title='bbox 1827 442 1941 529; x_wconf 88' lang='lat' dir='ltr'>lingua</span> 
     </span>
     <span class='ocr_line' id='line_1_3' title="bbox 192 533 1940 639; baseline 0 -22"><span class='ocrx_word' id='word_1_18' title='bbox 192 533 197 551; x_wconf 49' lang='lat'>³</span> <span class='ocrx_word' id='word_1_19' title='bbox 241 533 246 543; x_wconf 42' lang='lat'><strong>⁴</strong></span> <span class='ocrx_word' id='word_1_20' title='bbox 289 553 463 639; x_wconf 87' lang='lat' dir='ltr'>conpellat,</span> <span class='ocrx_word' id='word_1_21' title='bbox 496 558 573 616; x_wconf 92' lang='lat' dir='ltr'>tunc</span> <span class='ocrx_word' id='word_1_22' title='bbox 602 556 752 615; x_wconf 89' lang='lat' dir='ltr'>numerat</span> <span class='ocrx_word' id='word_1_23' title='bbox 779 550 907 634; x_wconf 89' lang='lat' dir='ltr'>quantis</span> <span class='ocrx_word' id='word_1_24' title='bbox 937 571 1069 614; x_wconf 90' lang='lat' dir='ltr'>servare</span> <span class='ocrx_word' id='word_1_25' title='bbox 1098 551 1208 615; x_wconf 90' lang='lat' dir='ltr'>caulas</span> <span class='ocrx_word' id='word_1_26' title='bbox 1241 547 1284 613; x_wconf 89' lang='lat' dir='ltr'>sit</span> <span class='ocrx_word' id='word_1_27' title='bbox 1321 571 1403 635; x_wconf 89' lang='lat' dir='ltr'>opus</span> <span class='ocrx_word' id='word_1_28' title='bbox 1438 549 1597 630; x_wconf 86' lang='lat' dir='ltr'>excubiis,</span> <span class='ocrx_word' id='word_1_29' title='bbox 1632 556 1709 615; x_wconf 90' lang='lat' dir='ltr'>tnnc</span> <span class='ocrx_word' id='word_1_30' title='bbox 1741 552 1940 639; x_wconf 81' lang='lat' dir='ltr'>multiplices</span> 
     </span>
     <span class='ocr_line' id='line_1_4' title="bbox 287 653 1939 742; baseline 0 -22"><span class='ocrx_word' id='word_1_31' title='bbox 287 657 437 742; x_wconf 92' lang='lat' dir='ltr'>luporum</span> <span class='ocrx_word' id='word_1_32' title='bbox 461 655 594 720; x_wconf 85' lang='lat' dir='ltr'>insidias</span> <span class='ocrx_word' id='word_1_33' title='bbox 620 676 699 741; x_wconf 91' lang='lat' dir='ltr'>quas</span> <span class='ocrx_word' id='word_1_34' title='bbox 722 655 810 718; x_wconf 82' lang='lat' dir='ltr'>acuit</span> <span class='ocrx_word' id='word_1_35' title='bbox 832 653 935 718; x_wconf 82' lang='lat' dir='ltr'>fames</span> <span class='ocrx_word' id='word_1_36' title='bbox 958 653 1115 738; x_wconf 90' lang='lat' dir='ltr'>magistra</span> <span class='ocrx_word' id='word_1_37' title='bbox 1138 653 1290 738; x_wconf 89' lang='lat' dir='ltr'>suspirat,</span> <span class='ocrx_word' id='word_1_38' title='bbox 1313 659 1392 717; x_wconf 93' lang='lat' dir='ltr'>tunc</span> <span class='ocrx_word' id='word_1_39' title='bbox 1414 653 1448 716; x_wconf 91' lang='lat' dir='ltr'>in</span> <span class='ocrx_word' id='word_1_40' title='bbox 1471 674 1657 718; x_wconf 88' lang='lat' dir='ltr'>sermonem</span> <span class='ocrx_word' id='word_1_41' title='bbox 1680 653 1767 718; x_wconf 91' lang='lat' dir='ltr'>eadit</span> <span class='ocrx_word' id='word_1_42' title='bbox 1781 655 1939 741; x_wconf 93' lang='lat' dir='ltr'>quidquid</span> 
     </span>
     <span class='ocr_line' id='line_1_5' title="bbox 255 756 1938 846; baseline 0.001 -24"><span class='ocrx_word' id='word_1_43' title='bbox 255 760 463 826; x_wconf 85' lang='lat' dir='ltr'>3efflaverit:</span> <span class='ocrx_word' id='word_1_44' title='bbox 503 758 598 823; x_wconf 91' lang='lat' dir='ltr'>huius</span> <span class='ocrx_word' id='word_1_45' title='bbox 629 780 663 822; x_wconf 92' lang='lat' dir='ltr'>se</span> <span class='ocrx_word' id='word_1_46' title='bbox 695 758 804 837; x_wconf 89' lang='lat' dir='ltr'>solari,</span> <span class='ocrx_word' id='word_1_47' title='bbox 838 757 934 821; x_wconf 90' lang='lat' dir='ltr'>huius</span> <span class='ocrx_word' id='word_1_48' title='bbox 966 757 1079 821; x_wconf 93' lang='lat' dir='ltr'>nititur</span> <span class='ocrx_word' id='word_1_49' title='bbox 1109 757 1254 821; x_wconf 90' lang='lat' dir='ltr'>mulcere</span> <span class='ocrx_word' id='word_1_50' title='bbox 1289 757 1440 841; x_wconf 91' lang='lat' dir='ltr'>collegio.</span> <span class='ocrx_word' id='word_1_51' title='bbox 1486 756 1538 819; x_wconf 90' lang='lat' dir='ltr'>cui</span> <span class='ocrx_word' id='word_1_52' title='bbox 1565 756 1644 820; x_wconf 91' lang='lat' dir='ltr'>talia</span> <span class='ocrx_word' id='word_1_53' title='bbox 1672 759 1781 842; x_wconf 91' lang='lat' dir='ltr'>agenti</span> <span class='ocrx_word' id='word_1_54' title='bbox 1811 759 1839 823; x_wconf 92' lang='lat' dir='ltr'>si</span> <span class='ocrx_word' id='word_1_55' title='bbox 1865 760 1938 846; x_wconf 93' lang='lat' dir='ltr'>quis</span> 
     </span>
     <span class='ocr_line' id='line_1_6' title="bbox 289 859 2018 944; baseline 0.001 -17"><span class='ocrx_word' id='word_1_56' title='bbox 289 863 562 928; x_wconf 81' lang='lat' dir='ltr'>sermocinantem</span> <span class='ocrx_word' id='word_1_57' title='bbox 585 860 703 926; x_wconf 92' lang='lat' dir='ltr'>fidibus</span> <span class='ocrx_word' id='word_1_58' title='bbox 727 860 886 925; x_wconf 91' lang='lat' dir='ltr'>citharam</span> <span class='ocrx_word' id='word_1_59' title='bbox 909 860 1025 924; x_wconf 92' lang='lat' dir='ltr'>doctus</span> <span class='ocrx_word' id='word_1_60' title='bbox 1048 859 1222 925; x_wconf 86' lang='lat' dir='ltr'>admoveat</span> <span class='ocrx_word' id='word_1_61' title='bbox 1245 866 1278 924; x_wconf 94' lang='lat' dir='ltr'>et</span> <span class='ocrx_word' id='word_1_62' title='bbox 1305 859 1456 944; x_wconf 78' lang='lat' dir='ltr'>loquacia</span> <span class='ocrx_word' id='word_1_63' title='bbox 1483 859 1538 922; x_wconf 88' lang='lat' dir='ltr'>tila</span> <span class='ocrx_word' id='word_1_64' title='bbox 1568 859 1686 923; x_wconf 90' lang='lat' dir='ltr'>inrisor</span> <span class='ocrx_word' id='word_1_65' title='bbox 1713 860 1858 927; x_wconf 88' lang='lat' dir='ltr'>urbanus</span> <span class='ocrx_word' id='word_1_66' title='bbox 1881 863 1940 928; x_wconf 91' lang='lat' dir='ltr'>ad·</span> <span class='ocrx_word' id='word_1_67' title='bbox 2006 879 2018 915; x_wconf 74' lang='lat'><strong>⁵</strong></span> 
     </span>
     <span class='ocr_line' id='line_1_7' title="bbox 288 963 1940 1052; baseline 0.001 -22"><span class='ocrx_word' id='word_1_68' title='bbox 288 973 406 1052; x_wconf 92' lang='lat' dir='ltr'>portet,</span> <span class='ocrx_word' id='word_1_69' title='bbox 438 966 471 1030; x_wconf 92' lang='lat' dir='ltr'>in</span> <span class='ocrx_word' id='word_1_70' title='bbox 494 966 629 1051; x_wconf 87' lang='lat' dir='ltr'>ancipiti</span> <span class='ocrx_word' id='word_1_71' title='bbox 652 971 703 1028; x_wconf 89' lang='lat' dir='ltr'>est</span> <span class='ocrx_word' id='word_1_72' title='bbox 726 963 803 1049; x_wconf 92' lang='lat' dir='ltr'>quid</span> <span class='ocrx_word' id='word_1_73' title='bbox 826 965 928 1048; x_wconf 90' lang='lat' dir='ltr'>eligat</span> <span class='ocrx_word' id='word_1_74' title='bbox 950 964 1038 1028; x_wconf 92' lang='lat' dir='ltr'>nuda</span> <span class='ocrx_word' id='word_1_75' title='bbox 1060 964 1261 1050; x_wconf 89' lang='lat' dir='ltr'>simplicitas,</span> <span class='ocrx_word' id='word_1_76' title='bbox 1290 963 1368 1027; x_wconf 92' lang='lat' dir='ltr'>dum</span> <span class='ocrx_word' id='word_1_77' title='bbox 1396 964 1487 1049; x_wconf 83' lang='lat' dir='ltr'>lyrae</span> <span class='ocrx_word' id='word_1_78' title='bbox 1514 969 1622 1027; x_wconf 89' lang='lat' dir='ltr'>tactus</span> <span class='ocrx_word' id='word_1_79' title='bbox 1651 964 1728 1029; x_wconf 89' lang='lat' dir='ltr'>licet</span> <span class='ocrx_word' id='word_1_80' title='bbox 1756 967 1940 1032; x_wconf 90' lang='lat' dir='ltr'>errantibus</span> 
     </span>
     <span class='ocr_line' id='line_1_8' title="bbox 255 1065 1940 1153; baseline 0.001 -21"><span class='ocrx_word' id='word_1_81' title='bbox 255 1068 399 1153; x_wconf 74' lang='lat' dir='ltr'>ldigitis</span> <span class='ocrx_word' id='word_1_82' title='bbox 423 1069 550 1132; x_wconf 91' lang='lat' dir='ltr'>dulcem</span> <span class='ocrx_word' id='word_1_83' title='bbox 575 1075 608 1132; x_wconf 92' lang='lat' dir='ltr'>et</span> <span class='ocrx_word' id='word_1_84' title='bbox 631 1068 685 1152; x_wconf 94' lang='lat' dir='ltr'>qui</span> <span class='ocrx_word' id='word_1_85' title='bbox 708 1068 849 1130; x_wconf 89' lang='lat' dir='ltr'>animam</span> <span class='ocrx_word' id='word_1_86' title='bbox 878 1067 1008 1150; x_wconf 88' lang='lat' dir='ltr'>frangat</span> <span class='ocrx_word' id='word_1_87' title='bbox 1031 1067 1191 1152; x_wconf 92' lang='lat' dir='ltr'>crepitum</span> <span class='ocrx_word' id='word_1_88' title='bbox 1223 1065 1359 1130; x_wconf 90' lang='lat' dir='ltr'>reddit:.</span> <span class='ocrx_word' id='word_1_89' title='bbox 1390 1065 1483 1130; x_wconf 76' lang='lat' dir='ltr'>netas</span> <span class='ocrx_word' id='word_1_90' title='bbox 1512 1071 1622 1130; x_wconf 91' lang='lat' dir='ltr'>tamen</span> <span class='ocrx_word' id='word_1_91' title='bbox 1649 1073 1753 1153; x_wconf 84' lang='lat' dir='ltr'>putat,</span> <span class='ocrx_word' id='word_1_92' title='bbox 1785 1069 1813 1133; x_wconf 89' lang='lat' dir='ltr'>si</span> <span class='ocrx_word' id='word_1_93' title='bbox 1840 1071 1940 1136; x_wconf 91' lang='lat' dir='ltr'>alieni</span> 
     </span>
     <span class='ocr_line' id='line_1_9' title="bbox 287 1169 1940 1257; baseline 0.002 -22"><span class='ocrx_word' id='word_1_94' title='bbox 287 1178 410 1235; x_wconf 91' lang='lat' dir='ltr'>tractus</span> <span class='ocrx_word' id='word_1_95' title='bbox 433 1170 545 1257; x_wconf 89' lang='lat' dir='ltr'>lepore</span> <span class='ocrx_word' id='word_1_96' title='bbox 569 1170 728 1256; x_wconf 85' lang='lat' dir='ltr'>propositi</span> <span class='ocrx_word' id='word_1_97' title='bbox 751 1170 871 1233; x_wconf 84' lang='lat' dir='ltr'>avitam</span> <span class='ocrx_word' id='word_1_98' title='bbox 895 1169 1000 1234; x_wconf 89' lang='lat' dir='ltr'>discat</span> <span class='ocrx_word' id='word_1_99' title='bbox 1023 1171 1194 1236; x_wconf 88' lang='lat' dir='ltr'>seientiam</span> <span class='ocrx_word' id='word_1_100' title='bbox 1225 1191 1289 1233; x_wconf 92' lang='lat' dir='ltr'>non</span> <span class='ocrx_word' id='word_1_101' title='bbox 1318 1190 1439 1249; x_wconf 90' lang='lat' dir='ltr'>amare,</span> <span class='ocrx_word' id='word_1_102' title='bbox 1469 1174 1506 1233; x_wconf 93' lang='lat' dir='ltr'>ut</span> <span class='ocrx_word' id='word_1_103' title='bbox 1534 1169 1610 1233; x_wconf 95' lang='lat' dir='ltr'>dum</span> <span class='ocrx_word' id='word_1_104' title='bbox 1640 1169 1774 1235; x_wconf 86' lang='lat' dir='ltr'>infrenis</span> <span class='ocrx_word' id='word_1_105' title='bbox 1798 1174 1940 1239; x_wconf 81' lang='lat' dir='ltr'>ambitus</span> 
     </span>
     <span class='ocr_line' id='line_1_10' title="bbox 287 1272 1940 1362; baseline 0.002 -24"><span class='ocrx_word' id='word_1_106' title='bbox 287 1276 476 1340; x_wconf 89' lang='lat' dir='ltr'>rusticantis</span> <span class='ocrx_word' id='word_1_107' title='bbox 500 1275 668 1339; x_wconf 91' lang='lat' dir='ltr'>doctrinae</span> <span class='ocrx_word' id='word_1_108' title='bbox 690 1275 866 1338; x_wconf 89' lang='lat' dir='ltr'>terminum</span> <span class='ocrx_word' id='word_1_109' title='bbox 889 1294 954 1338; x_wconf 90' lang='lat' dir='ltr'>non</span> <span class='ocrx_word' id='word_1_110' title='bbox 986 1275 1127 1353; x_wconf 90' lang='lat' dir='ltr'>metitur,</span> <span class='ocrx_word' id='word_1_111' title='bbox 1160 1275 1363 1361; x_wconf 86' lang='lat' dir='ltr'>superiorum</span> <span class='ocrx_word' id='word_1_112' title='bbox 1396 1272 1514 1337; x_wconf 82' lang='lat' dir='ltr'>affectu</span> <span class='ocrx_word' id='word_1_113' title='bbox 1544 1279 1577 1336; x_wconf 89' lang='lat' dir='ltr'>et</span> <span class='ocrx_word' id='word_1_114' title='bbox 1604 1273 1675 1358; x_wconf 89' lang='lat' dir='ltr'>ipsa</span> <span class='ocrx_word' id='word_1_115' title='bbox 1704 1295 1740 1338; x_wconf 92' lang='lat' dir='ltr'>se</span> <span class='ocrx_word' id='word_1_116' title='bbox 1768 1277 1940 1362; x_wconf 89' lang='lat' dir='ltr'>possibilia</span> 
     </span>
     <span class='ocr_line' id='line_1_11' title="bbox 288 1375 2019 1465; baseline 0.003 -24"><span class='ocrx_word' id='word_1_117' title='bbox 288 1378 459 1463; x_wconf 90' lang='lat' dir='ltr'>intellegat</span> <span class='ocrx_word' id='word_1_118' title='bbox 480 1378 693 1464; x_wconf 85' lang='lat' dir='ltr'>perditurum,</span> <span class='ocrx_word' id='word_1_119' title='bbox 725 1399 799 1442; x_wconf 91' lang='lat' dir='ltr'>cum</span> <span class='ocrx_word' id='word_1_120' title='bbox 822 1378 1036 1458; x_wconf 84' lang='lat' dir='ltr'>nescientem,</span> <span class='ocrx_word' id='word_1_121' title='bbox 1063 1376 1141 1463; x_wconf 89' lang='lat' dir='ltr'>quid</span> <span class='ocrx_word' id='word_1_122' title='bbox 1163 1379 1272 1441; x_wconf 83' lang='lat' dir='ltr'>valeat</span> <span class='ocrx_word' id='word_1_123' title='bbox 1294 1376 1472 1462; x_wconf 80' lang='lat' dir='ltr'>mapalium</span> <span class='ocrx_word' id='word_1_124' title='bbox 1494 1375 1655 1457; x_wconf 90' lang='lat' dir='ltr'>alumnus,</span> <span class='ocrx_word' id='word_1_125' title='bbox 1687 1377 1759 1463; x_wconf 90' lang='lat' dir='ltr'>ipsa</span> <span class='ocrx_word' id='word_1_126' title='bbox 1780 1385 1937 1465; x_wconf 89' lang='lat' dir='ltr'>paternae</span> <span class='ocrx_word' id='word_1_127' title='bbox 1993 1394 2019 1432; x_wconf 91' lang='lat'>¹⁰</span> 
     </span>
     <span class='ocr_line' id='line_1_12' title="bbox 256 1479 1940 1568; baseline 0.004 -25"><span class='ocrx_word' id='word_1_128' title='bbox 256 1482 502 1545; x_wconf 85' lang='lat' dir='ltr'>5institutionis</span> <span class='ocrx_word' id='word_1_129' title='bbox 537 1480 745 1546; x_wconf 87' lang='lat' dir='ltr'>mediocritas</span> <span class='ocrx_word' id='word_1_130' title='bbox 781 1483 874 1566; x_wconf 90' lang='lat' dir='ltr'>quasi</span> <span class='ocrx_word' id='word_1_131' title='bbox 907 1486 1045 1545; x_wconf 86' lang='lat' dir='ltr'>externa</span> <span class='ocrx_word' id='word_1_132' title='bbox 1075 1486 1295 1567; x_wconf 87' lang='lat' dir='ltr'>contempnat.</span> <span class='ocrx_word' id='word_1_133' title='bbox 1340 1500 1406 1543; x_wconf 93' lang='lat' dir='ltr'>non</span> <span class='ocrx_word' id='word_1_134' title='bbox 1435 1479 1532 1543; x_wconf 90' lang='lat' dir='ltr'>aliter</span> <span class='ocrx_word' id='word_1_135' title='bbox 1560 1501 1623 1560; x_wconf 90' lang='lat' dir='ltr'>me,</span> <span class='ocrx_word' id='word_1_136' title='bbox 1650 1481 1699 1544; x_wconf 81' lang='lat' dir='ltr'>vir</span> <span class='ocrx_word' id='word_1_137' title='bbox 1727 1482 1940 1568; x_wconf 87' lang='lat' dir='ltr'>amplissime,</span> 
     </span>
     <span class='ocr_line' id='line_1_13' title="bbox 287 1582 1942 1673; baseline 0.002 -26"><span class='ocrx_word' id='word_1_138' title='bbox 287 1585 371 1648; x_wconf 90' lang='lat' dir='ltr'>inter</span> <span class='ocrx_word' id='word_1_139' title='bbox 393 1585 536 1648; x_wconf 86' lang='lat' dir='ltr'>maxima</span> <span class='ocrx_word' id='word_1_140' title='bbox 559 1585 668 1648; x_wconf 89' lang='lat' dir='ltr'>curiae</span> <span class='ocrx_word' id='word_1_141' title='bbox 694 1584 802 1648; x_wconf 87' lang='lat' dir='ltr'>sidera</span> <span class='ocrx_word' id='word_1_142' title='bbox 826 1583 1043 1671; x_wconf 90' lang='lat' dir='ltr'>conputande,</span> <span class='ocrx_word' id='word_1_143' title='bbox 1066 1582 1160 1646; x_wconf 93' lang='lat' dir='ltr'>iubar</span> <span class='ocrx_word' id='word_1_144' title='bbox 1181 1582 1365 1663; x_wconf 84' lang='lat' dir='ltr'>facundiae,</span> <span class='ocrx_word' id='word_1_145' title='bbox 1389 1583 1594 1667; x_wconf 90' lang='lat' dir='ltr'>ingeniorum</span> <span class='ocrx_word' id='word_1_146' title='bbox 1621 1584 1761 1665; x_wconf 89' lang='lat' dir='ltr'>flamma,</span> <span class='ocrx_word' id='word_1_147' title='bbox 1786 1587 1942 1673; x_wconf 82' lang='lat' dir='ltr'>splendor</span> 
     </span>
     <span class='ocr_line' id='line_1_14' title="bbox 287 1685 1940 1775; baseline 0.001 -23"><span class='ocrx_word' id='word_1_148' title='bbox 287 1689 504 1771; x_wconf 82' lang='lat' dir='ltr'>eloquentiae,</span> <span class='ocrx_word' id='word_1_149' title='bbox 528 1687 708 1752; x_wconf 88' lang='lat' dir='ltr'>dictionum</span> <span class='ocrx_word' id='word_1_150' title='bbox 733 1709 861 1769; x_wconf 87' lang='lat' dir='ltr'>census,</span> <span class='ocrx_word' id='word_1_151' title='bbox 890 1708 951 1773; x_wconf 93' lang='lat' dir='ltr'>per</span> <span class='ocrx_word' id='word_1_152' title='bbox 980 1706 1152 1750; x_wconf 91' lang='lat' dir='ltr'>nemorum</span> <span class='ocrx_word' id='word_1_153' title='bbox 1177 1685 1266 1749; x_wconf 84' lang='lat' dir='ltr'>invia</span> <span class='ocrx_word' id='word_1_154' title='bbox 1293 1685 1334 1749; x_wconf 91' lang='lat' dir='ltr'>ad</span> <span class='ocrx_word' id='word_1_155' title='bbox 1360 1686 1465 1750; x_wconf 88' lang='lat' dir='ltr'>instar</span> <span class='ocrx_word' id='word_1_156' title='bbox 1493 1687 1667 1772; x_wconf 89' lang='lat' dir='ltr'>pastoralis</span> <span class='ocrx_word' id='word_1_157' title='bbox 1695 1686 1825 1755; x_wconf 90' lang='lat' dir='ltr'>fistulae</span> <span class='ocrx_word' id='word_1_158' title='bbox 1856 1711 1940 1775; x_wconf 91' lang='lat' dir='ltr'>quae</span> 
     </span>
     <span class='ocr_line' id='line_1_15' title="bbox 286 1788 1942 1878; baseline 0.002 -24"><span class='ocrx_word' id='word_1_159' title='bbox 286 1792 393 1855; x_wconf 85' lang='lat' dir='ltr'>viliter</span> <span class='ocrx_word' id='word_1_160' title='bbox 424 1799 597 1856; x_wconf 88' lang='lat' dir='ltr'>narrantur</span> <span class='ocrx_word' id='word_1_161' title='bbox 624 1791 801 1872; x_wconf 86' lang='lat' dir='ltr'>oblectant,</span> <span class='ocrx_word' id='word_1_162' title='bbox 835 1795 1037 1857; x_wconf 89' lang='lat' dir='ltr'>metuentem</span> <span class='ocrx_word' id='word_1_163' title='bbox 1071 1788 1228 1853; x_wconf 89' lang='lat' dir='ltr'>citharam</span> <span class='ocrx_word' id='word_1_164' title='bbox 1258 1795 1357 1869; x_wconf 90' lang='lat' dir='ltr'>tuam,</span> <span class='ocrx_word' id='word_1_165' title='bbox 1391 1788 1579 1854; x_wconf 86' lang='lat' dir='ltr'>laudantem</span> <span class='ocrx_word' id='word_1_166' title='bbox 1607 1789 1743 1875; x_wconf 89' lang='lat' dir='ltr'>plectra,</span> <span class='ocrx_word' id='word_1_167' title='bbox 1777 1814 1872 1878; x_wconf 90' lang='lat' dir='ltr'>quae,</span> <span class='ocrx_word' id='word_1_168' title='bbox 1905 1802 1942 1857; x_wconf 93' lang='lat' dir='ltr'>ut</span> 
     </span>
     <span class='ocr_line' id='line_1_16' title="bbox 257 1891 2020 1981; baseline 0.003 -24"><span class='ocrx_word' id='word_1_169' title='bbox 257 1895 441 1981; x_wconf 75' lang='lat' dir='ltr'>(isuperius</span> <span class='ocrx_word' id='word_1_170' title='bbox 464 1897 566 1976; x_wconf 86' lang='lat' dir='ltr'>texui,</span> <span class='ocrx_word' id='word_1_171' title='bbox 599 1895 784 1980; x_wconf 88' lang='lat' dir='ltr'>agrestibus</span> <span class='ocrx_word' id='word_1_172' title='bbox 812 1894 923 1978; x_wconf 87' lang='lat' dir='ltr'>digitis</span> <span class='ocrx_word' id='word_1_173' title='bbox 952 1894 1036 1958; x_wconf 92' lang='lat' dir='ltr'>meis</span> <span class='ocrx_word' id='word_1_174' title='bbox 1062 1892 1207 1957; x_wconf 91' lang='lat' dir='ltr'>urbanus</span> <span class='ocrx_word' id='word_1_175' title='bbox 1237 1891 1399 1978; x_wconf 91' lang='lat' dir='ltr'>adiungis.</span> <span class='ocrx_word' id='word_1_176' title='bbox 1445 1914 1571 1974; x_wconf 86' lang='lat' dir='ltr'>amove,</span> <span class='ocrx_word' id='word_1_177' title='bbox 1601 1914 1734 1978; x_wconf 89' lang='lat' dir='ltr'>quaeso,</span> <span class='ocrx_word' id='word_1_178' title='bbox 1763 1918 1859 1981; x_wconf 89' lang='lat' dir='ltr'>quam</span> <span class='ocrx_word' id='word_1_179' title='bbox 1882 1898 1940 1963; x_wconf 91' lang='lat' dir='ltr'>ad·</span> <span class='ocrx_word' id='word_1_180' title='bbox 1994 1913 2020 1950; x_wconf 70' lang='lat'>¹⁵</span> 
     </span>
     <span class='ocr_line' id='line_1_17' title="bbox 286 1995 1942 2088; baseline 0.004 -27"><span class='ocrx_word' id='word_1_181' title='bbox 286 1997 381 2062; x_wconf 91' lang='lat' dir='ltr'>hibes</span> <span class='ocrx_word' id='word_1_182' title='bbox 404 1998 445 2061; x_wconf 93' lang='lat' dir='ltr'>ad</span> <span class='ocrx_word' id='word_1_183' title='bbox 468 1997 672 2062; x_wconf 84' lang='lat' dir='ltr'>invitandum</span> <span class='ocrx_word' id='word_1_184' title='bbox 695 2019 747 2062; x_wconf 92' lang='lat' dir='ltr'>me</span> <span class='ocrx_word' id='word_1_185' title='bbox 771 1997 955 2062; x_wconf 88' lang='lat' dir='ltr'>elucubrati</span> <span class='ocrx_word' id='word_1_186' title='bbox 985 1996 1144 2061; x_wconf 91' lang='lat' dir='ltr'>sermonis</span> <span class='ocrx_word' id='word_1_187' title='bbox 1174 1995 1385 2062; x_wconf 90' lang='lat' dir='ltr'>inlecebram.</span> <span class='ocrx_word' id='word_1_188' title='bbox 1431 1995 1550 2078; x_wconf 88' lang='lat' dir='ltr'>absint,</span> <span class='ocrx_word' id='word_1_189' title='bbox 1579 1998 1698 2082; x_wconf 94' lang='lat' dir='ltr'>quibus</span> <span class='ocrx_word' id='word_1_190' title='bbox 1727 2001 1825 2064; x_wconf 89' lang='lat' dir='ltr'>etiam</span> <span class='ocrx_word' id='word_1_191' title='bbox 1854 2002 1942 2088; x_wconf 91' lang='lat' dir='ltr'>apud</span> 
     </span>
     <span class='ocr_line' id='line_1_18' title="bbox 287 2098 1943 2186; baseline 0.002 -21"><span class='ocrx_word' id='word_1_192' title='bbox 287 2102 412 2186; x_wconf 89' lang='lat' dir='ltr'>peritos</span> <span class='ocrx_word' id='word_1_193' title='bbox 444 2102 557 2181; x_wconf 89' lang='lat' dir='ltr'>uteris,</span> <span class='ocrx_word' id='word_1_194' title='bbox 587 2102 695 2165; x_wconf 81' lang='lat' dir='ltr'>vincla</span> <span class='ocrx_word' id='word_1_195' title='bbox 723 2101 895 2186; x_wconf 93' lang='lat' dir='ltr'>conloquii.</span> <span class='ocrx_word' id='word_1_196' title='bbox 933 2120 1096 2186; x_wconf 85' lang='lat' dir='ltr'>conpesce</span> <span class='ocrx_word' id='word_1_197' title='bbox 1119 2100 1293 2164; x_wconf 86' lang='lat' dir='ltr'>verborum</span> <span class='ocrx_word' id='word_1_198' title='bbox 1317 2098 1449 2184; x_wconf 79' lang='lat' dir='ltr'>digitos,</span> <span class='ocrx_word' id='word_1_199' title='bbox 1473 2100 1592 2184; x_wconf 92' lang='lat' dir='ltr'>quibus</span> <span class='ocrx_word' id='word_1_200' title='bbox 1613 2102 1728 2166; x_wconf 88' lang='lat' dir='ltr'>soletis</span> <span class='ocrx_word' id='word_1_201' title='bbox 1743 2104 1943 2169; x_wconf 87' lang='lat' dir='ltr'>renitentum</span> 
     </span>
     <span class='ocr_line' id='line_1_19' title="bbox 287 2203 1943 2295; baseline 0.004 -29"><span class='ocrx_word' id='word_1_202' title='bbox 287 2204 412 2267; x_wconf 89' lang='lat' dir='ltr'>animas</span> <span class='ocrx_word' id='word_1_203' title='bbox 436 2204 477 2268; x_wconf 91' lang='lat' dir='ltr'>ad</span> <span class='ocrx_word' id='word_1_204' title='bbox 500 2204 664 2269; x_wconf 87' lang='lat' dir='ltr'>desideria</span> <span class='ocrx_word' id='word_1_205' title='bbox 687 2210 797 2268; x_wconf 88' lang='lat' dir='ltr'>vestra</span> <span class='ocrx_word' id='word_1_206' title='bbox 820 2205 1018 2291; x_wconf 87' lang='lat' dir='ltr'>conpellere.</span> <span class='ocrx_word' id='word_1_207' title='bbox 1051 2204 1149 2268; x_wconf 90' lang='lat' dir='ltr'>liceat</span> <span class='ocrx_word' id='word_1_208' title='bbox 1171 2224 1224 2268; x_wconf 91' lang='lat' dir='ltr'>me</span> <span class='ocrx_word' id='word_1_209' title='bbox 1247 2209 1304 2267; x_wconf 91' lang='lat' dir='ltr'>aut</span> <span class='ocrx_word' id='word_1_210' title='bbox 1327 2203 1457 2268; x_wconf 90' lang='lat' dir='ltr'>silentio</span> <span class='ocrx_word' id='word_1_211' title='bbox 1481 2204 1643 2269; x_wconf 87' lang='lat' dir='ltr'>inscitiam</span> <span class='ocrx_word' id='word_1_212' title='bbox 1667 2211 1781 2291; x_wconf 87' lang='lat' dir='ltr'>tegere</span> <span class='ocrx_word' id='word_1_213' title='bbox 1804 2216 1861 2271; x_wconf 92' lang='lat' dir='ltr'>aut</span> <span class='ocrx_word' id='word_1_214' title='bbox 1884 2230 1943 2295; x_wconf 95' lang='lat' dir='ltr'>per</span> 
     </span>
     <span class='ocr_line' id='line_1_20' title="bbox 146 2306 1943 2407; baseline 0.002 -37"><span class='ocrx_word' id='word_1_215' title='bbox 146 2309 269 2407; x_wconf 40' lang='lat' dir='ltr'>vngpo.</span> <span class='ocrx_word' id='word_1_216' title='bbox 289 2307 482 2372; x_wconf 90' lang='lat' dir='ltr'>stridentem</span> <span class='ocrx_word' id='word_1_217' title='bbox 513 2309 665 2394; x_wconf 91' lang='lat' dir='ltr'>stipulam</span> <span class='ocrx_word' id='word_1_218' title='bbox 693 2310 767 2372; x_wconf 88' lang='lat' dir='ltr'>aliis</span> <span class='ocrx_word' id='word_1_219' title='bbox 796 2309 924 2372; x_wconf 85' lang='lat' dir='ltr'>triviale</span> <span class='ocrx_word' id='word_1_220' title='bbox 956 2329 1088 2372; x_wconf 89' lang='lat' dir='ltr'>carmen</span> <span class='ocrx_word' id='word_1_221' title='bbox 1119 2306 1258 2372; x_wconf 83' lang='lat' dir='ltr'>adferre.</span> <span class='ocrx_word' id='word_1_222' title='bbox 1302 2307 1473 2371; x_wconf 83' lang='lat' dir='ltr'>vobiscum</span> <span class='ocrx_word' id='word_1_223' title='bbox 1502 2307 1644 2372; x_wconf 82' lang='lat' dir='ltr'>fabulari</span> <span class='ocrx_word' id='word_1_224' title='bbox 1672 2331 1725 2374; x_wconf 90' lang='lat' dir='ltr'>res</span> <span class='ocrx_word' id='word_1_225' title='bbox 1750 2317 1806 2375; x_wconf 83' lang='lat' dir='ltr'>&#39;est</span> <span class='ocrx_word' id='word_1_226' title='bbox 1834 2312 1943 2375; x_wconf 88' lang='lat' dir='ltr'>meriti</span> 
     </span>
     <span class='ocr_line' id='line_1_21' title="bbox 190 2393 2022 2501; baseline 0.001 -22"><span class='ocrx_word' id='word_1_227' title='bbox 190 2394 195 2412; x_wconf 56' lang='lat'>⁸</span> <span class='ocrx_word' id='word_1_228' title='bbox 237 2393 409 2479; x_wconf 43' lang='lat' dir='ltr'>&#39;lveteris</span> <span class='ocrx_word' id='word_1_229' title='bbox 441 2418 474 2476; x_wconf 92' lang='lat' dir='ltr'>et</span> <span class='ocrx_word' id='word_1_230' title='bbox 504 2433 608 2477; x_wconf 84' lang='lat' dir='ltr'>novae</span> <span class='ocrx_word' id='word_1_231' title='bbox 637 2412 815 2477; x_wconf 85' lang='lat' dir='ltr'>felicitatis.</span> <span class='ocrx_word' id='word_1_232' title='bbox 861 2411 946 2496; x_wconf 93' lang='lat' dir='ltr'>quod</span> <span class='ocrx_word' id='word_1_233' title='bbox 982 2412 1010 2475; x_wconf 93' lang='lat' dir='ltr'>si</span> <span class='ocrx_word' id='word_1_234' title='bbox 1038 2411 1103 2475; x_wconf 93' lang='lat' dir='ltr'>mei</span> <span class='ocrx_word' id='word_1_235' title='bbox 1134 2411 1293 2476; x_wconf 91' lang='lat' dir='ltr'>inmemor</span> <span class='ocrx_word' id='word_1_236' title='bbox 1323 2431 1385 2495; x_wconf 90' lang='lat' dir='ltr'>ego</span> <span class='ocrx_word' id='word_1_237' title='bbox 1413 2416 1628 2497; x_wconf 83' lang='lat' dir='ltr'>temptavero,</span> <span class='ocrx_word' id='word_1_238' title='bbox 1663 2412 1801 2501; x_wconf 91' lang='lat' dir='ltr'>adeptus</span> <span class='ocrx_word' id='word_1_239' title='bbox 1830 2423 1944 2480; x_wconf 91' lang='lat' dir='ltr'>contra</span> <span class='ocrx_word' id='word_1_240' title='bbox 1995 2425 2022 2466; x_wconf 76' lang='lat'>²⁰</span> 
     </span>
     <span class='ocr_line' id='line_1_22' title="bbox 287 2514 1944 2604; baseline 0.003 -26"><span class='ocrx_word' id='word_1_241' title='bbox 287 2515 462 2579; x_wconf 89' lang='lat' dir='ltr'>utilitatem</span> <span class='ocrx_word' id='word_1_242' title='bbox 491 2517 657 2602; x_wconf 91' lang='lat' dir='ltr'>propriam</span> <span class='ocrx_word' id='word_1_243' title='bbox 689 2517 768 2580; x_wconf 92' lang='lat' dir='ltr'>solis</span> <span class='ocrx_word' id='word_1_244' title='bbox 800 2538 926 2596; x_wconf 89' lang='lat' dir='ltr'>currus,</span> <span class='ocrx_word' id='word_1_245' title='bbox 963 2515 1049 2579; x_wconf 91' lang='lat' dir='ltr'>iuste</span> <span class='ocrx_word' id='word_1_246' title='bbox 1081 2514 1184 2579; x_wconf 91' lang='lat' dir='ltr'>subeo</span> <span class='ocrx_word' id='word_1_247' title='bbox 1212 2514 1428 2579; x_wconf 90' lang='lat' dir='ltr'>Phaethontis</span> <span class='ocrx_word' id='word_1_248' title='bbox 1458 2517 1656 2600; x_wconf 87' lang='lat' dir='ltr'>exemplum.</span> <span class='ocrx_word' id='word_1_249' title='bbox 1701 2515 1742 2583; x_wconf 89' lang='lat' dir='ltr'>dc</span> <span class='ocrx_word' id='word_1_250' title='bbox 1771 2539 1834 2603; x_wconf 95' lang='lat' dir='ltr'>quo</span> <span class='ocrx_word' id='word_1_251' title='bbox 1866 2520 1944 2604; x_wconf 91' lang='lat' dir='ltr'>quia</span> 
     </span>
    </p>
   </div>
   <div class='ocr_carea' id='block_1_3' title="bbox 288 2617 1942 2705">
    <p class='ocr_par' dir='ltr' id='par_1_3' title="bbox 288 2617 1942 2705">
     <span class='ocr_line' id='line_1_23' title="bbox 288 2617 1942 2705; baseline 0.004 -23"><span class='ocrx_word' id='word_1_252' title='bbox 288 2640 394 2682; x_wconf 89' lang='lat' dir='ltr'>sermo</span> <span class='ocrx_word' id='word_1_253' title='bbox 411 2619 548 2704; x_wconf 88' lang='lat' dir='ltr'>contigit</span> <span class='ocrx_word' id='word_1_254' title='bbox 564 2626 598 2684; x_wconf 91' lang='lat' dir='ltr'>et</span> <span class='ocrx_word' id='word_1_255' title='bbox 613 2619 716 2683; x_wconf 82' lang='lat' dir='ltr'>forma</span> <span class='ocrx_word' id='word_1_256' title='bbox 731 2621 891 2685; x_wconf 88' lang='lat' dir='ltr'>cautionis</span> <span class='ocrx_word' id='word_1_257' title='bbox 908 2619 1060 2699; x_wconf 89' lang='lat' dir='ltr'>accessit,</span> <span class='ocrx_word' id='word_1_258' title='bbox 1082 2617 1159 2704; x_wconf 89' lang='lat' dir='ltr'>quid</span> <span class='ocrx_word' id='word_1_259' title='bbox 1174 2618 1262 2682; x_wconf 85' lang='lat' dir='ltr'>lacto</span> <span class='ocrx_word' id='word_1_260' title='bbox 1279 2638 1361 2705; x_wconf 89' lang='lat' dir='ltr'>opus</span> <span class='ocrx_word' id='word_1_261' title='bbox 1380 2619 1422 2682; x_wconf 90' lang='lat' dir='ltr'>sit</span> <span class='ocrx_word' id='word_1_262' title='bbox 1439 2619 1624 2684; x_wconf 88' lang='lat' dir='ltr'>subiectum</span> <span class='ocrx_word' id='word_1_263' title='bbox 1641 2642 1772 2687; x_wconf 88' lang='lat' dir='ltr'>carmen</span> <span class='ocrx_word' id='word_1_264' title='bbox 1788 2622 1942 2688; x_wconf 91' lang='lat' dir='ltr'>ostendit.</span> 
     </span>
    </p>
   </div>
   <div class='ocr_carea' id='block_1_4' title="bbox 882 2803 1348 2872">
    <p class='ocr_par' dir='ltr' id='par_1_4' title="bbox 882 2803 1348 2872">
     <span class='ocr_line' id='line_1_24' title="bbox 882 2803 1348 2872; baseline -0.002 0"><span class='ocrx_word' id='word_1_265' title='bbox 882 2804 1113 2872; x_wconf 82' lang='lat' dir='ltr'>ENNODIUS</span> <span class='ocrx_word' id='word_1_266' title='bbox 1137 2803 1348 2871; x_wconf 87' lang='lat' dir='ltr'>OLYBRIO.</span> 
     </span>
    </p>
   </div>
   <div class='ocr_carea' id='block_1_5' title="bbox 571 2943 1638 4792">
    <p class='ocr_par' dir='ltr' id='par_1_5' title="bbox 653 2943 1582 3336">
     <span class='ocr_line' id='line_1_25' title="bbox 653 2943 1582 3030; baseline 0 -20"><span class='ocrx_word' id='word_1_267' title='bbox 653 2947 756 3012; x_wconf 85' lang='lat' dir='ltr'>Fama</span> <span class='ocrx_word' id='word_1_268' title='bbox 779 2946 891 3027; x_wconf 83' lang='lat' dir='ltr'>refert,</span> <span class='ocrx_word' id='word_1_269' title='bbox 913 2953 1061 3011; x_wconf 80' lang='lat' dir='ltr'>vetemm</span> <span class='ocrx_word' id='word_1_270' title='bbox 1085 2965 1168 3029; x_wconf 88' lang='lat' dir='ltr'>quae</span> <span class='ocrx_word' id='word_1_271' title='bbox 1191 2943 1296 3008; x_wconf 90' lang='lat' dir='ltr'>nescit</span> <span class='ocrx_word' id='word_1_272' title='bbox 1317 2943 1455 3030; x_wconf 89' lang='lat' dir='ltr'>perdere</span> <span class='ocrx_word' id='word_1_273' title='bbox 1478 2952 1582 3030; x_wconf 87' lang='lat' dir='ltr'>gesta,</span> 
     </span>
     <span class='ocr_line' id='line_1_26' title="bbox 701 3045 1547 3135; baseline -0.002 -20"><span class='ocrx_word' id='word_1_274' title='bbox 701 3050 793 3124; x_wconf 84' lang='lat' dir='ltr'>Quae</span> <span class='ocrx_word' id='word_1_275' title='bbox 817 3051 961 3135; x_wconf 89' lang='lat' dir='ltr'>loquitur</span> <span class='ocrx_word' id='word_1_276' title='bbox 983 3070 1114 3135; x_wconf 92' lang='lat' dir='ltr'>semper</span> <span class='ocrx_word' id='word_1_277' title='bbox 1135 3045 1289 3131; x_wconf 92' lang='lat' dir='ltr'>quidquid</span> <span class='ocrx_word' id='word_1_278' title='bbox 1312 3047 1345 3110; x_wconf 92' lang='lat' dir='ltr'>in</span> <span class='ocrx_word' id='word_1_279' title='bbox 1368 3047 1446 3113; x_wconf 92' lang='lat' dir='ltr'>orbe</span> <span class='ocrx_word' id='word_1_280' title='bbox 1469 3049 1547 3113; x_wconf 84' lang='lat' dir='ltr'>fuit:</span> 
     </span>
     <span class='ocr_line' id='line_1_27' title="bbox 655 3149 1493 3237; baseline -0.001 -19"><span class='ocrx_word' id='word_1_281' title='bbox 655 3153 811 3219; x_wconf 83' lang='lat' dir='ltr'>Germina</span> <span class='ocrx_word' id='word_1_282' title='bbox 832 3155 908 3218; x_wconf 93' lang='lat' dir='ltr'>dnm</span> <span class='ocrx_word' id='word_1_283' title='bbox 932 3154 1014 3217; x_wconf 87' lang='lat' dir='ltr'>lucis</span> <span class='ocrx_word' id='word_1_284' title='bbox 1037 3151 1134 3216; x_wconf 82' lang='lat' dir='ltr'>Titan</span> <span class='ocrx_word' id='word_1_285' title='bbox 1157 3149 1317 3237; x_wconf 79' lang='lat' dir='ltr'>dispergit</span> <span class='ocrx_word' id='word_1_286' title='bbox 1339 3151 1373 3214; x_wconf 89' lang='lat' dir='ltr'>in</span> <span class='ocrx_word' id='word_1_287' title='bbox 1396 3173 1493 3217; x_wconf 84' lang='lat' dir='ltr'>axem</span> 
     </span>
     <span class='ocr_line' id='line_1_28' title="bbox 701 3254 1351 3336; baseline -0.006 -14"><span class='ocrx_word' id='word_1_288' title='bbox 701 3258 745 3322; x_wconf 86' lang='lat' dir='ltr'>Et</span> <span class='ocrx_word' id='word_1_289' title='bbox 768 3258 851 3322; x_wconf 90' lang='lat' dir='ltr'>ditat</span> <span class='ocrx_word' id='word_1_290' title='bbox 873 3256 1028 3321; x_wconf 92' lang='lat' dir='ltr'>mundum</span> <span class='ocrx_word' id='word_1_291' title='bbox 1052 3255 1218 3320; x_wconf 89' lang='lat' dir='ltr'>nobilibus</span> <span class='ocrx_word' id='word_1_292' title='bbox 1241 3254 1351 3336; x_wconf 88' lang='lat' dir='ltr'>radiis,</span> 
     </span>
    </p>

    <p class='ocr_par' dir='ltr' id='par_1_6' title="bbox 584 3357 1518 3738">
     <span class='ocr_line' id='line_1_29' title="bbox 584 3357 1518 3447; baseline 0.002 -26"><span class='ocrx_word' id='word_1_293' title='bbox 584 3385 595 3421; x_wconf 78' lang='grc'><strong>1</strong></span> <span class='ocrx_word' id='word_1_294' title='bbox 653 3360 728 3425; x_wconf 88' lang='lat' dir='ltr'>Uda</span> <span class='ocrx_word' id='word_1_295' title='bbox 751 3362 952 3447; x_wconf 83' lang='lat' dir='ltr'>vaporiferas</span> <span class='ocrx_word' id='word_1_296' title='bbox 976 3359 1130 3425; x_wconf 89' lang='lat' dir='ltr'>cohibent</span> <span class='ocrx_word' id='word_1_297' title='bbox 1152 3357 1229 3422; x_wconf 92' lang='lat' dir='ltr'>dum</span> <span class='ocrx_word' id='word_1_298' title='bbox 1252 3358 1323 3422; x_wconf 91' lang='lat' dir='ltr'>lora</span> <span class='ocrx_word' id='word_1_299' title='bbox 1345 3359 1518 3444; x_wconf 84' lang='lat' dir='ltr'>quadrigas</span> 
     </span>
     <span class='ocr_line' id='line_1_30' title="bbox 700 3461 1432 3549; baseline -0.001 -21"><span class='ocrx_word' id='word_1_300' title='bbox 700 3464 744 3528; x_wconf 85' lang='lat' dir='ltr'>Et</span> <span class='ocrx_word' id='word_1_301' title='bbox 766 3464 901 3528; x_wconf 92' lang='lat' dir='ltr'>nitidum</span> <span class='ocrx_word' id='word_1_302' title='bbox 925 3484 1046 3549; x_wconf 81' lang='lat' dir='ltr'>gurges</span> <span class='ocrx_word' id='word_1_303' title='bbox 1069 3462 1169 3526; x_wconf 90' lang='lat' dir='ltr'>mittit</span> <span class='ocrx_word' id='word_1_304' title='bbox 1191 3462 1312 3547; x_wconf 92' lang='lat' dir='ltr'>ubique</span> <span class='ocrx_word' id='word_1_305' title='bbox 1336 3461 1432 3540; x_wconf 87' lang='lat' dir='ltr'>diem,</span> 
     </span>
     <span class='ocr_line' id='line_1_31' title="bbox 652 3566 1504 3646; baseline 0 -15"><span class='ocrx_word' id='word_1_306' title='bbox 652 3567 825 3633; x_wconf 90' lang='lat' dir='ltr'>Undantes</span> <span class='ocrx_word' id='word_1_307' title='bbox 848 3568 954 3631; x_wconf 88' lang='lat' dir='ltr'>doctis</span> <span class='ocrx_word' id='word_1_308' title='bbox 977 3567 1127 3631; x_wconf 91' lang='lat' dir='ltr'>manibus</span> <span class='ocrx_word' id='word_1_309' title='bbox 1151 3566 1209 3631; x_wconf 84' lang='lat' dir='ltr'>Sol</span> <span class='ocrx_word' id='word_1_310' title='bbox 1229 3567 1324 3631; x_wconf 84' lang='lat' dir='ltr'>flexit</span> <span class='ocrx_word' id='word_1_311' title='bbox 1347 3566 1504 3646; x_wconf 89' lang='lat' dir='ltr'>habenas,</span> 
     </span>
     <span class='ocr_line' id='line_1_32' title="bbox 699 3670 1459 3738; baseline 0.001 -3"><span class='ocrx_word' id='word_1_312' title='bbox 699 3673 871 3738; x_wconf 84' lang='lat' dir='ltr'>Artificem</span> <span class='ocrx_word' id='word_1_313' title='bbox 895 3671 1062 3735; x_wconf 92' lang='lat' dir='ltr'>dominum</span> <span class='ocrx_word' id='word_1_314' title='bbox 1085 3671 1144 3735; x_wconf 84' lang='lat' dir='ltr'>lux</span> <span class='ocrx_word' id='word_1_315' title='bbox 1165 3670 1250 3734; x_wconf 89' lang='lat' dir='ltr'>bene</span> <span class='ocrx_word' id='word_1_316' title='bbox 1274 3676 1352 3734; x_wconf 91' lang='lat' dir='ltr'>nota</span> <span class='ocrx_word' id='word_1_317' title='bbox 1374 3671 1459 3737; x_wconf 92' lang='lat' dir='ltr'>tulit.</span> 
     </span>
    </p>

    <p class='ocr_par' dir='ltr' id='par_1_7' title="bbox 571 3772 1638 4792">
     <span class='ocr_line' id='line_1_33' title="bbox 655 3772 1555 3860; baseline 0 -21"><span class='ocrx_word' id='word_1_318' title='bbox 655 3774 721 3839; x_wconf 83' lang='lat' dir='ltr'>Sed</span> <span class='ocrx_word' id='word_1_319' title='bbox 744 3774 973 3840; x_wconf 90' lang='lat' dir='ltr'>Phaethonteo</span> <span class='ocrx_word' id='word_1_320' title='bbox 996 3781 1172 3860; x_wconf 90' lang='lat' dir='ltr'>postquam</span> <span class='ocrx_word' id='word_1_321' title='bbox 1194 3772 1272 3838; x_wconf 91' lang='lat' dir='ltr'>dare</span> <span class='ocrx_word' id='word_1_322' title='bbox 1295 3795 1397 3859; x_wconf 88' lang='lat' dir='ltr'>regna</span> <span class='ocrx_word' id='word_1_323' title='bbox 1419 3781 1555 3860; x_wconf 89' lang='lat' dir='ltr'>precatu</span> 
     </span>
     <span class='ocr_line' id='line_1_34' title="bbox 571 3876 1297 3965; baseline 0.004 -28"><span class='ocrx_word' id='word_1_324' title='bbox 571 3900 596 3937; x_wconf 81' lang='lat' dir='ltr'>ro</span> <span class='ocrx_word' id='word_1_325' title='bbox 696 3876 771 3941; x_wconf 89' lang='lat' dir='ltr'>Non</span> <span class='ocrx_word' id='word_1_326' title='bbox 795 3879 975 3965; x_wconf 86' lang='lat' dir='ltr'>exploratis</span> <span class='ocrx_word' id='word_1_327' title='bbox 998 3877 1123 3942; x_wconf 90' lang='lat' dir='ltr'>viribus</span> <span class='ocrx_word' id='word_1_328' title='bbox 1146 3877 1297 3956; x_wconf 90' lang='lat' dir='ltr'>instituit,</span> 
     </span>
     <span class='ocr_line' id='line_1_35' title="bbox 653 3980 1496 4066; baseline -0.001 -22"><span class='ocrx_word' id='word_1_329' title='bbox 653 3981 864 4066; x_wconf 87' lang='lat' dir='ltr'>Degenerem</span> <span class='ocrx_word' id='word_1_330' title='bbox 886 3981 1000 4066; x_wconf 91' lang='lat' dir='ltr'>primis</span> <span class='ocrx_word' id='word_1_331' title='bbox 1024 3988 1186 4045; x_wconf 91' lang='lat' dir='ltr'>rectorem</span> <span class='ocrx_word' id='word_1_332' title='bbox 1209 3980 1352 4045; x_wconf 92' lang='lat' dir='ltr'>motibus</span> <span class='ocrx_word' id='word_1_333' title='bbox 1375 3987 1496 4043; x_wconf 88' lang='lat' dir='ltr'>astmm</span> 
     </span>
     <span class='ocr_line' id='line_1_36' title="bbox 702 4083 1458 4168; baseline -0.004 -20"><span class='ocrx_word' id='word_1_334' title='bbox 702 4083 814 4149; x_wconf 88' lang='lat' dir='ltr'>Sensit</span> <span class='ocrx_word' id='word_1_335' title='bbox 837 4091 871 4149; x_wconf 90' lang='lat' dir='ltr'>et</span> <span class='ocrx_word' id='word_1_336' title='bbox 894 4084 1042 4149; x_wconf 86' lang='lat' dir='ltr'>excussis</span> <span class='ocrx_word' id='word_1_337' title='bbox 1066 4103 1196 4148; x_wconf 89' lang='lat' dir='ltr'>currere</span> <span class='ocrx_word' id='word_1_338' title='bbox 1223 4083 1331 4168; x_wconf 90' lang='lat' dir='ltr'>coepit</span> <span class='ocrx_word' id='word_1_339' title='bbox 1355 4084 1458 4167; x_wconf 92' lang='lat' dir='ltr'>equis.</span> 
     </span>
     <span class='ocr_line' id='line_1_37' title="bbox 655 4187 1521 4275; baseline -0.002 -22"><span class='ocrx_word' id='word_1_340' title='bbox 655 4188 749 4255; x_wconf 84' lang='lat' dir='ltr'>Tunc</span> <span class='ocrx_word' id='word_1_341' title='bbox 772 4196 874 4254; x_wconf 91' lang='lat' dir='ltr'>totam</span> <span class='ocrx_word' id='word_1_342' title='bbox 898 4190 1030 4275; x_wconf 88' lang='lat' dir='ltr'>sonipes</span> <span class='ocrx_word' id='word_1_343' title='bbox 1053 4189 1161 4252; x_wconf 91' lang='lat' dir='ltr'>lucem</span> <span class='ocrx_word' id='word_1_344' title='bbox 1185 4187 1226 4253; x_wconf 92' lang='lat' dir='ltr'>de</span> <span class='ocrx_word' id='word_1_345' title='bbox 1249 4188 1382 4251; x_wconf 92' lang='lat' dir='ltr'>naribus</span> <span class='ocrx_word' id='word_1_346' title='bbox 1406 4187 1521 4251; x_wconf 82' lang='lat' dir='ltr'>efflans</span> 
     </span>
     <span class='ocr_line' id='line_1_38' title="bbox 699 4292 1407 4378; baseline -0.003 -22"><span class='ocrx_word' id='word_1_347' title='bbox 699 4292 775 4357; x_wconf 86' lang='lat' dir='ltr'>Non</span> <span class='ocrx_word' id='word_1_348' title='bbox 798 4294 904 4359; x_wconf 90' lang='lat' dir='ltr'>tenuit</span> <span class='ocrx_word' id='word_1_349' title='bbox 926 4294 1010 4378; x_wconf 85' lang='lat' dir='ltr'>legis</span> <span class='ocrx_word' id='word_1_350' title='bbox 1033 4299 1183 4378; x_wconf 90' lang='lat' dir='ltr'>tempora</span> <span class='ocrx_word' id='word_1_351' title='bbox 1206 4299 1295 4356; x_wconf 89' lang='lat' dir='ltr'>certa</span> <span class='ocrx_word' id='word_1_352' title='bbox 1319 4312 1407 4356; x_wconf 88' lang='lat' dir='ltr'>suae.</span> 
     </span>
     <span class='ocr_line' id='line_1_39' title="bbox 575 4394 1570 4483; baseline 0.004 -29"><span class='ocrx_word' id='word_1_353' title='bbox 575 4416 598 4454; x_wconf 79' lang='grc'>11</span> <span class='ocrx_word' id='word_1_354' title='bbox 655 4394 694 4458; x_wconf 93' lang='lat' dir='ltr'>In</span> <span class='ocrx_word' id='word_1_355' title='bbox 717 4396 881 4460; x_wconf 88' lang='lat' dir='ltr'>flammam</span> <span class='ocrx_word' id='word_1_356' title='bbox 905 4397 1005 4461; x_wconf 89' lang='lat' dir='ltr'>cessit</span> <span class='ocrx_word' id='word_1_357' title='bbox 1028 4396 1194 4483; x_wconf 93' lang='lat' dir='ltr'>splendor,</span> <span class='ocrx_word' id='word_1_358' title='bbox 1217 4394 1304 4480; x_wconf 92' lang='lat' dir='ltr'>quod</span> <span class='ocrx_word' id='word_1_359' title='bbox 1326 4395 1464 4459; x_wconf 91' lang='lat' dir='ltr'>luminat</span> <span class='ocrx_word' id='word_1_360' title='bbox 1485 4395 1570 4459; x_wconf 88' lang='lat' dir='ltr'>ussit</span> 
     </span>
     <span class='ocr_line' id='line_1_40' title="bbox 700 4497 1458 4585; baseline 0.001 -22"><span class='ocrx_word' id='word_1_361' title='bbox 700 4497 860 4585; x_wconf 87' lang='lat' dir='ltr'>Quodque</span> <span class='ocrx_word' id='word_1_362' title='bbox 885 4500 1006 4564; x_wconf 91' lang='lat' dir='ltr'>animat</span> <span class='ocrx_word' id='word_1_363' title='bbox 1029 4506 1133 4564; x_wconf 91' lang='lat' dir='ltr'>terras</span> <span class='ocrx_word' id='word_1_364' title='bbox 1157 4500 1295 4565; x_wconf 83' lang='lat' dir='ltr'>exitium</span> <span class='ocrx_word' id='word_1_365' title='bbox 1317 4499 1458 4584; x_wconf 89' lang='lat' dir='ltr'>peperit.</span> 
     </span>
     <span class='ocr_line' id='line_1_41' title="bbox 652 4601 1638 4691; baseline 0.001 -26"><span class='ocrx_word' id='word_1_366' title='bbox 652 4602 744 4666; x_wconf 85' lang='lat' dir='ltr'>Tunc</span> <span class='ocrx_word' id='word_1_367' title='bbox 768 4609 801 4667; x_wconf 91' lang='lat' dir='ltr'>et</span> <span class='ocrx_word' id='word_1_368' title='bbox 823 4603 1059 4691; x_wconf 89' lang='lat' dir='ltr'>Hyperboreas</span> <span class='ocrx_word' id='word_1_369' title='bbox 1083 4603 1160 4668; x_wconf 92' lang='lat' dir='ltr'>dum</span> <span class='ocrx_word' id='word_1_370' title='bbox 1183 4604 1302 4689; x_wconf 88' lang='lat' dir='ltr'>frangit</span> <span class='ocrx_word' id='word_1_371' title='bbox 1324 4601 1476 4687; x_wconf 90' lang='lat' dir='ltr'>lampade</span> <span class='ocrx_word' id='word_1_372' title='bbox 1501 4608 1638 4683; x_wconf 90' lang='lat' dir='ltr'>crustas,</span> 
     </span>
     <span class='ocr_line' id='line_1_42' title="bbox 699 4704 1355 4792; baseline 0.008 -24"><span class='ocrx_word' id='word_1_373' title='bbox 699 4704 816 4791; x_wconf 86' lang='lat' dir='ltr'>Epotis</span> <span class='ocrx_word' id='word_1_374' title='bbox 839 4706 960 4771; x_wconf 85' lang='lat' dir='ltr'>Tanais</span> <span class='ocrx_word' id='word_1_375' title='bbox 984 4709 1090 4772; x_wconf 90' lang='lat' dir='ltr'>siccus</span> <span class='ocrx_word' id='word_1_376' title='bbox 1114 4708 1229 4772; x_wconf 87' lang='lat' dir='ltr'>abibat</span> <span class='ocrx_word' id='word_1_377' title='bbox 1251 4707 1355 4792; x_wconf 90' lang='lat' dir='ltr'>aquis.</span> 
     </span>
    </p>
   </div>
   <div class='ocr_carea' id='block_1_6' title="bbox 287 5029 2026 5449">
    <p class='ocr_par' dir='ltr' id='par_1_8' title="bbox 287 5029 2026 5449">
     <span class='ocr_line' id='line_1_43' title="bbox 408 5029 1949 5103; baseline 0.003 -23"><span class='ocrx_word' id='word_1_378' title='bbox 408 5029 548 5100; x_wconf 87' lang='lat' dir='ltr'>lrndens]</span> <span class='ocrx_word' id='word_1_379' title='bbox 567 5033 652 5083; x_wconf 89' lang='lat' dir='ltr'>ridens</span> <span class='ocrx_word' id='word_1_380' title='bbox 670 5032 696 5083; x_wconf 89' lang='lat' dir='ltr'><em>B</em></span> <span class='ocrx_word' id='word_1_381' title='bbox 703 5033 712 5070; x_wconf 87' lang='lat'><em>¹</em></span> <span class='ocrx_word' id='word_1_382' title='bbox 719 5070 726 5097; x_wconf 89' lang='lat'>,</span> <span class='ocrx_word' id='word_1_383' title='bbox 753 5033 856 5084; x_wconf 84' lang='lat' dir='ltr'>rudisb</span> <span class='ocrx_word' id='word_1_384' title='bbox 995 5032 1105 5086; x_wconf 85' lang='lat' dir='ltr'>3famis</span> <span class='ocrx_word' id='word_1_385' title='bbox 1122 5035 1148 5085; x_wconf 92' lang='lat' dir='ltr'><em>B</em></span> <span class='ocrx_word' id='word_1_386' title='bbox 1243 5035 1317 5086; x_wconf 87' lang='lat' dir='ltr'>cadet</span> <span class='ocrx_word' id='word_1_387' title='bbox 1334 5034 1359 5085; x_wconf 80' lang='grc' dir='ltr'><strong><em>Β</em></strong></span> <span class='ocrx_word' id='word_1_388' title='bbox 1455 5037 1576 5103; x_wconf 90' lang='lat' dir='ltr'>quicquid</span> <span class='ocrx_word' id='word_1_389' title='bbox 1596 5035 1621 5086; x_wconf 79' lang='lat' dir='ltr'><strong><em>V</em></strong></span> <span class='ocrx_word' id='word_1_390' title='bbox 1754 5033 1905 5103; x_wconf 72' lang='lat' dir='ltr'>bapportst</span> <span class='ocrx_word' id='word_1_391' title='bbox 1924 5034 1949 5085; x_wconf 87' lang='lat' dir='ltr'><strong><em>V</em></strong></span> 
     </span>
     <span class='ocr_line' id='line_1_44' title="bbox 287 5114 2026 5190; baseline 0.003 -21"><span class='ocrx_word' id='word_1_392' title='bbox 287 5114 443 5185; x_wconf 73' lang='lat' dir='ltr'>delegata</span> <span class='ocrx_word' id='word_1_393' title='bbox 547 5118 706 5171; x_wconf 79' lang='lat' dir='ltr'>lreddatB</span> <span class='ocrx_word' id='word_1_394' title='bbox 808 5117 938 5186; x_wconf 83' lang='lat' dir='ltr'>8lepore]</span> <span class='ocrx_word' id='word_1_395' title='bbox 952 5120 1129 5174; x_wconf 81' lang='lat' dir='ltr'>nmoreSr&#39;rm.</span> <span class='ocrx_word' id='word_1_396' title='bbox 1193 5120 1323 5189; x_wconf 79' lang='lat' dir='ltr'>propositi}</span> <span class='ocrx_word' id='word_1_397' title='bbox 1336 5123 1412 5190; x_wconf 85' lang='lat' dir='ltr'>positi</span> <span class='ocrx_word' id='word_1_398' title='bbox 1425 5123 1451 5171; x_wconf 88' lang='lat' dir='ltr'><em>B</em></span> <span class='ocrx_word' id='word_1_399' title='bbox 1555 5121 1586 5172; x_wconf 94' lang='grc'>11</span> <span class='ocrx_word' id='word_1_400' title='bbox 1607 5120 1869 5189; x_wconf 75' lang='lat' dir='ltr'>corrtcmpmtBVL‚</span> <span class='ocrx_word' id='word_1_401' title='bbox 1885 5137 1945 5173; x_wconf 80' lang='lat' dir='ltr'>cou-</span> <span class='ocrx_word' id='word_1_402' title='bbox 2017 5156 2026 5167; x_wconf 85' lang='lat'><strong>·</strong></span> 
     </span>
     <span class='ocr_line' id='line_1_45' title="bbox 287 5200 1946 5274; baseline 0.003 -20"><span class='ocrx_word' id='word_1_403' title='bbox 287 5203 389 5255; x_wconf 83' lang='lat' dir='ltr'>demunt</span> <span class='ocrx_word' id='word_1_404' title='bbox 407 5200 467 5256; x_wconf 70' lang='lat'><em>01³1&gt;</em></span> <span class='ocrx_word' id='word_1_405' title='bbox 586 5202 619 5256; x_wconf 83' lang='lat'>14</span> <span class='ocrx_word' id='word_1_406' title='bbox 638 5207 765 5256; x_wconf 80' lang='lat' dir='ltr'>cethuram</span> <span class='ocrx_word' id='word_1_407' title='bbox 779 5205 823 5255; x_wconf 74' lang='lat'>131</span> <span class='ocrx_word' id='word_1_408' title='bbox 944 5205 975 5257; x_wconf 81' lang='grc'><strong>17</strong></span> <span class='ocrx_word' id='word_1_409' title='bbox 995 5209 1092 5274; x_wconf 87' lang='lat' dir='ltr'>peritus</span> <span class='ocrx_word' id='word_1_410' title='bbox 1109 5208 1138 5270; x_wconf 93' lang='lat' dir='ltr'>(u</span> <span class='ocrx_word' id='word_1_411' title='bbox 1155 5209 1206 5259; x_wconf 80' lang='lat' dir='ltr'>del.</span> <span class='ocrx_word' id='word_1_412' title='bbox 1224 5218 1246 5260; x_wconf 85' lang='lat' dir='ltr'>et</span> <span class='ocrx_word' id='word_1_413' title='bbox 1264 5210 1273 5259; x_wconf 93' lang='lat' dir='ltr'>i</span> <span class='ocrx_word' id='word_1_414' title='bbox 1291 5227 1347 5274; x_wconf 76' lang='lat' dir='ltr'>sup.</span> <span class='ocrx_word' id='word_1_415' title='bbox 1366 5227 1415 5259; x_wconf 84' lang='lat' dir='ltr'>aer.</span> <span class='ocrx_word' id='word_1_416' title='bbox 1434 5227 1503 5260; x_wconf 77' lang='lat' dir='ltr'>marr.</span> <span class='ocrx_word' id='word_1_417' title='bbox 1519 5208 1584 5274; x_wconf 80' lang='lat' dir='ltr'>2)B</span> <span class='ocrx_word' id='word_1_418' title='bbox 1661 5210 1797 5261; x_wconf 86' lang='lat' dir='ltr'>uinculab</span> <span class='ocrx_word' id='word_1_419' title='bbox 1880 5209 1946 5259; x_wconf 83' lang='lat' dir='ltr'>reni·</span> 
     </span>
     <span class='ocr_line' id='line_1_46' title="bbox 287 5290 1949 5361; baseline 0.002 -21"><span class='ocrx_word' id='word_1_420' title='bbox 287 5291 423 5341; x_wconf 81' lang='lat' dir='ltr'>tentiumb</span> <span class='ocrx_word' id='word_1_421' title='bbox 529 5290 561 5342; x_wconf 89' lang='grc'>19</span> <span class='ocrx_word' id='word_1_422' title='bbox 579 5291 716 5343; x_wconf 84' lang='lat' dir='ltr'>tribiach</span> <span class='ocrx_word' id='word_1_423' title='bbox 819 5290 852 5342; x_wconf 77' lang='lat'>21</span> <span class='ocrx_word' id='word_1_424' title='bbox 871 5294 1036 5357; x_wconf 80' lang='lat' dir='ltr'>snomntisB,</span> <span class='ocrx_word' id='word_1_425' title='bbox 1061 5296 1180 5345; x_wconf 82' lang='lat' dir='ltr'>loetontis</span> <span class='ocrx_word' id='word_1_426' title='bbox 1195 5294 1241 5344; x_wconf 81' lang='lat' dir='ltr'>VJ.</span> <span class='ocrx_word' id='word_1_427' title='bbox 1346 5291 1380 5345; x_wconf 77' lang='lat'>23</span> <span class='ocrx_word' id='word_1_428' title='bbox 1399 5297 1532 5347; x_wconf 85' lang='lat' dir='ltr'>anodius</span> <span class='ocrx_word' id='word_1_429' title='bbox 1549 5293 1665 5361; x_wconf 88' lang='lat' dir='ltr'>Olybrio]</span> <span class='ocrx_word' id='word_1_430' title='bbox 1683 5312 1776 5347; x_wconf 79' lang='lat' dir='ltr'>narsus</span> <span class='ocrx_word' id='word_1_431' title='bbox 1793 5291 1949 5346; x_wconf 76' lang='lat' dir='ltr'>add.V1.P</span> 
     </span>
     <span class='ocr_line' id='line_1_47' title="bbox 287 5373 1947 5449; baseline 0.004 -26"><span class='ocrx_word' id='word_1_432' title='bbox 287 5391 311 5426; x_wconf 86' lang='lat' dir='ltr'>v.</span> <span class='ocrx_word' id='word_1_433' title='bbox 329 5373 347 5424; x_wconf 79' lang='lat'><strong>2</strong></span> <span class='ocrx_word' id='word_1_434' title='bbox 364 5377 486 5442; x_wconf 89' lang='lat' dir='ltr'>quicquid</span> <span class='ocrx_word' id='word_1_435' title='bbox 503 5376 525 5425; x_wconf 88' lang='lat' dir='ltr'><em>V</em></span> <span class='ocrx_word' id='word_1_436' title='bbox 660 5395 685 5428; x_wconf 86' lang='lat' dir='ltr'>v.</span> <span class='ocrx_word' id='word_1_437' title='bbox 703 5376 720 5428; x_wconf 91' lang='grc'><strong>6</strong></span> <span class='ocrx_word' id='word_1_438' title='bbox 737 5379 828 5445; x_wconf 86' lang='lat' dir='ltr'>gurgis</span> <span class='ocrx_word' id='word_1_439' title='bbox 841 5378 866 5427; x_wconf 86' lang='lat' dir='ltr'><em>B</em></span> <span class='ocrx_word' id='word_1_440' title='bbox 1004 5396 1029 5430; x_wconf 84' lang='lat' dir='ltr'>v.</span> <span class='ocrx_word' id='word_1_441' title='bbox 1045 5377 1062 5428; x_wconf 90' lang='grc'><strong>9</strong></span> <span class='ocrx_word' id='word_1_442' title='bbox 1080 5381 1206 5431; x_wconf 79' lang='lat' dir='ltr'>ssetonteo</span> <span class='ocrx_word' id='word_1_443' title='bbox 1219 5379 1252 5443; x_wconf 88' lang='lat' dir='ltr'>B,</span> <span class='ocrx_word' id='word_1_444' title='bbox 1271 5382 1398 5432; x_wconf 80' lang='lat' dir='ltr'>lootonteo</span> <span class='ocrx_word' id='word_1_445' title='bbox 1414 5380 1460 5430; x_wconf 77' lang='lat' dir='ltr'>VJ.</span> <span class='ocrx_word' id='word_1_446' title='bbox 1601 5399 1627 5432; x_wconf 79' lang='lat' dir='ltr'>v.</span> <span class='ocrx_word' id='word_1_447' title='bbox 1643 5378 1677 5433; x_wconf 90' lang='grc'><strong>10</strong></span> <span class='ocrx_word' id='word_1_448' title='bbox 1693 5378 1842 5449; x_wconf 82' lang='lat' dir='ltr'>exploratis]</span> <span class='ocrx_word' id='word_1_449' title='bbox 1860 5396 1947 5431; x_wconf 81' lang='lat' dir='ltr'>exem·</span> 
     </span>
    </p>
   </div>
   <div class='ocr_carea' id='block_1_7' title="bbox 287 5460 1950 5613">
    <p class='ocr_par' dir='ltr' id='par_1_9' title="bbox 287 5460 1950 5613">
     <span class='ocr_line' id='line_1_48' title="bbox 288 5460 1950 5536; baseline 0.005 -24"><span class='ocrx_word' id='word_1_450' title='bbox 288 5461 392 5528; x_wconf 84' lang='lat' dir='ltr'>ploratis</span> <span class='ocrx_word' id='word_1_451' title='bbox 406 5462 432 5513; x_wconf 90' lang='lat' dir='ltr'><em>B</em></span> <span class='ocrx_word' id='word_1_452' title='bbox 570 5481 595 5514; x_wconf 83' lang='lat' dir='ltr'>v.</span> <span class='ocrx_word' id='word_1_453' title='bbox 615 5460 647 5514; x_wconf 79' lang='lat'>17</span> <span class='ocrx_word' id='word_1_454' title='bbox 665 5464 803 5532; x_wconf 80' lang='lat' dir='ltr'>frangetB</span> <span class='ocrx_word' id='word_1_455' title='bbox 940 5483 966 5516; x_wconf 81' lang='lat' dir='ltr'>v.</span> <span class='ocrx_word' id='word_1_456' title='bbox 985 5463 1019 5515; x_wconf 82' lang='lat' dir='ltr'>1ss</span> <span class='ocrx_word' id='word_1_457' title='bbox 1036 5466 1117 5533; x_wconf 84' lang='lat' dir='ltr'>epotis</span> <span class='ocrx_word' id='word_1_458' title='bbox 1135 5465 1228 5531; x_wconf 70' lang='lat' dir='ltr'>Sirra,</span> <span class='ocrx_word' id='word_1_459' title='bbox 1252 5475 1329 5534; x_wconf 89' lang='lat' dir='ltr'>opotu</span> <span class='ocrx_word' id='word_1_460' title='bbox 1345 5464 1436 5530; x_wconf 85' lang='lat' dir='ltr'>BVL,</span> <span class='ocrx_word' id='word_1_461' title='bbox 1459 5474 1485 5519; x_wconf 87' lang='lat' dir='ltr'>et</span> <span class='ocrx_word' id='word_1_462' title='bbox 1503 5474 1566 5536; x_wconf 89' lang='lat' dir='ltr'>potu</span> <span class='ocrx_word' id='word_1_463' title='bbox 1589 5462 1671 5518; x_wconf 74' lang='lat' dir='ltr'>wPu</span> <span class='ocrx_word' id='word_1_464' title='bbox 1765 5468 1840 5534; x_wconf 80' lang='lat' dir='ltr'>aquis</span> <span class='ocrx_word' id='word_1_465' title='bbox 1858 5465 1950 5534; x_wconf 71' lang='lat' dir='ltr'>Sim,</span> 
     </span>
     <span class='ocr_line' id='line_1_49' title="bbox 287 5548 477 5613; baseline 0.011 -16"><span class='ocrx_word' id='word_1_466' title='bbox 287 5549 361 5613; x_wconf 85' lang='lat' dir='ltr'>aquis</span> <span class='ocrx_word' id='word_1_467' title='bbox 379 5548 477 5599; x_wconf 77' lang='lat' dir='ltr'>codices</span> 
     </span>
    </p>
   </div>
   <div class='ocr_carea' id='block_1_8' title="bbox 0 0 2263 6228">
    <p class='ocr_par' dir='ltr' id='par_1_10' title="bbox 0 0 2263 6228">
     <span class='ocr_line' id='line_1_50' title="bbox 0 0 2263 6228; baseline 0 0"><span class='ocrx_word' id='word_1_468' title='bbox 0 0 2263 6228; x_wconf 95' lang='lat' dir='ltr'> </span> 
     </span>
    </p>
   </div>
  </div>
 </body>
</html>
