4500 6232
344 310 385 373 80
875 305 963 361 cxlx
983 307 1086 375 (orer.
1104 310 1140 376 s),
1160 306 1235 362 axx
1254 306 1374 376 (caan.
1393 306 1419 372 a,
1437 307 1474 375 a).

342 481 509 567 magister,
539 487 589 546 tot
610 502 670 567 pro
697 481 760 545 isto
789 481 955 567 supplices
977 501 1094 544 manus
1118 481 1206 545 etin
1230 501 1288 566 spe
1312 480 1439 567 parvoli
1464 481 1606 546 maiores
1631 481 1702 546 eius
1726 500 1778 546 me
1800 486 1901 566 teque
1925 500 2003 545 eon-

292 584 462 649 ldsidera.
506 605 612 670 genus
643 590 694 648 est
725 583 892 668 singulare
922 582 1028 647 laudis
1059 584 1092 647 in
1122 582 1308 648 doctoribus
1341 582 1494 670 discipuli
1524 582 1676 649 eruditio.
1720 581 1862 649 Achillis
1891 582 2005 669 lingua

343 687 466 752 Chiron
489 688 642 753 innotuit:
666 688 745 753 iecit
769 688 918 773 sequacis
940 687 1101 765 meritum,
1125 687 1313 773 opinionem
1336 687 1424 751 illius
1447 686 1520 773 plus
1543 687 1655 769 amari,
1680 686 1773 752 euius
1788 706 1900 774 perse
1917 685 2003 751 forte

342 791 498 857 facundia
520 793 552 857 in
576 791 683 856 lucem
707 812 772 855 non
795 791 954 876 potuisset
976 790 1078 854 exire.
1124 789 1217 854 Maro
1240 796 1352 856 vester
1374 790 1474 856 tantis
1504 789 1710 856 institutores
1737 808 2002 866 suescommen-

343 895 441 975 davit,
465 896 596 980 quantis
619 895 690 980 ipse
714 901 811 959 nctus
835 901 899 959 est:
924 900 958 959 et
981 899 1070 959 certe
1092 894 1165 958 illos
1188 894 1388 978 permerito
1411 914 1471 958 sua
1493 894 1582 959 fama
1603 913 1669 958 non
1690 892 1845 981 prodidit.
1881 891 2002 959 Hiero·
2062 920 2073 953 a

343 1020 460 1084 nymus
484 1005 605 1077 noster,
633 997 696 1062 nisi
718 1004 966 1084 praeceptorem
988 1020 1082 1062 suum
1105 997 1302 1083 Gregorium
1326 997 1467 1079 diceret,
1495 998 1551 1063 illo
1573 997 1690 1063 melior
1711 1003 1920 1073 censeretur;
1947 994 2005 1061 sed

293 1100 390 1166 lhilli
414 1100 608 1187 adplicanda
632 1107 707 1165 sunt
730 1102 817 1166 bona
843 1103 1015 1182 nominati,
1047 1123 1067 1165 a
1091 1122 1155 1188 quo
1185 1102 1365 1187 sumpsisse
1385 1100 1542 1166 uidentur
1565 1101 1734 1187 originem.
1779 1101 1813 1166 in
1835 1120 2004 1167 summam.

343 1211 380 1269 ut
403 1205 481 1284 dixi,
506 1207 631 1271 caelum
655 1207 765 1291 pulsat
787 1205 934 1291 magistri
957 1203 1067 1290 opinio
1090 1203 1291 1290 perfectione
1315 1204 1475 1291 discipuli.
1522 1212 1601 1292 aput
1623 1205 1782 1270 scientem
1810 1224 1919 1270 rerum
1939 1224 2006 1269 non

345 1307 452 1373 obicio
477 1308 685 1383 oblivionem,
710 1310 785 1393 quia
808 1318 887 1373 ncta
910 1328 1141 1373 commemoro.
1187 1328 1286 1372 avara
1309 1315 1385 1373 sunt
1407 1314 1484 1375 vota
1506 1308 1713 1395 diligentum.
1758 1307 1856 1373 deum
1879 1327 2005 1395 precor,

344 1417 381 1474 ut
410 1411 526 1475 studiis
556 1413 673 1477 vestris
705 1413 846 1497 gratiam
877 1433 970 1476 suam
1004 1411 1156 1476 comitem
1189 1411 1317 1496 iungat,
1351 1418 1387 1475 ut
1417 1433 1497 1499 quos
1526 1434 1546 1478 a
1574 1434 1627 1478 ma
1657 1411 1818 1478 limandos
1846 1410 2005 1497 accepisti
2055 1438 2078 1476 a

344 1515 554 1580 doctissimos
584 1515 717 1596 reddas,
755 1522 788 1580 et
816 1517 946 1581 illorum
980 1514 1119 1581 eruditio
1146 1520 1257 1591 vestra
1291 1515 1422 1600 quidem
1454 1516 1576 1603 gloria,
1611 1515 1670 1580 sed
1699 1536 1809 1582 meum
1843 1514 2007 1580 efficiatur

346 1618 551 1704 obsequium.

1006 1871 1104 1940 Lxx
1127 1873 1233 1961 (caan.
1251 1877 1280 1954 2,
1298 1874 1344 1960 3).

467 2066 529 2138 DE
556 2066 922 2142 EPIGRAMMATIS
948 2070 1043 2142 PER
1070 2069 1298 2143 ARMARIA
1326 2067 1477 2142 DOMNI
1504 2067 1678 2142 FAVSTI
1703 2066 1732 2140 F
1735 2066 1888 2141 ACTIS.

715 2233 868 2300 Consona
890 2235 1028 2302 diversis
1051 2237 1174 2302 finxisti
1198 2237 1343 2301 earmina
1365 2235 1465 2302 libris.

762 2338 928 2425 Suscipiat
950 2341 1097 2426 gaudens
1119 2340 1229 2406 littera
1251 2339 1338 2426 quod
1361 2338 1484 2406 tribuit.

713 2441 834 2507 Nescio
857 2444 912 2528 qui
936 2449 1063 2509 tantum
1086 2466 1151 2509 non
1173 2444 1295 2524 laudet,
1319 2443 1453 2520 Fausta,
1477 2443 1645 2529 pudorem,

762 2544 844 2609 Cum
869 2545 977 2612 reddis
1002 2547 1029 2611 si
1052 2547 1130 2633 quid
1152 2549 1240 2613 lecta
1262 2547 1382 2613 dedere
1406 2547 1474 2611 tibi.

644 2663 654 2693 ἢ
717 2647 913 2734 Depositum
937 2650 1045 2736 perdit
1066 2672 1160 2716 mens
1183 2652 1264 2716 recti
1287 2652 1400 2716 nescia
1424 2673 1564 2737 semper,

761 2752 814 2816 Ad
837 2775 944 2818 mores
969 2754 1108 2820 redeunt
1130 2756 1211 2820 haee
1235 2755 1433 2820 documenta
1455 2755 1585 2840 probos.

716 2855 751 2918 Si
775 2862 886 2922 tamen
909 2856 1054 2923 admittis
1077 2858 1194 2924 dexter
1217 2880 1291 2924 mea
1314 2859 1425 2941 verba,
1448 2858 1591 2922 fatebor:

763 2959 826 3032 Qui
849 2960 951 3045 pollet
973 2962 1111 3047 magnis,
1136 2963 1271 3046 parvula
1295 2963 1380 3025 iusto
1403 2962 1506 3046 lugat.

715 3063 915 3150 Laudentur¹
929 3067 1028 3131 tereti
1051 3086 1132 3151 quos
1155 3066 1264 3151 pingis
1288 3067 1431 3131 carmine
1454 3071 1556 3144 vates,

634 3185 659 3220 1⁰
763 3169 914 3234 Mascula
937 3171 1100 3236 rhetorico
1125 3171 1293 3235 schemate
1317 3170 1430 3255 lingua
1453 3176 1553 3248 tonet,

717 3271 786 3335 Ceu
809 3271 932 3336 Paulus
956 3272 1121 3338 Christum
1144 3273 1255 3338 docuit
1277 3274 1507 3359 hominemque
1531 3271 1702 3356 deumque.

763 3373 859 3446 Quod
882 3383 1025 3462 praestat
1049 3378 1185 3458 cunctis,
1209 3377 1353 3463 gaudeat
1377 3377 1522 3461 eloquio:

716 3477 829 3544 Attica
850 3501 910 3565 per
933 3479 1050 3545 Graios
1075 3480 1219 3546 ditentur
1241 3481 1395 3566 dogmata
1418 3502 1533 3545 sensus

764 3581 808 3646 Et
830 3589 975 3649 nostrum
1000 3591 1131 3670 stupeat
1155 3584 1296 3650 Graecia
1318 3584 1417 3650 docta
1439 3584 1550 3651 decus.

634 3700 658 3737 1⁵
718 3686 853 3751 Moralis
877 3687 999 3753 strictis
1021 3694 1205 3769 narrentur,
1229 3689 1333 3775 fysica
1357 3689 1465 3768 certis,

765 3790 945 3855 Historiam
968 3797 1152 3856 monstrans
1176 3792 1298 3858 indicet
1321 3792 1467 3874 historia,

677 3877 685 3891 ’
718 3894 852 3960 Comiea
874 3917 934 3981 per
955 3896 1066 3960 limam
1089 3903 1312 3977 numerentur,
1335 3898 1434 3963 fortia
1455 3899 1582 3984 plausu,

766 3996 975 4064 Conveniunt
997 4002 1090 4086 operi
1113 4001 1222 4065 lucida
1245 4001 1331 4066 dieta
1354 4009 1421 4066 tuo.

718 4099 793 4165 Non
815 4104 904 4167 valet
926 4103 1008 4168 hace
1031 4105 1128 4170 alter:
1154 4104 1213 4170 sed
1235 4104 1396 4170 Faustum
1419 4105 1528 4171 dicere
1553 4127 1680 4170 summa

637 4217 663 4255 2⁰
767 4203 879 4270 Ludus
903 4207 965 4271 erit
988 4228 1128 4294 semper,
1152 4210 1179 4272 si
1201 4208 1286 4274 benc
1310 4216 1387 4274 nota
1408 4211 1533 4295 loquor.

458 4495 468 4544 l
489 4504 515 4546 at
532 4514 587 4561 sup.
602 4497 646 4546 lio.
666 4495 691 4546 B
769 4497 871 4562 paruuli
888 4497 912 4546 V
986 4502 1089 4553 maioris
1101 4502 1126 4552 Β
1246 4502 1263 4553 2
1281 4503 1410 4570 singolare
1422 4502 1447 4552 Β
1527 4505 1680 4556 doewrebus
1691 4503 1718 4554 Β
1723 4503 1733 4540 ¹
1854 4502 1871 4554 3
1890 4504 1952 4556 secia
1964 4502 2011 4552 B·

352 4583 369 4634 ὅ
387 4584 500 4650 prodedit
518 4582 543 4632 B
629 4583 786 4633 hieronimus
802 4582 899 4645 VLCP,
924 4589 1073 4653 gcrouimus
1088 4588 1114 4638 Β
1243 4588 1259 4640 6
1277 4591 1419 4641 eerrseritur
1437 4588 1462 4638 B
1593 4589 1608 4640 7
1627 4591 1654 4641 in
1672 4592 1799 4642 summat
1926 4586 1945 4640 8
1961 4589 2011 4641 dis

353 4670 438 4736 cipulo
455 4666 540 4719 V²T1
609 4669 678 4734 apud
695 4668 718 4717 V
818 4667 835 4719 9
852 4672 1014 4738 diligentium
1027 4673 1112 4724 LCI’b
1218 4672 1251 4724 10
1268 4674 1397 4725 limandus
1414 4675 1529 4741 accipisti
1542 4673 1567 4724 B

458 4769 551 4840 [Lxx]
587 4769 670 4838 factis]
690 4789 782 4824 nereus
799 4773 861 4825 add.
879 4775 923 4825 VL
1030 4794 1055 4828 v.
1074 4776 1091 4825 3
1110 4778 1193 4829 fausto
1210 4778 1254 4828 VL
1363 4796 1388 4828 v.
1407 4775 1425 4828 4
1443 4779 1509 4829 lecta
1521 4777 1554 4841 B,
1572 4779 1623 4829 leta
1640 4779 1716 4829 ceteri
1822 4795 1847 4829 v.
1865 4775 1884 4829 8
1901 4777 1976 4845 pellit
1987 4774 2013 4827 Β

353 4857 429 4926 iuste]
448 4861 503 4911 iure
521 4856 562 4908 Τ2
580 4857 668 4909 Schott
685 4867 709 4910 et
727 4858 820 4922 Sirra,
841 4861 915 4911 riteh
1040 4881 1064 4913 v.
1084 4861 1100 4913 9
1119 4865 1187 4915 teriti
1203 4863 1228 4914 B
1308 4865 1412 4932 pinguis
1429 4861 1517 4915 V¹CP
1596 4865 1662 4915 uatis
1674 4863 1731 4914 BT
1851 4880 1877 4915 v.
1897 4859 1932 4912 10
1947 4868 2012 4914 reto

353 4948 405 4998 rico
417 4946 442 4996 Β
523 4946 651 4996 schemate
669 4943 758 5008 Sim,
780 4953 912 4998 swmmate
930 4947 1028 4999 codices
1154 4966 1180 5000 v.
1200 4947 1233 4999 12
1255 4950 1323 5015 quod
1336 4949 1369 5013 B,
1390 4967 1441 5016 quo
1459 4951 1535 5001 ceteri
1655 4967 1680 5000 v.
1701 4947 1734 5000 13
1755 4950 1871 5002 docmata
1887 4966 1976 5002 muso·
1987 4947 2013 5000 Β

353 5051 379 5083 v.
399 5030 431 5081 1.·›
448 5032 520 5083 fisica
535 5031 634 5094 VLCP,
651 5034 729 5084 serica
741 5032 766 5082 Β
882 5050 907 5083 v.
927 5031 959 5083 16
977 5035 1098 5099 ystoriam
1110 5062 1144 5071 —
1156 5036 1252 5101 ystoria
1267 5034 1365 5100 VLCP,
1382 5037 1486 5089 storiam
1499 5060 1531 5073 -·
1544 5038 1622 5089 storia
1633 5036 1659 5089 Β
1777 5053 1803 5087 v.
1822 5031 1855 5086 l'l
1872 5052 1976 5090 wmees
1988 5035 2014 5089 B

353 5137 378 5173 v.
396 5116 432 5170 20
449 5116 537 5186 ludus]
555 5120 639 5170 laudis
659 5119 767 5182 Hand,
783 5128 811 5170 ot
828 5121 861 5189 cf.
883 5119 1056 5173 CCCXVIII
1064 5124 1081 5173 2
