4500 6232
377 301 617 370 carrenses,
634 302 688 368 aa),
706 301 780 356 cvn
798 302 920 370 (nerse.
934 303 959 365 a,
978 304 1032 371 as),
1050 303 1137 358 ovnr
1156 304 1276 371 (aaran.
1291 306 1315 367 a,
1333 306 1386 373 aa),
1406 306 1465 361 ern
1485 306 1608 375 (nerse.
1621 309 1647 372 a,
1665 309 1719 376 es).
1815 314 1875 375 125

878 591 955 659 cvl
977 593 1087 680 (nnrsr.
1104 597 1133 670 3,
1151 595 1216 682 25).

792 788 1029 862 EVGENETI
1055 789 1305 864 ENNODIVS.

327 936 373 1030 ln
397 965 536 1030 statione
560 985 623 1028 non
647 986 719 1029 esse
742 963 830 1049 apud
853 984 912 1027 ves
936 965 1074 1048 gratiam
1097 971 1221 1050 petest,
1251 966 1305 1050 qui
1334 965 1398 1029 lide
1427 966 1562 1030 claudus
1593 976 1660 1050 est,
1689 970 1901 1036 aestimaret

221 1072 294 1134 vole
316 1077 426 1134 tamen
450 1069 492 1133 ad
515 1068 705 1152 diligentiae
729 1068 951 1132 testimonium
975 1070 1143 1154 prorogari
1168 1069 1384 1154 frequentiam
1408 1071 1601 1153 litterarum,
1626 1093 1667 1136 ne
1684 1073 1810 1136 animus
1833 1073 1875 1138 de

220 1173 359 1237 amantis
382 1172 601 1257 prosperitate
630 1170 804 1247 sollicitus,
835 1169 911 1233 dum
941 1171 1030 1247 salus
1062 1172 1094 1235 in
1118 1171 1297 1236 valitudine
1327 1180 1394 1251 est,
1426 1174 1664 1258 suspicionibus
1687 1177 1874 1240 ventiletur.

155 1305 166 1341 s
221 1297 299 1340 cccc
321 1274 437 1354 habes,
460 1275 503 1337 mi
527 1275 668 1351 domine,
692 1272 778 1337 undo
794 1274 1005 1337 serenitatem
1022 1275 1163 1359 pectoris
1179 1276 1243 1339 mci
1259 1297 1302 1339 ex
1318 1276 1470 1339 desiderii
1487 1278 1670 1362 proditione
1687 1299 1875 1363 cognosces.

220 1379 334 1443 adeste
363 1377 513 1464 partibus
544 1378 609 1441 tuis
640 1382 674 1440 ct
707 1377 791 1441 sicut
823 1396 876 1438 mc
910 1376 1060 1461 imperati
1093 1379 1237 1441 muneris
1272 1380 1504 1463 praerogativa
1538 1382 1707 1461 sublimat,
1741 1383 1786 1445 ita
1815 1383 1908 1446 vest

220 1482 359 1547 exhibiti
387 1482 493 1566 gratia
516 1481 674 1544 sermonis
706 1480 845 1544 attollat.
891 1501 968 1564 crgo
997 1481 1134 1544 salutem
1163 1482 1345 1545 debendam
1375 1485 1551 1547 restituens
1581 1507 1705 1570 precor,
1734 1493 1771 1549 ut
1799 1486 1876 1572 quid

221 1591 411 1672 promoveat
427 1585 460 1647 in
477 1605 529 1648 me
545 1582 742 1647 desiderium
759 1590 860 1660 tuum,
886 1582 946 1646 sub
963 1583 1196 1668 cuiuscumque
1213 1586 1460 1670 significationis
1477 1588 1563 1651 nube
1587 1587 1755 1655 dilucides.
1791 1592 1874 1655 vale.

865 1872 963 1941 (ΝΠ
986 1873 1095 1960 (nrrs’r.
1111 1878 1141 1957 3,
1158 1877 1225 1963 26).

820 2069 1057 2144 ENNODIVS
1084 2071 1277 2146 AVIENO.

141 2253 166 2290 ιο
326 2202 448 2295 Adest
477 2228 668 2315 magnitudo
691 2236 747 2293 tua
775 2230 922 2314 partibus
951 2231 1019 2293 suis
1049 2236 1082 2294 et
1110 2230 1234 2295 adserit
1260 2233 1466 2318 splendorem
1493 2233 1660 2317 sanguinis
1686 2235 1901 2300 testimoniet

218 2334 377 2420 puritatis.
417 2334 585 2398 caritatem
601 2334 750 2398 nesciunt
774 2334 828 2419 pio
850 2332 948 2397 corda
971 2332 1135 2401 dcsercrc.
1160 2336 1348 2420 religiosam
1370 2334 1573 2420 diligentiam
1597 2357 1689 2400 mens
1711 2358 1873 2422 generosa

217 2437 372 2502 custodit.
425 2437 557 2522 gemina
592 2457 670 2520 crgo
706 2437 779 2499 luce
815 2435 976 2520 fulgentia
1009 2438 1130 2522 scripta.
1164 2438 1312 2523 suscepi,
1348 2437 1424 2501 dum
1459 2439 1542 2522 quod
1577 2444 1693 2525 peetus
1726 2448 1873 2505 sanctum

219 2541 371 2628 repperit,
395 2539 533 2604 dextera
558 2560 676 2603 serena
699 2538 848 2622 signarit.
894 2537 991 2601 deum
1014 2560 1141 2623 precor,
1164 2550 1201 2603 ut
1224 2541 1311 2626 piam
1334 2540 1365 2603 in
1391 2541 1485 2603 vebis
1508 2540 1661 2622 indolem,
1685 2543 1711 2605 si
1737 2542 1905 2609 Romaint

216 2644 332 2729 diligit,
357 2645 418 2709 sub
441 2643 647 2728 perennitate
671 2647 845 2706 conservet
868 2647 901 2704 ct
924 2641 1106 2706 huiusmodi
1130 2642 1215 2707 circa
1238 2665 1290 2707 me
1314 2643 1421 2706 studia
1445 2644 1505 2708 sub
1529 2666 1567 2708 ca
1593 2665 1655 2730 qua
1679 2647 1871 2730 promisistis

140 2779 163 2815 n
219 2769 297 2812 cura
320 2747 523 2832 multiplicet.
570 2747 652 2810 vale.

857 2945 976 3013 cvm
994 2946 1105 3032 (nnrsr.
1123 2950 1153 3028 3,
1169 2949 1235 3027 27).

819 3140 997 3215 AVIENO
1024 3140 1273 3216 ENNODIVS.

329 3270 462 3371 Nescio
485 3311 593 3370 utrum
614 3303 830 3390 magnitudini
846 3308 976 3368 vestrae
1000 3308 1094 3387 grata
1117 3303 1183 3367 sint
1198 3302 1316 3366 crebra
1332 3304 1514 3389 conloquia,
1538 3325 1601 3388 ego
1617 3310 1726 3369 tamen
1743 3319 1900 3392 scmpcrl

218 3408 303 3493 qued
326 3417 467 3495 expecto
490 3409 532 3474 ab
555 3408 741 3473 amantibus
764 3405 939 3471 exhibebo.
985 3406 1091 3492 patior
1121 3406 1194 3470 aliis
1224 3405 1310 3469 aliud
1340 3428 1415 3471 esse
1444 3407 1660 3493 propesitum:
1691 3408 1770 3472 mihi
1797 3430 1871 3473 meo

218 3511 391 3577 vivendum
415 3520 467 3577 est
488 3534 595 3589 mere,
625 3517 661 3575 ut
683 3510 800 3574 amoris
823 3507 991 3594 plenitudo
1021 3515 1187 3572 reseretur
1215 3509 1307 3572 clave
1336 3510 1515 3583 sermonis;
1547 3530 1609 3594 cgo
1637 3511 1670 3574 in
1699 3511 1871 3577 affcctione

138 3650 165 3684 a»
218 3616 376 3680 cariosam
403 3615 573 3702 subripere
603 3614 857 3679 taciturnitatem
888 3632 950 3675 usu
973 3611 1119 3696 fugiente
1143 3633 1207 3676 non
1231 3612 1371 3698 perfero.
1417 3634 1502 3677 nunc
1526 3614 1553 3677 si
1577 3615 1710 3678 culmini
1733 3621 1789 3679 tue
1813 3627 1903 3701 par2

217 3739 293 3782 cura
322 3725 388 3798 est,
423 3724 624 3783 monstretur
653 3716 844 3781 assiduitate
875 3714 1055 3799 conloquii,
1089 3722 1239 3799 patescat
1268 3716 1453 3801 frequentia
1485 3717 1683 3791 litterarum
1718 3718 1767 3781 sin
1798 3718 1871 3782 aliis

217 3820 376 3886 hactenus
405 3827 666 3906 praeoccupatus
695 3817 827 3892 studiis,
860 3820 892 3882 in
922 3838 1029 3882 meam
1054 3817 1149 3882 mode
1172 3820 1375 3883 concesseris
1399 3819 1568 3905 diligentia
1590 3821 1771 3905 imperante
1794 3842 1870 3886 scn-

216 3925 363 3990 tentiam.
406 3930 560 4008 quantum
583 3923 625 3987 dc
648 3930 704 3987 tue
728 3924 798 3988 iure
824 3923 1024 4002 submiseris,
1048 3928 1174 3986 tantum
1197 3921 1238 3986 dc
1262 3923 1346 3986 meis
1368 3922 1534 4008 obsequiis
1557 3923 1751 4011 possidebis.
1791 3945 1871 4009 ergo

217 4029 299 4108 vale,
316 4027 458 4107 demine,
474 4028 747 4115 ctmunusculum
764 4027 893 4111 suscipe
910 4046 974 4090 non
986 4026 1113 4089 vilitate
1130 4025 1178 4088 sui
1196 4025 1255 4089 sed
1271 4033 1419 4090 taxatum
1435 4027 1543 4111 prctie
1557 4027 1763 4092 destinantis.
1787 4027 1870 4092 vale.

812 4416 815 4422 Ι
870 4331 952 4400 clx
977 4334 1085 4418 (nrrsr.
1102 4335 1133 4416 3,
1150 4332 1216 4420 28).

797 4528 1035 4603 ENNODIVS
1061 4528 1342 4602 EVPREPIAE.

325 4674 497 4787 Quamvis
530 4705 673 4769 caritatis
696 4711 825 4770 vestrae
855 4704 1006 4790 paginam
1039 4702 1255 4769 sollemnibus
1286 4708 1410 4766 tantum
1443 4703 1645 4787 accepissem
1669 4704 1787 4767 muniis
1810 4702 1898 4779 eb-1

217 4816 363 4876 secutam
385 4829 447 4873 nec
470 4809 602 4873 affectui
626 4829 686 4873 nec
710 4806 944 4873 necessitudini
969 4813 1218 4890 congruentem.
1247 4826 1301 4869 res
1331 4812 1440 4868 tamen
1463 4807 1641 4890 postulavit
1663 4826 1716 4870 mc
1740 4807 1870 4870 vicariis

320 5102 398 5171 [cvl]
424 5102 581 5172 2apuduos
595 5121 716 5157 neeesse
729 5103 807 5156 Siren.
904 5100 1061 5168 bimpctmti
1074 5100 1152 5152 Sirra.
1248 5096 1596 5165 ildelueidcsllocr.ualsB

319 5203 410 5274 [cvn]
440 5207 587 5274 Epistulam
605 5208 673 5258 banc
690 5217 714 5260 et
731 5208 899 5273 insequentem
917 5204 1029 5269 rendbpre
1044 5203 1146 5269 punctis
1164 5202 1329 5253 drmrrndedit
1348 5203 1375 5266 V,
1393 5201 1477 5253 etad.
1565 5199 1582 5249 9
1599 5200 1691 5251 auisno
1709 5196 1875 5250 crinodiusV

216 5291 247 5344 11
266 5294 417 5360 relegiosam
434 5294 596 5361 diligentium
608 5293 634 5343 B
739 5291 772 5343 12
791 5293 886 5360 suscipi
899 5290 924 5341 B
1029 5287 1062 5339 lo
1080 5290 1139 5341 uals
1156 5306 1205 5339 om.
1224 5287 1280 5337 Tm

321 5393 425 5463 [cvm]
469 5394 502 5447 ll
520 5397 596 5448 esbra
613 5396 636 5459 (r
647 5413 703 5462 arcp.
717 5395 774 5460 aa)
786 5394 812 5445 B
923 5391 956 5443 18
973 5392 1082 5444 exhibeo
1099 5392 1158 5442 ele
1275 5389 1307 5440 19
1326 5397 1452 5442 reseretur
1469 5389 1522 5453 (tur
1533 5389 1560 5438 in
1574 5389 1620 5451 lo.)
1632 5387 1658 5438 B
1760 5384 1795 5438 20
1811 5388 1871 5439 snb·

214 5484 329 5551 reperet
432 5481 465 5534 21
483 5480 535 5549 sin]
554 5484 577 5534 si
593 5484 620 5534 in
638 5480 738 5534 welo
800 5482 864 5532 alias
875 5480 920 5530 Be
1024 5476 1059 5529 24
1076 5479 1110 5528 mi
1129 5477 1230 5529 dominc
1244 5476 1279 5527 Ut
1349 5477 1407 5527 nale
1425 5493 1473 5525 ora.
1491 5475 1526 5525 (lb

318 5583 401 5653 [CIX]
436 5584 470 5637 26
487 5587 637 5654 recipissent
655 5586 751 5637 nruniis
763 5584 797 5648 n,
819 5585 913 5636 muniis
932 5583 1086 5649 accepissem
1105 5582 1200 5633 muniis
1216 5578 1269 5642 Vt,
1290 5579 1386 5630 muniis
1408 5578 1561 5645 accepissem
1580 5576 1659 5629 TC'Pb
