4500 6232
795 266 843 321 ΙΙΙ.
871 265 917 321 DE
936 264 1170 321 EDlTlONlBUS
1189 264 1338 319 ENNODI.

521 815 616 940 lll.
673 816 769 940 DE
809 815 1284 942 EDlTlONlBUS
1311 815 1618 945 'eunom

344 1068 451 1132 Editio
466 1055 609 1156 princeps
623 1070 747 1134 lluuodi
761 1069 875 1156 prodiit
888 1071 1029 1134 Basileae
1044 1093 1080 1134 ex
1094 1072 1216 1135 otlieiuu
1229 1071 1471 1156 Hemicpetriua
1485 1094 1567 1135 auno
1583 1071 1692 1134 salutis
1704 1070 1894 1135 MDLXIX
1905 1083 2048 1188 fflsslfflq'

242 1198 344 1239 meuse
360 1174 479 1240 Martio
495 1177 573 1240 iuter
587 1177 737 1241 lobannis
754 1176 864 1243 Iacobi
880 1176 1017 1262 Grynaei
1035 1177 1240 1241 Monumerrta
1255 1201 1280 1240 s.
1295 1186 1419 1264 patrum
1435 1174 1745 1261 ortlrodoxognrpha:
1768 1172 1895 1238 Euuadi
1931 1199 1951 1230 r.
1975 1191 2024 1230 1⁵⁶⁹

241 1291 334 1364 opera
357 1280 553 1344 eontinentur
575 1281 673 1345 altera
697 1292 783 1367 purte
812 1281 905 1345 liuius
928 1282 1073 1345 inmruuis
1097 1280 1265 1345 voluminis
1294 1306 1324 1367 p.
1340 1284 1520 1348 200---480
1565 1281 1645 1344 lraue
1667 1277 1835 1343 <ditionem
1857 1302 1894 1342 ex
1916 1327 1942 1352 ‚-

240 1382 346 1447 codiee
371 1381 609 1449 Viudobouensi
634 1384 734 1461 (ΞΡ)
757 1396 912 1471 sumptam
936 1408 1004 1449 esse
1031 1384 1193 1449 Hartelius
1225 1385 1309 1467 (edit.¹
1330 1384 1454 1449 Erurnd.
1481 1409 1511 1471 p.
1533 1381 1732 1462 VIII—XI)
1760 1380 1896 1446 dilucide

240 1484 474 1551 demonstravit.
510 1510 582 1552 nam
606 1512 643 1551 ne
665 1487 705 1552 ad
721 1489 838 1552 leviora
861 1500 1051 1574 argumenta,
1074 1512 1152 1575 quae
1169 1490 1302 1576 plurima
1324 1490 1354 1553 iu
1370 1489 1625 1554 adnotationibus
1650 1486 1764 1550 nostris
1780 1485 1895 1548 criticis

240 1601 424 1677 suppetunt,
453 1592 685 1676 confugiamus,
714 1603 806 1678 atquc
830 1602 863 1655 ut
891 1591 1088 1678 praecidatur
1108 1594 1263 1678 quaestio,
1293 1602 1396 1657 utrum
1419 1592 1515 1656 editio
1543 1593 1560 1656 b
1583 1615 1620 1655 ex
1649 1592 1719 1677 ipso
1745 1589 1773 1653 P
1795 1612 1833 1653 an
1857 1611 1894 1652 ex

241 1693 333 1758 simili
364 1693 501 1779 quodam
530 1694 612 1758 libro
641 1694 795 1781 descripta
830 1696 884 1759 sit:
921 1696 952 1759 iu
988 1694 1095 1759 (ardice
1127 1695 1155 1758 P
1183 1694 1306 1760 duobus
1336 1695 1412 1759 loeis
1442 1695 1659 1781 quatemioues
1690 1693 1786 1758 excisi
1814 1702 1896 1771 suut,

240 1821 317 1884 quos
345 1797 503 1883 quondam
532 1823 594 1862 nou
621 1798 758 1863 detbisse
788 1800 984 1863 ruauifestuur
1012 1809 1074 1877 est;
1105 1809 1220 1864 restant
1249 1801 1329 1864 enim
1359 1801 1390 1863 iu
1411 1800 1501 1880 folio,
1531 1808 1604 1885 post
1626 1797 1710 1884 quod
1733 1797 1895 1883 quaternio

239 1899 440 1980 desideratur,
462 1902 563 1988 prima
582 1903 675 1967 rerba
698 1903 856 1989 sequentis
875 1904 1087 1988 quaternionis
1110 1903 1150 1967 ad
1173 1905 1389 1989 quaterniones
1413 1915 1492 1968 reete
1514 1902 1712 1967 collocandos
1728 1900 1895 1986 adscripta.

240 2005 372 2091 priorem
399 2005 542 2070 breurranr
571 2007 716 2091 quamvis
746 2015 884 2092 apertam
914 2030 1020 2070 socors
1043 2007 1144 2072 editor
1165 1994 1355 2073 Basileerisis
1380 2032 1440 2071 nou
1464 2006 1698 2086 uniruadvertit,
1721 2004 1895 2089 desuntque

240 2109 270 2173 iu
293 2109 310 2171 b
325 2109 452 2188 narnia,
474 2131 553 2194 quae
575 2109 607 2172 in
631 2118 737 2173 nostra
758 2108 894 2174 editione
917 2134 946 2196 p.
962 2112 1213 2190 02,41-110,8
1234 2134 1348 2175 excusa
1370 2122 1451 2176 sunt.
1484 2112 1611 2175 alteram
1635 2110 1778 2174 lacunam
1794 2107 1894 2193 etiarn

239 2213 385 2277 maiorem
419 2210 536 2276 codicis
567 2213 595 2276 P
629 2213 866 2294 (interciderunt
894 2238 973 2301 quac
1002 2225 1077 2280 suut
1110 2217 1140 2279 in
1172 2241 1201 2303 p.
1223 2220 1296 2296 203,
1317 2218 1451 2296 1--270,
1467 2222 1501 2295 fr)
1534 2214 1635 2279 editor
1672 2215 1770 2280 sensit
1802 2223 1895 2300 atque

238 2316 374 2404 explevit
397 2317 428 2380 iu
453 2317 604 2382 urrxilium
622 2326 734 2382 vocato
756 2317 863 2382 codice
885 2320 923 2398 B,
945 2317 1030 2404 quod
1053 2343 1114 2384 non
1138 2321 1238 2384 solum
1262 2321 1429 2384 lectionum
1452 2343 1604 2384 consensu
1628 2317 1683 2383 sed
1706 2319 1798 2384 etiarn
1821 2340 1895 2382 oon-

238 2419 360 2485 dicioue
382 2419 499 2485 codicis
522 2421 550 2485 B
573 2421 754 2487 ostenditur.
798 2423 873 2487 folia
895 2424 977 2488 enirn
1001 2423 1093 2488 lrrrirrs
1116 2424 1187 2488 libri
1213 2425 1398 2504 131-174,
1420 2424 1533 2510 quibus
1557 2446 1650 2510 opera
1674 2424 1705 2486 in
1728 2423 1756 2485 P
1778 2423 1895 2486 omissa

238 2525 445 2602 mntinentur,
472 2525 633 2611 permultis
659 2526 749 2590 lineis
778 2528 915 2591 numeris
938 2527 1019 2591 notis
1043 2527 1204 2613 inquinata
1233 2537 1321 2607 srmt,
1349 2551 1428 2612 quac
1455 2526 1562 2592 eadem
1592 2527 1622 2590 in
1645 2527 1663 2590 b
1685 2526 1894 2590 inveniuntur.

239 2629 319 2694 hane
341 2627 459 2692 codicis
482 2636 601 2714 partein
623 2628 781 2715 quondam
812 2631 842 2694 in
867 2631 965 2717 ipsam
990 2631 1145 2695 officinam
1173 2641 1208 2696 ut
1230 2632 1313 2717 typis
1340 2631 1564 2696 describeretur
1587 2632 1715 2695 missam
1738 2650 1806 2693 esse
1828 2638 1892 2692 tam

238 2741 379 2818 apertum
407 2742 455 2796 est
483 2742 576 2818 atque
605 2732 658 2796 illa
687 2732 762 2797 folia
788 2736 956 2800 rar-174
979 2733 1095 2798 codicis
1119 2735 1147 2798 B
1170 2744 1330 2821 tantopere
1354 2736 1449 2799 rarriis
1479 2733 1721 2821 inquinamentis
1744 2756 1763 2797 a
1784 2732 1893 2796 ceteris

238 2834 388 2900 distincta
409 2846 490 2915 sunt,
513 2845 548 2899 ut
571 2835 603 2900 id
626 2835 798 2904 admiratus
822 2837 1045 2917 adnotaverim,
1069 2839 1250 2925 prinsquam
1273 2861 1398 2904 causam
1423 2841 1489 2904 cius
1512 2840 1565 2918 rei,
1588 2837 1706 2903 scilieet
1728 2834 1846 2901 eodieis
1866 2836 1894 2899 Ι)

237 2937 390 3017 lacunam,
412 2940 554 3025 cognovi.
599 2962 786 3026 quamquam
810 2939 907 3005 <andex
937 2941 1061 3005 Bstilo
1084 2942 1204 3028 optimo
1226 2955 1371 3007 exaratus
1394 2954 1453 3023 est,
1482 2953 1584 3008 tamen
1614 2943 1645 3005 iu
1668 2940 1717 3004 his
1740 2938 1834 3018 foliis,
1855 2962 1893 3003 ue

238 3042 398 3129 typotlretu
424 3043 595 3122 falleretur,
622 3044 720 3108 mrdta
751 3045 847 3109 verba
875 3046 987 3109 recenti
1016 3069 1110 3110 rnanu
1139 3046 1217 3110 inter
1243 3046 1340 3110 lineas
1372 3046 1501 3132 repetita
1529 3055 1614 3109 sunt:
1643 3043 1751 3109 eadenr
1779 3042 1893 3108 receuti

238 3169 332 3237 manu
356 3147 386 3211 in
410 3148 437 3211 B
461 3148 556 3212 verba
578 3146 814 3233 distinguuntur
836 3159 866 3213 et
889 3148 1089 3227 dirimuntur,
1112 3149 1227 3235 pusilla
1250 3150 1326 3214 vitia
1349 3172 1496 3236 perverso
1519 3149 1641 3214 dicendi
1666 3147 1715 3212 vel
1738 3145 1892 3212 scribendi

236 3273 321 3315 more
343 3259 425 3330 orta,
454 3274 533 3336 qnae
557 3250 710 3337 permulta
732 3262 806 3316 sunt
833 3253 862 3317 iu
887 3253 930 3331 B,
958 3253 1168 3339 corrigentia,
1195 3254 1354 3337 graviores
1383 3254 1569 3318 mutationes
1600 3254 1754 3340 scriptura
1776 3248 1893 3316 codicis

238 3354 318 3420 male
341 3354 496 3419 intellecta
522 3353 720 3419 adnotantur.
765 3379 844 3441 quae
871 3357 1015 3441 quamvis
1042 3379 1134 3442 saepe
1161 3357 1225 3420 siut
1250 3357 1346 3420 mirae
1368 3367 1399 3420 et
1422 3357 1560 3442 ineptae,
1590 3357 1620 3420 iu
1649 3358 1666 3421 b
1695 3355 1736 3421 ad
1759 3355 1891 3420 litteram

237 3458 322 3544 typis
345 3481 477 3523 excusae
500 3468 581 3522 sunt.
627 3461 745 3523 numeri
769 3459 902 3546 denique
924 3468 954 3523 et
976 3460 1111 3536 litterae,
1133 3482 1212 3546 quac
1236 3461 1353 3546 passim
1377 3461 1408 3522 iu
1431 3461 1623 3546 marginibus
1646 3459 1764 3525 codicis
1786 3459 1815 3524 B
1838 3454 1893 3522 ad-

237 3563 354 3649 scripta
376 3575 462 3641 snut,
492 3563 690 3628 consentiunt
716 3587 787 3627 curu
811 3563 947 3628 numeris
970 3573 1002 3627 et
1023 3563 1148 3643 litteris,
1176 3563 1290 3648 quibus
1317 3564 1394 3627 folia
1421 3573 1452 3628 et
1480 3565 1610 3650 paginae
1632 3563 1778 3629 editionis
1801 3563 1893 3626 Basi-

237 3664 349 3729 leerrsis
372 3665 495 3750 signata
517 3676 597 3730 sunt.
636 3689 706 3730 cunr
722 3691 796 3732 vcro
817 3667 894 3731 lruee
917 3666 1007 3752 signa
1029 3667 1213 3753 aliquotiens
1238 3667 1364 3753 pardulo
1387 3667 1563 3754 discrepent
1584 3678 1614 3732 et
1629 3667 1752 3732 Harteli
1768 3689 1892 3753 quoque

237 3779 327 3833 notae
349 3768 389 3833 ab
411 3770 469 3848 eis,
491 3792 571 3855 quae
593 3794 650 3834 nos
674 3771 704 3833 in
727 3769 863 3834 editione
885 3772 902 3834 b
925 3771 1119 3850 invenimus,
1149 3771 1273 3857 saepius
1303 3771 1504 3849 abhorreant,
1534 3771 1680 3836 Sclrot-tns
1704 3770 1836 3856 denique
1861 3770 1890 3833 iu

236 3871 370 3958 epistula
393 3871 433 3937 ad
455 3874 531 3936 Ant.
554 3871 739 3936 Salmatiuur
761 3873 898 3951 ,alteram
921 3872 1088 3938 editionem
1112 3874 1322 3938 Basileensem
1346 3874 1733 3962 Orthodoxograpborrmr‘
1754 3872 1892 3960 appella-

237 3975 325 4054 verit,
353 3976 491 4063 suspieio
517 3975 593 4040 milri
630 3976 756 4041 srrborta
786 3985 834 4040 cst
862 3975 985 4041 diversa
1014 3977 1097 4042 illius
1128 3979 1316 4043 recensionis
1345 3979 1534 4065 exemplaria
1567 3988 1696 4044 exstare.
1751 3977 1806 4042 sed
1833 3979 1892 4042 tria

236 4078 437 4166 exemplaria,
460 4102 538 4165 quae
561 4078 636 4143 uribi
660 4079 812 4165 inspicere
835 4079 931 4158 licuit,
953 4079 1071 4145 eisdem
1095 4082 1178 4168 typis
1201 4104 1315 4146 excusa
1339 4092 1424 4160 sunt3
1455 4081 1601 4146 Selmttus
1624 4090 1735 4160 autern,
1757 4081 1810 4167 qui
1834 4081 1853 4146 l.
1866 4108 1891 4146 e.

236 4181 404 4247 edit-ionem
431 4181 559 4247 alteram
582 4182 794 4247 Basileerrsem
824 4183 1014 4262 nominavit,
1043 4184 1073 4247 iu
1101 4186 1235 4271 epistula
1265 4184 1453 4250 dedicatoria
1484 4186 1514 4248 iu
1541 4186 1700 4249 enuntiato
1731 4186 1891 4251 simillimo

236 4285 367 4350 altenmr
383 4285 761 4373 Ortlrodoxographorum
777 4287 923 4353 volumen
947 4286 1022 4352 dicit
1029 4313 1038 4367 ;
1060 4288 1142 4353 uude
1165 4289 1207 4354 ibi
1226 4290 1380 4354 voeabula
1394 4288 1540 4354 editionis
1563 4300 1593 4354 ct
1616 4289 1783 4354 volruuinis
1807 4315 1890 4355 ‹mur-

237 4399 356 4454 mutata
378 4412 446 4454 esse
468 4390 638 4455 verisimile
660 4393 708 4469 tit,
738 4393 919 4478 praesertim
942 4416 1013 4456 cunr
1036 4393 1153 4472 omnia,
1180 4416 1259 4479 (puae
1283 4393 1430 4459 Schottus
1453 4418 1491 4458 ex
1514 4396 1531 4458 0
1554 4395 1704 4481 smnpsit,
1727 4417 1797 4459 curn
1822 4418 1890 4459 meo

236 4492 404 4578 exemplari
427 4495 599 4559 concinant
644 4519 739 4581 quare
762 4496 867 4582 aliqua
893 4497 955 4562 alia
977 4498 1095 4561 ratione
1117 4486 1264 4583 explicari
1288 4496 1393 4577 debet,
1416 4497 1500 4584 quod
1523 4498 1657 4583 exempli
1679 4520 1774 4562 eausa
1796 4521 1891 4585 opera

236 4595 371 4676 Enuodi,
393 4598 505 4682 qrribus
529 4599 559 4662 iu
582 4598 689 4663 codiee
709 4601 738 4664 B
760 4599 919 4687 adscripta
941 4611 1013 4664 suut
1036 4601 1141 4686 signu:
1164 4603 1237 4679 ,420
1253 4601 1307 4664 Dd
1325 4605 1362 4681 4‘,
1390 4603 1420 4665 iu
1444 4602 1520 4667 solio
1547 4601 1694 4666 editionis
1718 4602 1735 4665 b
1757 4608 1890 4679 exstant,

236 4697 319 4784 quod
342 4700 497 4785 signatum
520 4711 583 4766 est:
606 4706 679 4782 ,418
703 4702 757 4767 Dd
777 4706 818 4781 l‘;
846 4705 893 4768 vel
917 4703 1001 4790 quod
1025 4704 1112 4768 iuxta
1136 4705 1244 4784 verba,
1275 4728 1354 4791 quac
1378 4707 1408 4770 in
1432 4706 1508 4771 folio
1529 4704 1675 4771 editionis
1699 4711 1770 4784 ,304
1794 4706 1844 4772 Bb
1860 4704 1891 4775 5‘

236 4824 352 4867 excusa
374 4814 461 4882 sunt,
491 4805 521 4868 iu
545 4804 703 4870 codiceB
733 4809 823 4893 signu
850 4809 1051 4872 inveniuntur
1078 4812 1151 4887 ,trel
1174 4809 1225 4873 Bb
1244 4812 1301 4874 ll‘.
1345 4819 1414 4874 utut
1437 4819 1539 4875 autem
1563 4810 1639 4875 haee
1662 4834 1710 4874 res
1734 4834 1767 4875 se
1789 4811 1889 4890 babet,

237 4906 415 4992 typothetae
437 4907 609 4973 Basilrensi
634 4909 816 4975 eodicernB
839 4910 879 4975 ad
901 4934 1011 4975 manus
1035 4911 1131 4977 fuisse
1152 4935 1189 4976 ex
1206 4912 1284 4999 ipsis
1309 4914 1493 4980 lectionibus
1510 4925 1653 5003 apparet;
1677 4914 1765 4978 iurat
1787 4925 1888 4978 tamen

237 5032 405 5075 memorare
433 5012 464 5074 in
498 5010 632 5078 editione
655 5014 672 5077 l)
695 5015 820 5079 ultimas
848 5015 966 5079 litteras
995 5014 1062 5079 folii
1086 5020 1148 5082 393
1178 5040 1246 5081 esse
1262 5020 1385 5098 pararit
1407 5021 1478 5096 aab,
1506 5020 1621 5106 primas
1644 5018 1800 5104 sequentis
1823 5017 1888 5081 folii

237 5114 334 5177 latua
358 5114 491 5195 plurium
519 5122 558 5202 (p.
575 5119 706 5195 204,2l;
733 5117 859 5182 ultimas
887 5119 1007 5183 litteras
1035 5119 1101 5182 folii
1125 5123 1187 5185 304
1218 5123 1322 5185 tricassi
1348 5133 1380 5186 et
1413 5124 1528 5208 primas
1563 5123 1720 5208 sequentis
1749 5122 1887 5185 tuditem

235 5224 275 5304 (p.
290 5221 363 5297 205,
378 5220 442 5295 12);
465 5219 497 5281 iu
520 5217 626 5282 codice
645 5221 673 5284 B
698 5221 850 5286 vocabula
869 5223 1025 5286 sadriectus
1045 5223 1131 5298 (folio
1149 5227 1206 5289 131
1219 5224 1243 5301 ¹³)
1266 5236 1296 5288 et
1322 5227 1566 5290 uicissitmliraua
1587 5226 1650 5308 (sol.
1668 5226 1761 5301 13212)
1784 5248 1889 5290 crassa

234 5319 316 5384 linea
337 5318 444 5384 eodem
469 5320 563 5386 modo
586 5346 648 5409 quo
671 5325 702 5387 in
725 5323 859 5390 editione
882 5327 899 5391 b
921 5325 1076 5413 dirempta
1098 5338 1179 5392 sunt.
1203 5369 1241 5375 —
1261 5329 1348 5415 Ergo
1371 5353 1449 5416 quae
1472 5341 1544 5393 sunt
1567 5331 1599 5393 in
1622 5340 1730 5394 nostra
1753 5328 1889 5393 editione

232 5447 263 5508 p.
278 5426 351 5500 203,
366 5426 528 5503 1-27a5
551 5426 591 5490 ab
613 5424 732 5492 editore
754 5429 927 5495 Basilcensi
945 5454 983 5495 ex
1005 5430 1156 5497 codiceB
1178 5432 1291 5498 hausta
1304 5445 1386 5516 suut,
1409 5435 1582 5520 posteriora
1596 5433 1698 5499 denno
1720 5458 1758 5498 ex
1782 5431 1890 5498 codiee

233 5525 270 5607 P,
292 5526 351 5592 nisi
375 5526 460 5613 quod
482 5529 591 5614 paucis
614 5529 690 5594 loeis
714 5533 821 5598 codiee
842 5535 871 5598 B
895 5558 952 5620 pro
974 5533 1117 5600 subsidio
1139 5559 1214 5601 usus
1237 5546 1297 5616 est,
1320 5539 1402 5603 sicut
1424 5539 1485 5603 iarn
1508 5538 1539 5602 in
1563 5538 1718 5625 prioribus
1741 5538 1889 5625 operibus

337 5637 478 5694 Ersoorcs.
1716 5668 1736 5720 g
