4500 6232
346 299 389 361 gg
1016 287 1115 341 cxxx
1135 286 1268 353 (opusc.
1286 287 1324 354 3).

346 463 579 531 necessitatem
606 464 704 550 plena
731 463 885 527 aviditate
915 460 1080 540 currebat,
1111 460 1275 544 talemque
1304 459 1459 524 bellatrix
1488 457 1628 523 dextera
1651 460 1780 526 animae
1804 460 1874 526 suis
1898 466 2006 527 certa·

293 574 333 633 311
346 569 490 635 minibus
512 566 670 632 reddebat
692 589 831 644 earnem,
854 572 890 630 ut
913 566 958 628 illi
982 586 1062 650 opus
1086 570 1175 628 esset
1196 571 1311 650 postea
1327 584 1384 648 pro
1402 562 1602 627 necessitate
1618 564 1775 629 succurri.
1813 584 1877 629 nec
1893 570 2007 630 tamen

345 674 471 739 refecto
496 672 685 756 corpusculo
709 670 899 754 indulgebat
921 669 1000 732 otio:
1031 666 1184 732 utebatur
1206 668 1347 732 lectione
1370 688 1428 752 pro
1450 667 1564 751 requie
1588 666 1742 731 librorum
1765 668 2004 733 venerabilium

346 797 406 862 pro
433 772 662 838 blandimentis
686 774 899 836 instrumenta
922 770 1109 855 suscipiens.
1154 769 1343 834 memoriter
1365 770 1468 833 semel
1492 776 1684 834 transcursa
1708 769 1872 836 reddebat
1895 780 1940 853 et,
1963 792 2005 835 ne

348 877 538 943 crederetur
549 877 777 961 scripturarum
789 875 969 939 divinarum
985 874 1147 937 tramitem
1160 874 1332 938 verborum
1347 873 1572 937 tantummodo
1588 874 1758 940 celeritate
1770 876 2005 955 transvolasse,
2064 899 2074 933 ³

294 983 328 1042 31
346 980 504 1068 pingebat
527 980 651 1043 actibus
675 981 742 1043 suis
765 979 916 1064 paginam
944 998 1039 1062 quam
1058 977 1203 1061 legisset.
1241 977 1267 1039 si
1289 976 1451 1062 propheta
1472 977 1589 1042 fuisset
1611 978 1644 1041 in
1668 978 1831 1060 manibus,
1856 979 2003 1064 propha-

345 1090 468 1149 tantom
494 1083 621 1147 videres
653 1082 763 1146 codice
796 1083 913 1145 amisso
944 1082 1116 1155 lectorem;
1151 1080 1176 1144 si
1207 1081 1395 1147 testamenti
1423 1081 1544 1144 veteris
1577 1082 1800 1147 recensuisset
1827 1082 2004 1155 volumina,

348 1187 451 1272 Moysi
475 1185 589 1270 dignus
614 1186 793 1250 aemulator
815 1183 995 1263 incedebat,
1020 1183 1130 1246 taliter
1152 1204 1190 1247 ao
1213 1185 1239 1247 si
1262 1184 1352 1247 illum
1368 1183 1575 1248 Israhelitica
1598 1205 1657 1270 per
1679 1184 1846 1250 desertum
1870 1185 2005 1271 agmina

346 1298 572 1375 sequerentur;
596 1291 621 1353 si
643 1290 854 1373 apostolicum
879 1288 929 1351 lac
946 1287 1120 1351 verborum
1143 1288 1260 1350 etmel
1285 1287 1467 1351 dominicae
1493 1289 1655 1372 passionis
1680 1291 1894 1353 severitatem
1917 1290 2002 1373 legis
2015 1317 2034 1358 r·
2047 1311 2080 1349 sa

346 1395 499 1458 condiens
524 1396 681 1479 scriptura
697 1393 794 1457 index
810 1392 999 1471 revelasset,
1024 1390 1177 1455 continuo
1195 1411 1237 1453 ox
1254 1413 1310 1455 ore
1327 1390 1427 1475 ipsius
1444 1390 1592 1455 dulciora
1607 1392 1692 1456 savis
1708 1393 1809 1457 verba
1825 1394 2002 1458 fluxerunt.
2052 1416 2073 1453 ro

346 1504 510 1584 postremo
535 1497 610 1582 quid
634 1497 706 1560 libri
729 1495 924 1567 docuissent,
947 1495 1016 1558 vita
1039 1495 1241 1579 signabatur.

295 1597 334 1657 32
455 1602 593 1666 Domum
611 1603 719 1665 taliter
735 1600 871 1685 regebat
887 1600 1056 1680 ecclcsiae,
1079 1609 1116 1663 ut
1131 1621 1192 1664 nec
1207 1601 1396 1685 prolusione
1413 1600 1629 1666 immoderata
1652 1601 1857 1664 commissam
1881 1620 2003 1685 penum

346 1707 536 1770 exhauriret
551 1727 610 1770 nec
627 1705 701 1768 odia
717 1704 860 1768 sordenti
877 1705 1270 1791 parcitatocontraherot.
1310 1706 1580 1770 intercessionum
1597 1706 1697 1769 etiam
1721 1711 1799 1770 tunc
1823 1706 2004 1769 certamina

347 1809 547 1894 proludebat.
587 1831 660 1872 nam
676 1809 871 1892 ubicumque
888 1829 946 1893 pro
963 1806 1115 1871 remediis
1139 1808 1329 1871 miserorum
1352 1809 1497 1895 episcopi
1521 1808 1714 1874 mittebatur
1736 1809 1887 1894 imperio.
1911 1814 2003 1873 tanta

346 1914 501 1996 exigebat
523 1912 716 1975 beneficium
741 1918 811 1974 arte
841 1908 1058 1996 supplicandi,
1090 1917 1125 1972 ut
1148 1911 1305 1973 sentirent
1333 1911 1393 1974 sibi
1422 1912 1454 1974 in
1486 1913 1592 1975 causis
1615 1911 1776 1997 profuisse
1800 1912 2002 1997 conplurimi‚
2051 1932 2072 1969 ιτ·

294 2017 451 2101 :scipsum
475 2037 533 2101 per
556 2037 591 2079 se
615 2014 801 2098 episcopum
824 2034 889 2077 non
906 2014 1042 2076 venisse.
1082 2014 1264 2096 augebatur
1280 2015 1367 2077 circa
1390 2035 1465 2077 cum
1487 2037 1547 2100 per
1570 2015 1639 2079 dies
1663 2015 1810 2099 singulos
1833 2015 2002 2101 popularis

347 2119 482 2183 allectus
507 2124 540 2183 et
562 2119 687 2201 magnis
704 2117 910 2181 successibus
928 2115 1155 2179 cumulabatur
1171 2137 1272 2194 amor,
1297 2117 1351 2200 qui
1368 2140 1410 2180 ex
1426 2118 1544 2182 iudicio
1561 2118 1796 2184 descendebat.
1834 2117 2002 2183 desidera-

346 2223 441 2287 batur
463 2224 495 2285 in
518 2222 572 2285 illo
603 2221 834 2293 sacerdotium,
867 2241 938 2284 cum
969 2241 1063 2283 nerno
1092 2220 1260 2283 nutritoris
1290 2223 1360 2285 oius
1384 2228 1513 2306 optaret
1537 2223 1716 2287 interitum.
1762 2223 1869 2308 ipsum
1893 2229 2004 2287 tamen

346 2348 387 2391 no
417 2326 496 2389 odor
526 2324 656 2409 quidem
687 2324 781 2387 lruins
813 2323 972 2410 opinionis
996 2323 1179 2397 afflaverat;
1210 2323 1430 2388 arbitrabatur
1453 2325 1493 2388 ad
1515 2327 1698 2410 profectum
1722 2347 1816 2390 suum
1840 2326 2002 2405 sufficere,

294 2430 333 2490 31
348 2431 373 2494 si
404 2451 476 2493 cum
512 2429 597 2493 bona
630 2449 759 2512 semper
790 2427 1018 2492 aestimatione
1051 2428 1196 2491 serviret.
1250 2433 1421 2512 postquam
1457 2434 1568 2493 tamen
1604 2428 1748 2493 invalida
1783 2435 1941 2494 senectus
1972 2435 2004 2493 ct
2051 2448 2073 2486 ο·

348 2554 477 2618 semper
498 2531 538 2596 de
567 2531 807 2595 infirmitatibus
836 2531 973 2615 querula
996 2531 1218 2595 venerabilem
1248 2532 1353 2595 virum
1378 2530 1565 2617 Crispinum
1596 2534 1784 2618 pontificem
1818 2533 2004 2619 occupavit,

345 2638 438 2702 istius
460 2637 704 2701 sustentabatur
726 2635 886 2715 manibus,
911 2636 943 2698 in
968 2636 1062 2699 huius
1085 2637 1192 2700 nitens
1216 2636 1404 2720 erigebatur
1419 2637 1600 2721 amplexus,
1623 2658 1683 2722 pes
1700 2637 1787 2700 illius
1805 2642 1876 2701 erat
1892 2637 2004 2701 oculus

346 2742 496 2806 dextera:
521 2741 612 2804 cuius
627 2740 815 2819 ministerio,
840 2740 993 2824 quidquid
1010 2747 1156 2827 optasset
1172 2742 1253 2817 fieri.
1279 2749 1355 2805 ante
1372 2743 1548 2806 iussionem
1565 2763 1656 2806 suam
1673 2742 1806 2807 videbat
1821 2743 2003 2828 impletum.

345 2845 568 2931 praesentiunt
596 2843 683 2906 enim
710 2843 815 2907 bonae
844 2850 969 2907 mentes
993 2866 1104 2908 eorum
1134 2844 1312 2927 desideria,
1343 2846 1460 2930 quibus
1483 2868 1555 2910 cunr
1579 2846 1769 2930 integritate
1791 2847 2001 2911 famulantur.

345 2949 419 3012 talis
443 2948 474 3010 in
499 2946 669 3010 diaconatu
693 2968 713 3009 a
735 2947 911 3010 vicensimo
938 2948 1100 3034 incipiens
1130 2956 1203 3013 octo
1232 2971 1333 3013 annos
1363 2949 1519 3034 implevit.
1566 2949 1761 3035 etquidem
1791 2956 1869 3014 tunc
1898 2954 2002 3013 status
2051 2962 2072 3002 ·-·-’1

294 3053 334 3114 35
348 3051 507 3117 ecclcsiae
530 3049 712 3114 Ticinensis
736 3049 821 3112 bona
844 3050 1033 3115 clericorum
1056 3054 1150 3138 fruge
1174 3053 1330 3138 pollebat.
1375 3060 1469 3117 crant
1499 3054 1658 3118 caelestes
1682 3053 1758 3132 viri,
1789 3073 1873 3139 quos
1896 3054 1959 3119 iste
1983 3074 2080 3123 ansa

346 3155 546 3242 perfectione
578 3153 737 3238 incipiens
767 3153 923 3220 anteibat.
975 3156 1035 3219 luit
1063 3155 1224 3221 Silvester
1255 3155 1500 3221 archidiaconus
1531 3178 1571 3220 oa
1600 3163 1812 3242 tempestate,
1843 3157 1942 3221 homo
1969 3157 2003 3221 in

347 3266 476 3325 vetusta
502 3258 745 3344 disciplinarum
773 3259 983 3323 instructione
1013 3261 1271 3346 probatissimus.
1316 3262 1378 3324 fuit
1400 3262 1449 3324 vir
1471 3261 1712 3345 insignissimus
1734 3260 1887 3326 Bonosus
1910 3284 2002 3348 pres·

346 3364 450 3448 hyter,
483 3370 549 3426 tam
578 3361 694 3425 nobilis
724 3362 897 3426 sanctitate
926 3385 1021 3448 qnam
1054 3365 1231 3449 sanguine,
1262 3363 1377 3428 Gallus
1405 3363 1534 3450 quidem
1563 3365 1735 3449 prosapia,
1768 3363 1826 3429 sed
1853 3365 2003 3430 caelestis

346 3465 507 3550 indigena.
554 3466 647 3530 suere
678 3466 735 3529 alii
765 3471 798 3530 et
827 3486 960 3531 numero
992 3469 1102 3552 plures
1133 3474 1168 3532 et
1196 3469 1315 3531 virtute
1347 3474 1570 3552 praestantes,
1605 3489 1742 3552 quorum
1769 3466 1890 3532 idcirco
1918 3468 2004 3533 facio
2051 3481 2075 3519 ¹¹·

348 3569 556 3650 montionem,
581 3569 658 3653 quia
679 3590 781 3654 parva
803 3569 900 3634 laude
924 3568 1042 3655 dignus
1067 3571 1195 3655 estqui
1219 3577 1344 3635 tantum
1369 3571 1498 3636 miseris
1521 3572 1712 3637 antefertur.

293 3675 333 3735 36
455 3671 550 3738 Circa
573 3672 672 3737 finem
694 3680 805 3737 tamen
830 3673 928 3752 vitae,
956 3694 1052 3757 quem
1076 3675 1192 3758 spiritu
1217 3674 1440 3760 praevidebat,
1466 3681 1597 3739 sanctus
1620 3676 1756 3741 antistes
1780 3674 2004 3739 Mediolanum

345 3777 484 3841 vicinam
514 3777 652 3861 expetiit
680 3777 859 3857 civitatem,
889 3777 946 3841 ubi
974 3777 1131 3841 nobilium
1154 3779 1302 3862 germina
1326 3800 1433 3843 messe
1457 3780 1598 3864 quadam
1622 3778 1763 3845 mundae
1788 3777 2005 3864 ingenuitatis

346 3886 570 3945 excreverant.
618 3900 698 3964 quos
723 3880 916 3943 visitationis
944 3881 1050 3964 gratia
1080 3881 1253 3964 requisitos
1281 3883 1402 3946 talibus
1425 3883 1475 3947 vir
1497 3883 1551 3948 dei
1576 3883 1783 3948 sermonibus
1806 3882 2003 3969 appellavit:

293 3986 451 4064 37‘ecce,
473 3984 534 4061 fili,
558 3984 622 4046 iam
646 4004 698 4047 mo
721 3989 812 4047 aetas
837 3984 993 4070 conpellit
1017 3984 1058 4048 ad
1082 3984 1268 4055 transitum,
1292 3987 1357 4049 iarn
1381 3987 1590 4072 originariam
1613 3987 1653 4051 ad
1678 3988 1727 4051 ius
1750 4008 1845 4051 suum
1869 3993 2005 4051 revocat
2053 4006 2076 4043 ο

344 4093 432 4151 terra
453 4086 657 4172 particulam.
702 4086 893 4152 commendo
917 4089 1100 4168 civitatem,
1129 4087 1320 4152 commendo
1346 4091 1535 4159 ecclesiam.
1563 4090 1753 4155 commendo
1778 4091 1879 4169 hunc,
1912 4090 2004 4155 cuius

344 4189 447 4253 labori
472 4198 505 4254 et
527 4190 652 4274 gratiae
677 4188 782 4253 dobeo
806 4190 890 4275 quod
913 4212 1017 4277 usque
1040 4190 1081 4255 ad
1104 4191 1165 4255 hoo
1189 4198 1319 4277 tempus
1338 4193 1405 4256 vixi
1429 4200 1462 4257 ot
1485 4193 1691 4279 grandaevus
1709 4200 1743 4259 et
1758 4192 1887 4273 debilis,
1909 4193 2003 4257 cuius

345 4313 502 4377 corporea
532 4292 678 4357 soliditas
706 4300 738 4357 ot
766 4295 867 4358 virtus
896 4297 1024 4360 animae
1054 4295 1300 4360 inbecillitatem
1327 4318 1435 4362 meam
1465 4299 1606 4384 portavit
1633 4298 1705 4363 sine
1732 4295 1879 4377 fastidio,
1911 4297 2004 4361 cuius

347 4396 511 4460 ambulavi
535 4395 683 4482 pedibus,
707 4399 799 4462 tenui
822 4398 942 4485 aliquid
963 4400 1122 4480 manibus,
1148 4399 1212 4463 vidi
1230 4400 1344 4481 oculis,
1369 4400 1515 4465 ordinavi
1535 4422 1692 4466 sermone.
1730 4400 1794 4466 duo
1811 4399 2004 4466 videbamur

294 4498 334 4561 38
347 4499 565 4573 intuentibus,
596 4520 667 4563 cum
697 4523 781 4566 unus
809 4524 869 4589 per
895 4502 1101 4569 concordiam
1130 4504 1223 4568 fieret
1246 4525 1288 4567 ex
1312 4503 1460 4568 duobus'.
1506 4506 1588 4569 haec
1611 4504 1759 4570 Rustioio
1782 4505 1910 4569 inlustri
1933 4503 2002 4568 viro

348 4602 434 4667 dicta
456 4602 588 4688 penitus
618 4603 821 4681 insederunt,
853 4609 907 4694 qui
937 4609 968 4672 in
997 4608 1082 4672 omni
1111 4606 1240 4672 dicendi
1272 4628 1394 4693 genere
1423 4609 1715 4674 exercitatissimus
1742 4608 1800 4673 tali
1829 4615 1882 4673 est
1909 4628 2002 4673 orsus

348 4706 490 4792 cloquio:
515 4707 655 4787 ‘scimus
679 4717 792 4776 sancte
809 4719 913 4799 pater,
937 4713 1056 4777 scimus
1073 4718 1106 4775 et
1122 4710 1282 4798 profunda
1305 4712 1564 4778 consideratione
1587 4713 1826 4799 perspeximus,
1849 4712 2001 4777 iuvenem

450 5001 467 5053 5
484 5002 666 5053 scribturarum
679 5003 704 5054 B
830 5006 847 5057 fi
865 5010 963 5073 profeta
978 5008 1002 5056 V
1081 5009 1248 5074 prolatantem
1265 5007 1288 5056 1⁷
1405 5006 1420 5057 'l
1439 5009 1534 5061 uideris
1547 5009 1572 5059 Β
1701 5005 1733 5058 10
1750 5009 1877 5060 scribtura
1893 5008 1966 5060 indix
1978 5008 2002 5059 Β

348 5088 379 5140 11
399 5089 517 5156 sigrmbat
534 5086 573 5137 Τ2
591 5088 678 5141 Schott
695 5100 718 5142 ct
735 5091 804 5142 Bell.
937 5092 970 5145 12
987 5096 1095 5147 eclesiae
1111 5094 1137 5143 Β
1267 5092 1300 5145 lli
1321 5113 1366 5162 per
1387 5093 1424 5162 so]
1450 5112 1509 5163 poss
1525 5095 1571 5146 Ba
1658 5112 1710 5146 nou
1727 5112 1775 5146 ons.
1792 5094 1818 5145 B
1905 5096 2003 5162 sigulos

347 5192 402 5241 sup.
421 5176 466 5226 lia.
486 5174 541 5227 nB
687 5174 717 5227 11
741 5178 813 5243 nra-l
825 5181 883 5246 gnis
907 5180 985 5245 (eros.
1003 5180 1032 5248 gl
1050 5181 1075 5232 B
1179 5197 1249 5231 amar
1265 5180 1309 5231 Ba
1450 5181 1483 5233 18
1506 5179 1561 5248 illo]
1584 5199 1615 5233 eo
1633 5182 1691 5233 CPt
1794 5179 1860 5248 cius]
1885 5183 1927 5234 sui
1944 5182 2002 5235 ort

346 5258 381 5310 22
402 5261 554 5329 erogabatur
568 5261 593 5311 B
740 5263 775 5315 23
796 5267 918 5332 quioquid
938 5267 963 5317 V
1101 5264 1136 5317 24
1159 5283 1218 5317 cum
1241 5275 1293 5318 orat.
1317 5268 1361 5318 lia.
1385 5270 1469 5335 suppl.
1491 5287 1561 5319 ason.
1581 5273 1593 5318 1
1616 5267 1639 5317 V
1778 5266 1813 5319 25
1835 5270 1962 5337 trigesimo
1982 5268 2004 5318 V

347 5348 461 5414 expleuit
482 5347 561 5400 Sirm.
704 5348 737 5401 26
760 5351 867 5404 eclesiae
885 5353 910 5403 B
1052 5351 1086 5404 27
1115 5351 1237 5418 arrteihat]
1264 5354 1396 5405 ammte
1540 5353 1574 5405 32
1601 5356 1707 5407 antestis
1722 5355 1748 5406 B
1888 5354 1925 5407 33
1945 5372 2002 5425 gac-

348 5432 559 5485 matvtnt
672 5433 771 5488 351111
790 5437 814 5486 V
878 5440 974 5491 filiam
987 5439 1040 5505 Bss,
1057 5439 1094 5491 fili
1112 5440 1162 5490 iam
1174 5437 1217 5488 Β1
1296 5456 1352 5491 urea
1368 5448 1423 5491 stas
1435 5440 1542 5491 BVLT
1611 5440 1775 5509 conpellstB
1885 5438 1921 5493 36
1937 5442 2002 5495 ealc-

347 5520 411 5569 siam
423 5517 448 5569 Β
541 5518 575 5571 37
587 5523 662 5574 cuius
671 5522 705 5588 B,
717 5541 766 5575 oar.
779 5525 854 5579 ceteri
949 5524 984 5579 38
995 5525 1202 5579 inbecillitatsem
1216 5523 1241 5585 (ο
1253 5541 1284 5577 ωε
1296 5526 1392 5591 lcorr.)
1401 5526 1427 5576 Β
1519 5524 1554 5578 40
1565 5528 1661 5581 rustico
1671 5524 1773 5583 11¹0st
1867 5524 2003 5597 4111113,

347 5604 406 5663 tslis
423 5606 498 5659 ceteri
