4500 6232
671 285 807 340 CCXVIII
826 285 948 351 (EPIST.
966 286 991 349 5,
1010 287 1046 354 6),
1065 287 1173 341 CCXIX
1192 287 1315 353 (nvlsr.
1333 291 1358 353 5,
1376 290 1412 357 i).

837 577 1017 647 CCXVIII
1041 581 1150 666 (rrvsr.
1164 587 1194 661 5,
1211 585 1253 664 6).

699 773 907 848 LEONTIO
935 776 1114 850 ΑΒΒΑΤΙ
1140 775 1389 850 ENNODIVS.

339 918 456 1037 Supra
488 950 636 1014 meritum
668 969 776 1012 meum
805 971 931 1015 summa
962 953 1048 1016 circa
1078 974 1129 1016 me
1158 953 1309 1018 beneficii
1340 954 1495 1017 caelestis
1524 951 1681 1028 adolevit,
1714 951 1790 1015 dum
1818 951 1900 1036 quil

217 1074 323 1141 poena
346 1053 463 1138 dignus
486 1075 571 1133 sum,
596 1054 755 1116 iustorum
779 1055 926 1139 praemia
949 1064 1144 1120 conssecutu
1169 1057 1292 1121 exulto.
1338 1056 1460 1121 frustra
1483 1055 1710 1140 delinquentes
1732 1055 1872 1140 periculi

218 1166 323 1222 mater
353 1158 539 1244 desperatio
566 1155 607 1220 ad
636 1164 785 1220 extrema
813 1159 1019 1243 praecipitat.
1064 1160 1098 1222 in
1126 1181 1237 1224 errore
1261 1161 1404 1224 maximo
1427 1160 1594 1225 constituti
1617 1180 1690 1223 meo
1714 1157 1755 1222 ad
1779 1179 1872 1243 spem

154 1315 158 1325 .
218 1262 355 1327 solidam
378 1270 573 1349 reparentur
596 1263 759 1347 exemplo.
799 1249 911 1326 nescio
936 1262 976 1327 de
1000 1282 1063 1347 quo
1084 1285 1184 1348 opere
1208 1263 1296 1341 mihi,
1319 1263 1360 1327 de
1376 1284 1440 1350 qua
1455 1263 1643 1327 innocentis
1658 1261 1905 1347 epistolarum2

217 1372 400 1430 vestrarum
438 1366 564 1430 fructus
594 1366 771 1428 accesserit
802 1372 835 1428 et
866 1365 1006 1428 animam
1043 1366 1172 1451 peccati
1204 1366 1354 1430 ubertate
1386 1367 1584 1452 locupletem
1616 1365 1769 1430 caelestis
1797 1363 1875 1428 boni

216 1471 314 1536 melle
338 1470 477 1534 satiarit:
508 1469 567 1533 nisi
595 1469 672 1554 quia
695 1468 752 1533 ille
775 1467 830 1552 qui
859 1469 995 1532 vulnera
1024 1474 1135 1533 nostra
1164 1470 1309 1555 suscepit
1332 1478 1365 1534 et
1390 1490 1448 1555 pro
1477 1469 1570 1534 nobis
1599 1468 1715 1543 doluit,
1749 1475 1875 1532 mutata

218 1574 405 1637 meritorum
436 1572 643 1649 condicione,
675 1593 754 1658 quos
786 1572 925 1656 flagellis
957 1570 1070 1657 dignos
1093 1571 1224 1652 viderit,
1256 1574 1396 1656 castigat
1418 1573 1605 1637 muneribus
1628 1579 1662 1637 et
1685 1594 1780 1637 versa
1803 1572 1875 1636 vice

219 1679 391 1742 noxiorum
414 1678 540 1741 animas
557 1676 634 1740 dum
651 1675 805 1740 secundis
823 1676 937 1761 replet,
961 1675 1085 1760 pudore
1103 1676 1263 1739 meliorat.
1302 1677 1435 1763 superni
1452 1696 1530 1760 ergo
1548 1677 1668 1740 secreti
1684 1676 1905 1761 dignatione3

220 1782 492 1846 contabulationis
528 1787 659 1844 vestrae
699 1782 810 1865 fruges
845 1780 954 1843 elicui.
1007 1801 1064 1843 vos
1097 1779 1137 1843 de
1172 1781 1315 1865 corporis
1352 1781 1415 1845 mei
1452 1781 1592 1844 sanitate
1629 1780 1783 1845 sollicitos
1817 1782 1874 1845 ille

219 1884 368 1966 reddidit,
393 1886 448 1970 qui
472 1885 599 1949 ammae
623 1905 717 1948 meae
741 1905 850 1948 curam
874 1905 933 1970 per
956 1884 1120 1969 spiritales
1144 1883 1288 1948 medicos
1312 1882 1353 1947 ad
1377 1888 1498 1947 statum
1523 1883 1670 1947 indultae
1687 1883 1874 1947 valitudinis

218 1988 326 2053 redire
366 1988 530 2075 conpellit.
589 2008 672 2073 quae
707 1988 747 2051 sit
781 1988 814 2051 in
849 2008 900 2049 me
936 1987 1121 2050 substantia
1158 1986 1391 2064 membrorum,
1430 1987 1603 2072 religiosae
1643 1985 1874 2050 sollicitudinis

217 2092 470 2176 investigatione
502 2092 705 2177 perquiritis,
739 2111 873 2176 quorum
905 2096 1009 2153 status
1037 2089 1166 2153 animae
1199 2098 1325 2175 partem
1350 2092 1532 2175 neglegens
1555 2095 1622 2153 toto
1645 2088 1757 2153 mundi
1780 2089 1874 2153 istius

219 2202 374 2280 gravatur
396 2196 543 2282 imperio.
589 2197 677 2280 agite
702 2195 848 2258 oratione
873 2216 924 2257 mc
949 2195 1048 2258 talcru
1071 2193 1159 2273 fieri,
1191 2195 1320 2278 qualem
1344 2194 1495 2259 adseritis
1519 2193 1767 2271 blandimentis,
1798 2192 1904 2278 quial

154 2325 165 2362 s
219 2299 284 2363 fuci
313 2300 425 2363 noscis
454 2299 614 2384 propositi
639 2298 740 2361 vestri
772 2295 929 2360 claritudo
953 2317 1048 2381 quern
1072 2295 1191 2360 bonum
1222 2318 1296 2361 csse
1326 2298 1494 2383 praedicat
1521 2304 1599 2360 ante
1624 2304 1753 2384 tempus
1780 2299 1873 2362 inno-

219 2403 357 2482 centiae,
381 2400 552 2466 adnuntiat
575 2423 651 2464 mox
673 2401 827 2464 futurum.
866 2398 1020 2463 fratribus
1044 2399 1127 2463 meis
1152 2406 1185 2464 et
1208 2403 1384 2481 conservis,
1408 2422 1489 2487 quos
1512 2399 1694 2480 direxistis,
1718 2407 1875 2486 quantum

219 2506 376 2571 exhibere
401 2505 513 2571 solacii
537 2505 637 2591 potui,
662 2511 736 2568 voto
760 2503 869 2589 potius
886 2523 982 2587 quarn
1000 2524 1035 2566 re
1052 2502 1190 2566 idoneus
1207 2525 1270 2567 non
1287 2503 1415 2588 negavi.
1454 2512 1607 2589 superest
1623 2510 1658 2567 ut
1674 2505 1905 2589 accipientest

220 2608 379 2694 obsequia
408 2630 483 2674 mea
506 2629 579 2673 curu
602 2608 754 2672 universo
778 2606 829 2669 cui
854 2607 1013 2691 praeestis
1038 2606 1177 2671 concilio
1203 2629 1261 2692 per
1284 2606 1337 2672 dei
1360 2608 1591 2694 omnipotentis
1614 2608 1873 2673 misericordiam

220 2713 377 2777 coniurati
406 2712 469 2777 deo
498 2732 557 2799 pro
588 2712 747 2799 parvitate
781 2730 854 2775 mea
883 2710 1037 2796 precibus
1070 2711 1245 2790 insistatis,
1276 2716 1312 2773 ut
1341 2711 1392 2775 cui
1423 2710 1516 2775 deest
1545 2733 1604 2797 per
1627 2713 1774 2776 actiones
1799 2733 1874 2777 suas

141 2846 152 2879 ·.
219 2816 337 2881 fiducia
359 2816 527 2896 bonorum,
551 2837 611 2901 per
633 2815 788 2900 suffragia
812 2822 921 2879 vestra
944 2816 1122 2902 contingat.

855 3120 999 3189 CCXIX
1021 3124 1131 3210 (rrrsr.
1148 3129 1178 3203 5,
1196 3125 1241 3209 7).

776 3316 1048 3390 EVPREPIAE
1074 3316 1324 3391 ENNODIVS.

329 3465 502 3576 Quamvis
533 3516 633 3581 saepe
666 3496 788 3580 ingenii
814 3494 879 3557 mei
908 3493 1045 3557 maciem
1070 3495 1298 3578 cognovisses,
1331 3495 1510 3580 periclitari
1533 3502 1644 3561 tamen
1668 3496 1790 3562 ieiunia
1813 3497 1905 3561 orist

221 3602 298 3665 olim
321 3600 451 3688 probati
474 3600 627 3663 iussionis
651 3599 822 3663 eeleritate
845 3597 990 3661 voluisti.
1038 3597 1096 3661 sed
1120 3618 1181 3682 ego
1206 3618 1269 3661 non
1293 3597 1402 3662 abnuo
1426 3599 1581 3663 oboedire
1605 3599 1768 3685 diligenti,
1792 3608 1828 3666 ut
1851 3602 1879 3666 si

221 3703 394 3768 facundiae
417 3703 512 3767 deest
527 3704 689 3775 meritum,
714 3702 819 3786 gratia
838 3699 1014 3765 subveniat
1029 3699 1244 3785 obsequendi.
1281 3703 1391 3766 variae
1409 3709 1485 3765 sunt
1500 3701 1657 3768 donorum
1675 3704 1878 3784 caelestium,

144 3852 169 3887 .,
222 3807 300 3872 licet
334 3807 375 3871 ab
410 3828 474 3871 uno
509 3813 644 3870 auctore
679 3804 937 3889 progrediantur,
973 3805 1119 3890 species:
1160 3804 1258 3868 alium
1293 3804 1498 3870 commendat
1532 3807 1705 3891 perfectio,
1739 3809 1878 3873 alterum

221 3909 365 3974 insinuat
387 3909 473 3995 quod
496 3909 568 3973 siue
591 3907 745 3973 tarditate
770 3908 881 3994 aliqua
903 3909 972 3972 vult
996 3930 1123 3994 parere.
1169 3908 1308 3973 domnae
1331 3929 1424 3972 meae
1441 3908 1609 3994 Cynegiae
1633 3909 1800 3996 epitafium
1823 3907 1911 3975 vix2

221 4033 288 4077 una
314 4012 395 4076 hora
425 4011 550 4077 habens
580 4010 743 4076 tractandi
767 4013 907 4098 spatium
932 4014 1101 4077 inelimata
1124 4013 1299 4076 velocitate
1324 4013 1491 4098 conposui.
1537 4013 1611 4078 vide
1635 4014 1879 4095 necessitatem,

221 4124 259 4180 ut
279 4117 368 4180 illam
392 4122 556 4180 tantorum
579 4116 769 4180 meritorum
794 4114 949 4179 feminam
972 4115 1143 4179 verborum
1168 4114 1307 4179 saltibus
1332 4116 1544 4200 explicarem.
1582 4124 1696 4202 parcet
1719 4117 1879 4181 sterilitati

223 4240 316 4285 meae
340 4218 539 4285 venerabilis
571 4219 679 4283 anima
710 4218 874 4304 accipiens
904 4239 963 4303 pro
994 4218 1162 4282 schemate
1191 4218 1342 4282 dictionis
1367 4218 1509 4284 studium
1531 4219 1601 4284 sine
1624 4220 1712 4285 nube
1735 4219 1879 4284 dictoris.

149 4371 153 4381 ,
226 4330 276 4399 tu,
308 4323 353 4386 mi
382 4322 529 4403 domina,
560 4323 733 4408 epistolem
762 4322 970 4408 praesentiae
998 4342 1091 4386 meas
1121 4322 1191 4385 viee
1222 4322 1432 4408 conplectens
1462 4342 1534 4401 ora,
1566 4328 1602 4386 ut
1629 4324 1762 4409 spiritus
1792 4323 1880 4387 illius

224 4424 384 4490 scabridis
407 4446 612 4511 nequaquam
633 4425 783 4491 laedatur
807 4426 935 4490 officiis.

329 4719 476 4789 [CCXVIII]
504 4718 675 4772 tmolimtB
770 4716 1030 4787 ddisperatloBVL
1042 4721 1206 4790 (dissperatio
1218 4722 1272 4785 Ba)
1368 4721 1385 4774 5
1403 4723 1511 4775 solidam
1523 4740 1593 4790 spem
1606 4723 1629 4786 t,
1647 4739 1718 4790 spem
1730 4740 1787 4790 sup.
1799 4724 1845 4775 lin.
1860 4722 1885 4773 P

223 4809 241 4861 o
266 4812 378 4862 animum
395 4808 420 4859 B
446 4816 470 4860 et
491 4824 547 4875 sap.
569 4808 614 4858 lin.
636 4804 727 4870 TW,
761 4807 793 4857 ad
817 4807 893 4858 imam
915 4806 971 4871 VL,
998 4808 1030 4858 ad
1060 4825 1138 4859 unum
1164 4806 1262 4860 T101’1
1371 4809 1476 4860 uberate
1493 4807 1534 4859 131
1677 4806 1692 4859 'l
1716 4811 1819 4861 satiauit
1836 4809 1881 4859 13⁶

225 4891 258 4945 10
275 4896 401 4947 sollicitus
413 4895 438 4946 B
563 4891 593 4944 ll
613 4892 735 4961 spiritalis
746 4891 772 4942 B
858 4894 970 4946 medicos
987 4910 1043 4959 sup.
1057 4894 1103 4946 lin.
1116 4893 1141 4945 Β
1258 4892 1292 4945 12
1308 4894 1479 4946 substantium
1491 4893 1516 4944 B
1643 4892 1675 4945 13
1692 4895 1845 4961 perquirstis
1857 4893 1882 4945 Β

223 4998 332 5046 quorum
352 5020 378 5031 ..
397 4989 494 5047 partem
515 4979 544 5030 io
558 4979 595 5030 lit.
612 4978 637 5029 B
742 4978 874 5045 necligsns
889 4976 932 5028 13¹
1075 4977 1108 5030 14
1130 4982 1270 5032 orationem
1290 4979 1294 5044 Ι
1314 4989 1340 5032 st
1363 4981 1439 5032 talem
1456 4979 1489 5044 B,
1513 4997 1554 5032 me
1576 4980 1653 5032 talem
1676 4981 1789 5032 oratione
1807 4981 1883 5032 omri

223 5067 348 5117 adseritur
360 5063 402 5116 ΒῙ
510 5063 543 5116 16
561 5065 681 5131 quintum
693 5063 719 5115 B
830 5061 862 5115 17
879 5065 968 5117 solocii
979 5064 1021 5116 131
1132 5065 1165 5117 18
1181 5069 1288 5134 precatis
1307 5066 1331 5133 (r
1346 5084 1377 5119 eu
1394 5085 1409 5118 a
1425 5065 1503 5132 corr)
1516 5066 1542 5117 B
1615 5066 1812 5118 misericordiam
1830 5064 1882 5132 (sm

223 5167 279 5217 sup.
292 5151 350 5218 lin.)
362 5151 388 5202 B
493 5149 526 5202 19
543 5152 652 5203 actionis
664 5147 708 5199 131
812 5147 847 5202 20
864 5152 997 5218 continget
1014 5150 1108 5203 finitB

328 5252 452 5323 [ccxix]
485 5254 519 5307 21
538 5256 690 5323 supraepiee
702 5254 759 5305 BV
885 5253 921 5306 22
942 5263 1028 5307 tumen
1049 5262 1110 5306 ante
1128 5254 1225 5307 ieiunis
1241 5254 1312 5322 (ante
1330 5274 1386 5323 sup.
1399 5257 1445 5308 lin.
1458 5256 1492 5318 P)
1506 5255 1544 5306 Po
1673 5251 1708 5306 23
1725 5256 1827 5322 pronati
1839 5253 1884 5305 ΒῡΙ

224 5341 344 5394 uoluistis
361 5340 418 5407 (als
436 5360 449 5395 s
467 5359 523 5409 usp.
537 5340 633 5407 livalli
726 5337 762 5392 24
777 5338 925 5408 subveniat]
938 5342 1027 5393 ueniat
1036 5340 1116 5393 Sim.
1212 5339 1247 5393 26
1263 5342 1437 5411 eyuaegiaeB
1493 5341 1632 5408 epytafium
1641 5338 1675 5403 B,
1690 5340 1848 5408 epitaphium
1864 5340 1889 5391 V

224 5425 260 5480 28
276 5429 448 5496 sexplicarem
465 5424 508 5479 13¹
623 5424 659 5479 29
675 5427 836 5480 uenerabilis
855 5465 961 5481 ......
980 5429 1037 5480 sine
1054 5429 1140 5496 suppl.
1157 5430 1186 5479 ia
1203 5447 1251 5496 my.
1271 5432 1319 5497 ins.
1333 5429 1376 5480 13²
1455 5429 1584 5497 accipiens
1596 5426 1630 5490 Β,
1650 5427 1793 5495 mseipiens
1810 5429 1886 5481 ceteri

223 5522 336 5567 mute
350 5513 381 5579 V,
397 5510 562 5568 sesmaheB
671 5510 707 5565 80
724 5513 760 5565 mi
772 5510 806 5578 B,
823 5530 872 5565 ent.
884 5513 961 5565 esuri
1033 5515 1149 5582 spirituis
1161 5514 1187 5565 Β
1255 5517 1360 5582 spiritus
1378 5517 1458 5567 sancti
1478 5514 1889 5580 nlius(uliump.ltn.1²)0P

224 5599 257 5655 ct
276 5600 404 5656 nebridi·
420 5600 450 5667 (b
466 5598 548 5665 cerr.)
559 5597 586 5651 B
