<?xml version="1.0" encoding="UTF-8"?>
<!DOCTYPE html PUBLIC "-//W3C//DTD XHTML 1.0 Transitional//EN"
    "http://www.w3.org/TR/xhtml1/DTD/xhtml1-transitional.dtd">
<html xmlns="http://www.w3.org/1999/xhtml" xml:lang="en" lang="en">
 <head>
  <title>
</title>
<meta http-equiv="Content-Type" content="text/html;charset=utf-8" />
  <meta name='ocr-system' content='tesseract 3.04.00' />
  <meta name='ocr-capabilities' content='ocr_page ocr_carea ocr_par ocr_line ocrx_word'/>
</head>
<body>
  <div class='ocr_page' id='page_1' title='image "./magnifelicisenn00vogegoog_0340.png"; bbox 0 0 4500 6232; ppageno 0'>
   <div class='ocr_carea' id='block_1_1' title="bbox 957 258 1337 329">
    <p class='ocr_par' dir='ltr' id='par_1_1' title="bbox 957 258 1337 329">
     <span class='ocr_line' id='line_1_1' title="bbox 957 258 1337 329; baseline -0.008 -8"><span class='ocrx_word' id='word_1_1' title='bbox 957 260 1096 321; x_wconf 73' lang='lat' dir='ltr'>eccm</span> <span class='ocrx_word' id='word_1_2' title='bbox 1115 258 1239 327; x_wconf 70' lang='lat' dir='ltr'>(EPIST.</span> <span class='ocrx_word' id='word_1_3' title='bbox 1255 262 1282 325; x_wconf 80' lang='lat' dir='ltr'>s</span> <span class='ocrx_word' id='word_1_4' title='bbox 1301 264 1337 329; x_wconf 77' lang='lat' dir='ltr'>ll.</span> 
     </span>
    </p>
   </div>
   <div class='ocr_carea' id='block_1_2' title="bbox 938 556 1357 641">
    <p class='ocr_par' dir='ltr' id='par_1_2' title="bbox 938 556 1357 641">
     <span class='ocr_line' id='line_1_2' title="bbox 938 556 1357 641; baseline -0.005 -16"><span class='ocrx_word' id='word_1_5' title='bbox 938 556 1113 625; x_wconf 63' lang='lat' dir='ltr'>(Ilm</span> <span class='ocrx_word' id='word_1_6' title='bbox 1135 558 1247 641; x_wconf 71' lang='lat' dir='ltr'>(urm.</span> <span class='ocrx_word' id='word_1_7' title='bbox 1262 560 1293 623; x_wconf 80' lang='grc'>8.</span> <span class='ocrx_word' id='word_1_8' title='bbox 1313 560 1357 640; x_wconf 84' lang='lat' dir='ltr'>t).</span> 
     </span>
    </p>
   </div>
   <div class='ocr_carea' id='block_1_3' title="bbox 919 752 1375 829">
    <p class='ocr_par' dir='ltr' id='par_1_3' title="bbox 919 752 1375 829">
     <span class='ocr_line' id='line_1_3' title="bbox 919 752 1375 829; baseline 0.004 -2"><span class='ocrx_word' id='word_1_9' title='bbox 919 752 1098 827; x_wconf 83' lang='lat' dir='ltr'><strong>BOETIO</strong></span> <span class='ocrx_word' id='word_1_10' title='bbox 1124 752 1375 829; x_wconf 75' lang='lat' dir='ltr'>Eb&#39;XODlVS.</span> 
     </span>
    </p>
   </div>
   <div class='ocr_carea' id='block_1_4' title="bbox 293 900 2021 4324">
    <p class='ocr_par' dir='ltr' id='par_1_4' title="bbox 293 900 2021 4324">
     <span class='ocr_line' id='line_1_4' title="bbox 294 900 2003 1018; baseline 0 -25"><span class='ocrx_word' id='word_1_11' title='bbox 294 926 306 983; x_wconf 82' lang='lat'><strong>¹</strong></span> <span class='ocrx_word' id='word_1_12' title='bbox 432 900 601 1018; x_wconf 81' lang='lat' dir='ltr'>Optimae</span> <span class='ocrx_word' id='word_1_13' title='bbox 632 932 704 1018; x_wconf 88' lang='lat' dir='ltr'>spei</span> <span class='ocrx_word' id='word_1_14' title='bbox 734 930 867 1017; x_wconf 72' lang='lat' dir='ltr'>plenus.</span> <span class='ocrx_word' id='word_1_15' title='bbox 896 931 949 995; x_wconf 90' lang='lat' dir='ltr'>cui</span> <span class='ocrx_word' id='word_1_16' title='bbox 977 930 1103 995; x_wconf 82' lang='lat' dir='ltr'>lautum</span> <span class='ocrx_word' id='word_1_17' title='bbox 1131 930 1243 1016; x_wconf 77' lang='lat' dir='ltr'>cupio,</span> <span class='ocrx_word' id='word_1_18' title='bbox 1274 930 1316 994; x_wconf 91' lang='lat' dir='ltr'>ad</span> <span class='ocrx_word' id='word_1_19' title='bbox 1344 952 1457 995; x_wconf 84' lang='lat' dir='ltr'>curum</span> <span class='ocrx_word' id='word_1_20' title='bbox 1484 930 1586 995; x_wconf 85' lang='lat' dir='ltr'>officii</span> <span class='ocrx_word' id='word_1_21' title='bbox 1615 930 1809 1017; x_wconf 80' lang='lat' dir='ltr'>epistularis</span> <span class='ocrx_word' id='word_1_22' title='bbox 1842 928 2003 1015; x_wconf 73' lang='lat' dir='ltr'>adspira.</span> 
     </span>
     <span class='ocr_line' id='line_1_5' title="bbox 321 1033 2003 1124; baseline 0 -27"><span class='ocrx_word' id='word_1_23' title='bbox 321 1034 418 1099; x_wconf 87' lang='lat' dir='ltr'>decet</span> <span class='ocrx_word' id='word_1_24' title='bbox 442 1037 528 1099; x_wconf 92' lang='lat' dir='ltr'>cnim</span> <span class='ocrx_word' id='word_1_25' title='bbox 546 1035 667 1099; x_wconf 75' lang='lat' dir='ltr'>restris</span> <span class='ocrx_word' id='word_1_26' title='bbox 689 1033 835 1098; x_wconf 76' lang='lat' dir='ltr'><strong>fascibus</strong></span> <span class='ocrx_word' id='word_1_27' title='bbox 858 1034 921 1098; x_wconf 89' lang='lat' dir='ltr'>bac</span> <span class='ocrx_word' id='word_1_28' title='bbox 943 1034 1149 1119; x_wconf 75' lang='lat' dir='ltr'><strong>praefatione</strong></span> <span class='ocrx_word' id='word_1_29' title='bbox 1172 1033 1312 1099; x_wconf 86' lang='lat' dir='ltr'>delibari</span> <span class='ocrx_word' id='word_1_30' title='bbox 1335 1052 1370 1099; x_wconf 87' lang='lat' dir='ltr'>et</span> <span class='ocrx_word' id='word_1_31' title='bbox 1393 1036 1480 1124; x_wconf 85' lang='lat' dir='ltr'>inter</span> <span class='ocrx_word' id='word_1_32' title='bbox 1501 1054 1663 1120; x_wconf 85' lang='lat' dir='ltr'>purpuras</span> <span class='ocrx_word' id='word_1_33' title='bbox 1683 1034 1903 1121; x_wconf 82' lang='lat' dir='ltr'>possessoris</span> <span class='ocrx_word' id='word_1_34' title='bbox 1920 1034 2003 1097; x_wconf 91' lang='lat' dir='ltr'>luce</span> 
     </span>
     <span class='ocr_line' id='line_1_6' title="bbox 323 1134 2002 1224; baseline -0.001 -26"><span class='ocrx_word' id='word_1_35' title='bbox 323 1156 510 1203; x_wconf 82' lang='lat' dir='ltr'>crescentes</span> <span class='ocrx_word' id='word_1_36' title='bbox 539 1140 770 1224; x_wconf 81' lang='lat' dir='ltr'>qualicumque</span> <span class='ocrx_word' id='word_1_37' title='bbox 800 1160 865 1202; x_wconf 92' lang='lat' dir='ltr'>nou</span> <span class='ocrx_word' id='word_1_38' title='bbox 892 1137 1062 1202; x_wconf 89' lang='lat' dir='ltr'>abstinere</span> <span class='ocrx_word' id='word_1_39' title='bbox 1085 1138 1268 1223; x_wconf 88' lang='lat' dir='ltr'>conloquio.</span> <span class='ocrx_word' id='word_1_40' title='bbox 1312 1136 1468 1222; x_wconf 89' lang='lat' dir='ltr'>numquid</span> <span class='ocrx_word' id='word_1_41' title='bbox 1491 1138 1593 1201; x_wconf 86' lang='lat' dir='ltr'>solius</span> <span class='ocrx_word' id='word_1_42' title='bbox 1614 1136 1785 1201; x_wconf 77' lang='lat' dir='ltr'>doctrinae</span> <span class='ocrx_word' id='word_1_43' title='bbox 1809 1134 2002 1201; x_wconf 81' lang='lat' dir='ltr'>beneflciis</span> 
     </span>
     <span class='ocr_line' id='line_1_7' title="bbox 325 1238 2002 1328; baseline -0.002 -23"><span class='ocrx_word' id='word_1_44' title='bbox 325 1264 417 1306; x_wconf 91' lang='lat' dir='ltr'>amor</span> <span class='ocrx_word' id='word_1_45' title='bbox 439 1244 629 1327; x_wconf 71' lang='lat' dir='ltr'>agnoscitur</span> <span class='ocrx_word' id='word_1_46' title='bbox 651 1264 711 1306; x_wconf 86' lang='lat' dir='ltr'>nec</span> <span class='ocrx_word' id='word_1_47' title='bbox 734 1242 784 1305; x_wconf 85' lang='lat' dir='ltr'>ias</span> <span class='ocrx_word' id='word_1_48' title='bbox 807 1262 882 1305; x_wconf 88' lang='lat' dir='ltr'>esse</span> <span class='ocrx_word' id='word_1_49' title='bbox 904 1240 1105 1305; x_wconf 87' lang='lat' dir='ltr'>credendum</span> <span class='ocrx_word' id='word_1_50' title='bbox 1128 1252 1180 1305; x_wconf 89' lang='lat' dir='ltr'>cst</span> <span class='ocrx_word' id='word_1_51' title='bbox 1201 1240 1333 1328; x_wconf 91' lang='lat' dir='ltr'>prodire</span> <span class='ocrx_word' id='word_1_52' title='bbox 1356 1243 1389 1305; x_wconf 93' lang='lat' dir='ltr'>in</span> <span class='ocrx_word' id='word_1_53' title='bbox 1412 1240 1557 1306; x_wconf 89' lang='lat' dir='ltr'>medium</span> <span class='ocrx_word' id='word_1_54' title='bbox 1579 1239 1745 1305; x_wconf 85' lang='lat' dir='ltr'>desideria</span> <span class='ocrx_word' id='word_1_55' title='bbox 1766 1238 2002 1303; x_wconf 76' lang='lat' dir='ltr'>rusticantis!</span> 
     </span>
     <span class='ocr_line' id='line_1_8' title="bbox 293 1343 2004 1433; baseline 0.001 -28"><span class='ocrx_word' id='word_1_56' title='bbox 293 1343 506 1433; x_wconf 71' lang='lat' dir='ltr'>tsimplicius</span> <span class='ocrx_word' id='word_1_57' title='bbox 534 1348 742 1410; x_wconf 85' lang='lat' dir='ltr'>innotescunt</span> <span class='ocrx_word' id='word_1_58' title='bbox 765 1362 841 1409; x_wconf 78' lang='lat' dir='ltr'>sota</span> <span class='ocrx_word' id='word_1_59' title='bbox 869 1344 960 1409; x_wconf 94' lang='lat' dir='ltr'>nullo</span> <span class='ocrx_word' id='word_1_60' title='bbox 982 1345 1123 1430; x_wconf 77' lang='lat' dir='ltr'>peritiae</span> <span class='ocrx_word' id='word_1_61' title='bbox 1146 1345 1257 1409; x_wconf 81' lang='lat' dir='ltr'>relata</span> <span class='ocrx_word' id='word_1_62' title='bbox 1279 1346 1470 1430; x_wconf 87' lang='lat' dir='ltr'>praestigio.</span> <span class='ocrx_word' id='word_1_63' title='bbox 1514 1366 1595 1429; x_wconf 89' lang='lat' dir='ltr'>ergo</span> <span class='ocrx_word' id='word_1_64' title='bbox 1617 1365 1678 1409; x_wconf 94' lang='lat' dir='ltr'>uos</span> <span class='ocrx_word' id='word_1_65' title='bbox 1699 1343 1764 1409; x_wconf 89' lang='lat' dir='ltr'>boc</span> <span class='ocrx_word' id='word_1_66' title='bbox 1786 1364 1914 1407; x_wconf 86' lang='lat' dir='ltr'>sumus</span> <span class='ocrx_word' id='word_1_67' title='bbox 1939 1362 2004 1407; x_wconf 89' lang='lat' dir='ltr'>ore</span> 
     </span>
     <span class='ocr_line' id='line_1_9' title="bbox 323 1444 2004 1535; baseline -0.002 -23"><span class='ocrx_word' id='word_1_68' title='bbox 323 1449 409 1533; x_wconf 89' lang='lat' dir='ltr'>quod</span> <span class='ocrx_word' id='word_1_69' title='bbox 445 1462 594 1535; x_wconf 87' lang='lat' dir='ltr'>pectore;</span> <span class='ocrx_word' id='word_1_70' title='bbox 634 1470 698 1513; x_wconf 94' lang='lat' dir='ltr'>non</span> <span class='ocrx_word' id='word_1_71' title='bbox 732 1470 843 1513; x_wconf 87' lang='lat' dir='ltr'>amara</span> <span class='ocrx_word' id='word_1_72' title='bbox 878 1446 1145 1534; x_wconf 76' lang='lat' dir='ltr'>praecordiorum</span> <span class='ocrx_word' id='word_1_73' title='bbox 1178 1446 1360 1512; x_wconf 85' lang='lat' dir='ltr'>delenificis</span> <span class='ocrx_word' id='word_1_74' title='bbox 1394 1468 1567 1533; x_wconf 81' lang='lat' dir='ltr'>possumus</span> <span class='ocrx_word' id='word_1_75' title='bbox 1599 1454 1727 1511; x_wconf 88' lang='lat' dir='ltr'>mutare</span> <span class='ocrx_word' id='word_1_76' title='bbox 1760 1444 2004 1511; x_wconf 88' lang='lat' dir='ltr'>sermonibus.</span> 
     </span>
     <span class='ocr_line' id='line_1_10' title="bbox 324 1548 2003 1639; baseline 0 -24"><span class='ocrx_word' id='word_1_77' title='bbox 324 1553 451 1639; x_wconf 89' lang='lat' dir='ltr'>pudens</span> <span class='ocrx_word' id='word_1_78' title='bbox 483 1553 635 1617; x_wconf 88' lang='lat' dir='ltr'>laudator</span> <span class='ocrx_word' id='word_1_79' title='bbox 662 1566 730 1619; x_wconf 87' lang='lat' dir='ltr'>est.</span> <span class='ocrx_word' id='word_1_80' title='bbox 760 1552 812 1615; x_wconf 91' lang='lat' dir='ltr'>cui</span> <span class='ocrx_word' id='word_1_81' title='bbox 841 1552 873 1615; x_wconf 94' lang='lat' dir='ltr'>in</span> <span class='ocrx_word' id='word_1_82' title='bbox 903 1552 1157 1616; x_wconf 79' lang='lat' dir='ltr'>concinnatione</span> <span class='ocrx_word' id='word_1_83' title='bbox 1185 1551 1400 1616; x_wconf 79' lang='lat' dir='ltr'>blandimenti</span> <span class='ocrx_word' id='word_1_84' title='bbox 1430 1549 1569 1616; x_wconf 91' lang='lat' dir='ltr'>dicenda</span> <span class='ocrx_word' id='word_1_85' title='bbox 1597 1570 1690 1614; x_wconf 90' lang='lat' dir='ltr'>mens</span> <span class='ocrx_word' id='word_1_86' title='bbox 1712 1550 1883 1635; x_wconf 88' lang='lat' dir='ltr'>suggerit.</span> <span class='ocrx_word' id='word_1_87' title='bbox 1932 1548 2003 1615; x_wconf 86' lang='lat' dir='ltr'>deo</span> 
     </span>
     <span class='ocr_line' id='line_1_11' title="bbox 324 1650 2003 1742; baseline -0.001 -24"><span class='ocrx_word' id='word_1_88' title='bbox 324 1677 404 1739; x_wconf 88' lang='lat' dir='ltr'>crgo</span> <span class='ocrx_word' id='word_1_89' title='bbox 428 1657 645 1742; x_wconf 79' lang='lat' dir='ltr'>omnipotenti</span> <span class='ocrx_word' id='word_1_90' title='bbox 668 1656 803 1741; x_wconf 89' lang='lat' dir='ltr'>gratias.</span> <span class='ocrx_word' id='word_1_91' title='bbox 826 1656 881 1738; x_wconf 93' lang='lat' dir='ltr'>qui</span> <span class='ocrx_word' id='word_1_92' title='bbox 905 1655 937 1718; x_wconf 92' lang='lat' dir='ltr'>in</span> <span class='ocrx_word' id='word_1_93' title='bbox 953 1654 1059 1733; x_wconf 78' lang='lat' dir='ltr'>robis,</span> <span class='ocrx_word' id='word_1_94' title='bbox 1082 1653 1159 1718; x_wconf 90' lang='lat' dir='ltr'>dum</span> <span class='ocrx_word' id='word_1_95' title='bbox 1175 1666 1288 1719; x_wconf 73' lang='lat' dir='ltr'>vetera</span> <span class='ocrx_word' id='word_1_96' title='bbox 1311 1654 1456 1719; x_wconf 77' lang='lat' dir='ltr'>familiae</span> <span class='ocrx_word' id='word_1_97' title='bbox 1471 1664 1603 1719; x_wconf 77' lang='lat' dir='ltr'>restrae</span> <span class='ocrx_word' id='word_1_98' title='bbox 1617 1652 1702 1716; x_wconf 89' lang='lat' dir='ltr'>bona</span> <span class='ocrx_word' id='word_1_99' title='bbox 1716 1650 1881 1731; x_wconf 76' lang='lat' dir='ltr'>custodit,</span> <span class='ocrx_word' id='word_1_100' title='bbox 1905 1672 2003 1717; x_wconf 81' lang='lat' dir='ltr'>nora</span> 
     </span>
     <span class='ocr_line' id='line_1_12' title="bbox 325 1753 2003 1845; baseline -0.001 -22"><span class='ocrx_word' id='word_1_101' title='bbox 325 1760 518 1844; x_wconf 89' lang='lat' dir='ltr'>multiplicat</span> <span class='ocrx_word' id='word_1_102' title='bbox 541 1775 590 1824; x_wconf 91' lang='lat' dir='ltr'>ct.</span> <span class='ocrx_word' id='word_1_103' title='bbox 621 1757 708 1844; x_wconf 88' lang='lat' dir='ltr'>quod</span> <span class='ocrx_word' id='word_1_104' title='bbox 738 1758 812 1844; x_wconf 89' lang='lat' dir='ltr'>plus</span> <span class='ocrx_word' id='word_1_105' title='bbox 835 1773 885 1823; x_wconf 85' lang='lat' dir='ltr'>est</span> <span class='ocrx_word' id='word_1_106' title='bbox 909 1758 1004 1845; x_wconf 85' lang='lat' dir='ltr'>apice</span> <span class='ocrx_word' id='word_1_107' title='bbox 1027 1756 1213 1842; x_wconf 89' lang='lat' dir='ltr'>dignitatis.</span> <span class='ocrx_word' id='word_1_108' title='bbox 1241 1758 1359 1843; x_wconf 87' lang='lat' dir='ltr'>dignos</span> <span class='ocrx_word' id='word_1_109' title='bbox 1381 1759 1461 1821; x_wconf 87' lang='lat' dir='ltr'>iacit</span> <span class='ocrx_word' id='word_1_110' title='bbox 1484 1778 1557 1821; x_wconf 84' lang='lat' dir='ltr'>esse</span> <span class='ocrx_word' id='word_1_111' title='bbox 1579 1757 1787 1821; x_wconf 90' lang='lat' dir='ltr'>culminibus.</span> <span class='ocrx_word' id='word_1_112' title='bbox 1836 1753 2003 1821; x_wconf 86' lang='lat' dir='ltr'>redditur</span> 
     </span>
     <span class='ocr_line' id='line_1_13' title="bbox 324 1861 2003 1948; baseline 0 -23"><span class='ocrx_word' id='word_1_113' title='bbox 324 1862 455 1947; x_wconf 89' lang='lat' dir='ltr'>quidem</span> <span class='ocrx_word' id='word_1_114' title='bbox 480 1877 610 1927; x_wconf 74' lang='lat' dir='ltr'>restrae</span> <span class='ocrx_word' id='word_1_115' title='bbox 633 1862 738 1946; x_wconf 91' lang='lat' dir='ltr'>gloria</span> <span class='ocrx_word' id='word_1_116' title='bbox 761 1862 823 1925; x_wconf 89' lang='lat' dir='ltr'>ista</span> <span class='ocrx_word' id='word_1_117' title='bbox 847 1862 980 1946; x_wconf 78' lang='lat' dir='ltr'>origini,</span> <span class='ocrx_word' id='word_1_118' title='bbox 1009 1862 1079 1927; x_wconf 87' lang='lat' dir='ltr'>sed.</span> <span class='ocrx_word' id='word_1_119' title='bbox 1107 1861 1194 1947; x_wconf 92' lang='lat' dir='ltr'>quod</span> <span class='ocrx_word' id='word_1_120' title='bbox 1218 1878 1270 1927; x_wconf 90' lang='lat' dir='ltr'>est</span> <span class='ocrx_word' id='word_1_121' title='bbox 1292 1864 1427 1927; x_wconf 88' lang='lat' dir='ltr'>clarius.</span> <span class='ocrx_word' id='word_1_122' title='bbox 1456 1863 1574 1927; x_wconf 89' lang='lat' dir='ltr'>merito</span> <span class='ocrx_word' id='word_1_123' title='bbox 1597 1863 1783 1948; x_wconf 87' lang='lat' dir='ltr'>inpetrante</span> <span class='ocrx_word' id='word_1_124' title='bbox 1805 1882 2003 1947; x_wconf 58' lang='lat' dir='ltr'>maenae.</span> 
     </span>
     <span class='ocr_line' id='line_1_14' title="bbox 293 1963 2004 2051; baseline 0.001 -26"><span class='ocrx_word' id='word_1_125' title='bbox 293 1966 425 2030; x_wconf 71' lang='lat' dir='ltr'>biucrit</span> <span class='ocrx_word' id='word_1_126' title='bbox 456 1967 489 2029; x_wconf 92' lang='lat' dir='ltr'>in</span> <span class='ocrx_word' id='word_1_127' title='bbox 519 1987 609 2029; x_wconf 91' lang='lat' dir='ltr'>morc</span> <span class='ocrx_word' id='word_1_128' title='bbox 632 1964 800 2030; x_wconf 73' lang='lat' dir='ltr'>ueteribus</span> <span class='ocrx_word' id='word_1_129' title='bbox 827 1964 988 2028; x_wconf 90' lang='lat' dir='ltr'>curulium</span> <span class='ocrx_word' id='word_1_130' title='bbox 1019 1963 1246 2030; x_wconf 78' lang='lat' dir='ltr'>celsitudinem</span> <span class='ocrx_word' id='word_1_131' title='bbox 1277 1965 1384 2051; x_wconf 92' lang='lat' dir='ltr'>campi</span> <span class='ocrx_word' id='word_1_132' title='bbox 1415 1963 1535 2030; x_wconf 88' lang='lat' dir='ltr'>sudore</span> <span class='ocrx_word' id='word_1_133' title='bbox 1565 1965 1704 2030; x_wconf 89' lang='lat' dir='ltr'>mercari</span> <span class='ocrx_word' id='word_1_134' title='bbox 1733 1971 1768 2028; x_wconf 89' lang='lat' dir='ltr'>et</span> <span class='ocrx_word' id='word_1_135' title='bbox 1789 1972 2004 2051; x_wconf 86' lang='lat' dir='ltr'>contemptu</span> 
     </span>
     <span class='ocr_line' id='line_1_15' title="bbox 326 2066 2003 2156; baseline -0.001 -23"><span class='ocrx_word' id='word_1_136' title='bbox 326 2069 408 2133; x_wconf 87' lang='lat' dir='ltr'>lucis</span> <span class='ocrx_word' id='word_1_137' title='bbox 438 2069 595 2132; x_wconf 90' lang='lat' dir='ltr'>bonorum</span> <span class='ocrx_word' id='word_1_138' title='bbox 623 2068 692 2131; x_wconf 90' lang='lat' dir='ltr'>sole</span> <span class='ocrx_word' id='word_1_139' title='bbox 721 2068 866 2152; x_wconf 80' lang='lat' dir='ltr'>fulgere:</span> <span class='ocrx_word' id='word_1_140' title='bbox 902 2066 962 2132; x_wconf 90' lang='lat' dir='ltr'>sed</span> <span class='ocrx_word' id='word_1_141' title='bbox 990 2067 1079 2131; x_wconf 89' lang='lat' dir='ltr'>aliud</span> <span class='ocrx_word' id='word_1_142' title='bbox 1106 2089 1213 2153; x_wconf 85' lang='lat' dir='ltr'>genus</span> <span class='ocrx_word' id='word_1_143' title='bbox 1235 2069 1365 2132; x_wconf 76' lang='lat' dir='ltr'>uirtutis</span> <span class='ocrx_word' id='word_1_144' title='bbox 1393 2070 1573 2152; x_wconf 88' lang='lat' dir='ltr'>quaeritur.</span> <span class='ocrx_word' id='word_1_145' title='bbox 1605 2077 1779 2156; x_wconf 87' lang='lat' dir='ltr'>postquam</span> <span class='ocrx_word' id='word_1_146' title='bbox 1800 2068 2003 2155; x_wconf 86' lang='lat' dir='ltr'>praemium</span> 
     </span>
     <span class='ocr_line' id='line_1_16' title="bbox 326 2169 2003 2258; baseline -0.001 -22"><span class='ocrx_word' id='word_1_147' title='bbox 326 2174 414 2237; x_wconf 85' lang='lat' dir='ltr'>iacta</span> <span class='ocrx_word' id='word_1_148' title='bbox 442 2188 494 2236; x_wconf 88' lang='lat' dir='ltr'>cst</span> <span class='ocrx_word' id='word_1_149' title='bbox 517 2172 623 2235; x_wconf 87' lang='lat' dir='ltr'>Roma</span> <span class='ocrx_word' id='word_1_150' title='bbox 647 2173 817 2236; x_wconf 76' lang='lat' dir='ltr'>victorum.</span> <span class='ocrx_word' id='word_1_151' title='bbox 861 2184 975 2235; x_wconf 90' lang='lat' dir='ltr'>noster</span> <span class='ocrx_word' id='word_1_152' title='bbox 1002 2169 1197 2235; x_wconf 91' lang='lat' dir='ltr'>candidatus</span> <span class='ocrx_word' id='word_1_153' title='bbox 1226 2186 1302 2258; x_wconf 89' lang='lat' dir='ltr'>post</span> <span class='ocrx_word' id='word_1_154' title='bbox 1324 2172 1532 2236; x_wconf 80' lang='lat' dir='ltr'>manifestum</span> <span class='ocrx_word' id='word_1_155' title='bbox 1553 2171 1810 2236; x_wconf 81' lang='lat' dir='ltr'>decertationem</span> <span class='ocrx_word' id='word_1_156' title='bbox 1835 2170 2003 2236; x_wconf 88' lang='lat' dir='ltr'>debitum</span> 
     </span>
     <span class='ocr_line' id='line_1_17' title="bbox 327 2272 2003 2361; baseline 0.001 -22"><span class='ocrx_word' id='word_1_157' title='bbox 327 2274 540 2360; x_wconf 90' lang='lat' dir='ltr'>triumphum.</span> <span class='ocrx_word' id='word_1_158' title='bbox 568 2274 645 2339; x_wconf 91' lang='lat' dir='ltr'>dum</span> <span class='ocrx_word' id='word_1_159' title='bbox 668 2295 844 2359; x_wconf 85' lang='lat' dir='ltr'>numquam</span> <span class='ocrx_word' id='word_1_160' title='bbox 866 2272 987 2339; x_wconf 75' lang='lat' dir='ltr'>viderit</span> <span class='ocrx_word' id='word_1_161' title='bbox 1008 2275 1115 2355; x_wconf 76' lang='lat' dir='ltr'>bella,</span> <span class='ocrx_word' id='word_1_162' title='bbox 1145 2276 1290 2342; x_wconf 88' lang='lat' dir='ltr'>sortitur.</span> <span class='ocrx_word' id='word_1_163' title='bbox 1335 2275 1455 2339; x_wconf 91' lang='lat' dir='ltr'>iudicio</span> <span class='ocrx_word' id='word_1_164' title='bbox 1478 2276 1591 2360; x_wconf 83' lang='lat' dir='ltr'>exegit</span> <span class='ocrx_word' id='word_1_165' title='bbox 1613 2275 1745 2339; x_wconf 85' lang='lat' dir='ltr'>laureas</span> <span class='ocrx_word' id='word_1_166' title='bbox 1767 2283 1803 2340; x_wconf 91' lang='lat' dir='ltr'>et</span> <span class='ocrx_word' id='word_1_167' title='bbox 1825 2274 2003 2361; x_wconf 75' lang='lat' dir='ltr'>congredi</span> 
     </span>
     <span class='ocr_line' id='line_1_18' title="bbox 293 2376 2005 2463; baseline 0.002 -24"><span class='ocrx_word' id='word_1_168' title='bbox 293 2384 394 2443; x_wconf 76' lang='lat' dir='ltr'>tnon</span> <span class='ocrx_word' id='word_1_169' title='bbox 427 2381 652 2443; x_wconf 88' lang='lat' dir='ltr'>necessarium</span> <span class='ocrx_word' id='word_1_170' title='bbox 682 2378 778 2443; x_wconf 78' lang='lat' dir='ltr'>duxit</span> <span class='ocrx_word' id='word_1_171' title='bbox 807 2379 952 2443; x_wconf 89' lang='lat' dir='ltr'>armatis.</span> <span class='ocrx_word' id='word_1_172' title='bbox 997 2378 1083 2444; x_wconf 90' lang='lat' dir='ltr'>inter</span> <span class='ocrx_word' id='word_1_173' title='bbox 1109 2376 1279 2443; x_wconf 79' lang='lat' dir='ltr'>Ciceronis</span> <span class='ocrx_word' id='word_1_174' title='bbox 1312 2377 1438 2463; x_wconf 81' lang='lat' dir='ltr'>gladios</span> <span class='ocrx_word' id='word_1_175' title='bbox 1468 2388 1503 2442; x_wconf 92' lang='lat' dir='ltr'>et</span> <span class='ocrx_word' id='word_1_176' title='bbox 1529 2377 1765 2443; x_wconf 88' lang='lat' dir='ltr'>Demosthenis</span> <span class='ocrx_word' id='word_1_177' title='bbox 1799 2380 1930 2443; x_wconf 87' lang='lat' dir='ltr'>enituit</span> <span class='ocrx_word' id='word_1_178' title='bbox 1967 2388 2005 2444; x_wconf 90' lang='lat' dir='ltr'>et</span> 
     </span>
     <span class='ocr_line' id='line_1_19' title="bbox 329 2480 2004 2568; baseline 0 -23"><span class='ocrx_word' id='word_1_179' title='bbox 329 2483 499 2566; x_wconf 90' lang='lat' dir='ltr'>utriusque</span> <span class='ocrx_word' id='word_1_180' title='bbox 523 2481 683 2568; x_wconf 88' lang='lat' dir='ltr'>propositi</span> <span class='ocrx_word' id='word_1_181' title='bbox 698 2482 849 2546; x_wconf 86' lang='lat' dir='ltr'>acumina</span> <span class='ocrx_word' id='word_1_182' title='bbox 864 2482 957 2567; x_wconf 89' lang='lat' dir='ltr'>quasi</span> <span class='ocrx_word' id='word_1_183' title='bbox 973 2492 1071 2546; x_wconf 88' lang='lat' dir='ltr'>natus</span> <span class='ocrx_word' id='word_1_184' title='bbox 1086 2482 1120 2546; x_wconf 92' lang='lat' dir='ltr'>in</span> <span class='ocrx_word' id='word_1_185' title='bbox 1135 2482 1207 2568; x_wconf 91' lang='lat' dir='ltr'>ipsa</span> <span class='ocrx_word' id='word_1_186' title='bbox 1222 2483 1341 2545; x_wconf 88' lang='lat' dir='ltr'>artium</span> <span class='ocrx_word' id='word_1_187' title='bbox 1357 2502 1440 2567; x_wconf 91' lang='lat' dir='ltr'>pace</span> <span class='ocrx_word' id='word_1_188' title='bbox 1456 2480 1601 2566; x_wconf 82' lang='lat' dir='ltr'>collegit.</span> <span class='ocrx_word' id='word_1_189' title='bbox 1635 2501 1732 2545; x_wconf 90' lang='lat' dir='ltr'>nemo</span> <span class='ocrx_word' id='word_1_190' title='bbox 1747 2480 2004 2545; x_wconf 86' lang='lat' dir='ltr'>dissonantiam</span> 
     </span>
     <span class='ocr_line' id='line_1_20' title="bbox 327 2584 2005 2672; baseline 0.001 -23"><span class='ocrx_word' id='word_1_191' title='bbox 327 2587 460 2651; x_wconf 81' lang='lat' dir='ltr'>Atticae</span> <span class='ocrx_word' id='word_1_192' title='bbox 492 2586 705 2671; x_wconf 76' lang='lat' dir='ltr'>perfectionis</span> <span class='ocrx_word' id='word_1_193' title='bbox 734 2594 860 2651; x_wconf 88' lang='lat' dir='ltr'>metuat</span> <span class='ocrx_word' id='word_1_194' title='bbox 887 2596 921 2651; x_wconf 91' lang='lat' dir='ltr'>et</span> <span class='ocrx_word' id='word_1_195' title='bbox 942 2585 1131 2650; x_wconf 89' lang='lat' dir='ltr'>Romanae.</span> <span class='ocrx_word' id='word_1_196' title='bbox 1158 2606 1220 2649; x_wconf 88' lang='lat' dir='ltr'>nec</span> <span class='ocrx_word' id='word_1_197' title='bbox 1251 2586 1426 2672; x_wconf 89' lang='lat' dir='ltr'>praecipua</span> <span class='ocrx_word' id='word_1_198' title='bbox 1454 2585 1602 2669; x_wconf 89' lang='lat' dir='ltr'>gentium</span> <span class='ocrx_word' id='word_1_199' title='bbox 1625 2584 1711 2648; x_wconf 87' lang='lat' dir='ltr'>boue</span> <span class='ocrx_word' id='word_1_200' title='bbox 1732 2585 1767 2648; x_wconf 94' lang='lat' dir='ltr'>in</span> <span class='ocrx_word' id='word_1_201' title='bbox 1789 2584 2005 2651; x_wconf 85' lang='lat' dir='ltr'>societatem</span> 
     </span>
     <span class='ocr_line' id='line_1_21' title="bbox 327 2686 2003 2776; baseline 0.001 -23"><span class='ocrx_word' id='word_1_202' title='bbox 327 2689 455 2754; x_wconf 90' lang='lat' dir='ltr'>dubitet</span> <span class='ocrx_word' id='word_1_203' title='bbox 478 2691 666 2755; x_wconf 74' lang='lat' dir='ltr'>contenire.</span> <span class='ocrx_word' id='word_1_204' title='bbox 704 2709 788 2754; x_wconf 90' lang='lat' dir='ltr'>unus</span> <span class='ocrx_word' id='word_1_205' title='bbox 812 2708 849 2753; x_wconf 89' lang='lat' dir='ltr'>es</span> <span class='ocrx_word' id='word_1_206' title='bbox 871 2689 927 2776; x_wconf 90' lang='lat' dir='ltr'>qui</span> <span class='ocrx_word' id='word_1_207' title='bbox 949 2696 1124 2774; x_wconf 91' lang='lat' dir='ltr'>utrumque</span> <span class='ocrx_word' id='word_1_208' title='bbox 1146 2689 1376 2775; x_wconf 75' lang='lat' dir='ltr'>conplectens,</span> <span class='ocrx_word' id='word_1_209' title='bbox 1399 2704 1434 2752; x_wconf 89' lang='lat' dir='ltr'>et</span> <span class='ocrx_word' id='word_1_210' title='bbox 1456 2686 1613 2773; x_wconf 90' lang='lat' dir='ltr'>quidquid</span> <span class='ocrx_word' id='word_1_211' title='bbox 1631 2688 1751 2752; x_wconf 78' lang='lat' dir='ltr'>viritim</span> <span class='ocrx_word' id='word_1_212' title='bbox 1773 2687 2003 2755; x_wconf 87' lang='lat' dir='ltr'>distributum</span> 
     </span>
     <span class='ocr_line' id='line_1_22' title="bbox 329 2789 2003 2878; baseline 0.002 -23"><span class='ocrx_word' id='word_1_213' title='bbox 329 2802 459 2878; x_wconf 89' lang='lat' dir='ltr'>poterat</span> <span class='ocrx_word' id='word_1_214' title='bbox 481 2793 562 2857; x_wconf 88' lang='lat' dir='ltr'>satis</span> <span class='ocrx_word' id='word_1_215' title='bbox 585 2816 673 2873; x_wconf 78' lang='lat' dir='ltr'>esse,</span> <span class='ocrx_word' id='word_1_216' title='bbox 696 2791 814 2857; x_wconf 83' lang='lat' dir='ltr'>avidus</span> <span class='ocrx_word' id='word_1_217' title='bbox 836 2793 1052 2856; x_wconf 83' lang='lat' dir='ltr'>maximarum</span> <span class='ocrx_word' id='word_1_218' title='bbox 1074 2813 1182 2856; x_wconf 90' lang='lat' dir='ltr'>rerum</span> <span class='ocrx_word' id='word_1_219' title='bbox 1205 2812 1377 2878; x_wconf 85' lang='lat' dir='ltr'>possessor</span> <span class='ocrx_word' id='word_1_220' title='bbox 1399 2789 1551 2855; x_wconf 89' lang='lat' dir='ltr'>includis.</span> <span class='ocrx_word' id='word_1_221' title='bbox 1595 2791 1816 2876; x_wconf 90' lang='lat' dir='ltr'>eloquentiam</span> <span class='ocrx_word' id='word_1_222' title='bbox 1835 2800 2003 2859; x_wconf 81' lang='lat' dir='ltr'>ueterum</span> 
     </span>
     <span class='ocr_line' id='line_1_23' title="bbox 297 2893 2004 2985; baseline 0.004 -29"><span class='ocrx_word' id='word_1_223' title='bbox 297 2893 405 2959; x_wconf 69' lang='lat' dir='ltr'>idum</span> <span class='ocrx_word' id='word_1_224' title='bbox 430 2897 567 2960; x_wconf 89' lang='lat' dir='ltr'>imitaris</span> <span class='ocrx_word' id='word_1_225' title='bbox 590 2917 787 2982; x_wconf 81' lang='lat' dir='ltr'>exsuperas:</span> <span class='ocrx_word' id='word_1_226' title='bbox 819 2894 949 2959; x_wconf 91' lang='lat' dir='ltr'>dicendi</span> <span class='ocrx_word' id='word_1_227' title='bbox 970 2894 1110 2958; x_wconf 79' lang='lat' dir='ltr'>somnam</span> <span class='ocrx_word' id='word_1_228' title='bbox 1132 2894 1330 2960; x_wconf 85' lang='lat' dir='ltr'>doctissimis</span> <span class='ocrx_word' id='word_1_229' title='bbox 1352 2895 1487 2960; x_wconf 89' lang='lat' dir='ltr'>tribuis.</span> <span class='ocrx_word' id='word_1_230' title='bbox 1517 2893 1594 2959; x_wconf 93' lang='lat' dir='ltr'>dum</span> <span class='ocrx_word' id='word_1_231' title='bbox 1621 2894 1771 2981; x_wconf 89' lang='lat' dir='ltr'>requiris.</span> <span class='ocrx_word' id='word_1_232' title='bbox 1816 2904 1873 2961; x_wconf 87' lang='lat' dir='ltr'>est</span> <span class='ocrx_word' id='word_1_233' title='bbox 1902 2898 2004 2985; x_wconf 87' lang='lat' dir='ltr'>apud</span> 
     </span>
     <span class='ocr_line' id='line_1_24' title="bbox 329 2997 2005 3086; baseline 0.003 -25"><span class='ocrx_word' id='word_1_234' title='bbox 329 3020 381 3063; x_wconf 89' lang='lat' dir='ltr'>me</span> <span class='ocrx_word' id='word_1_235' title='bbox 404 2999 569 3085; x_wconf 88' lang='lat' dir='ltr'>epistulae</span> <span class='ocrx_word' id='word_1_236' title='bbox 592 3006 734 3080; x_wconf 77' lang='lat' dir='ltr'>vestrae,</span> <span class='ocrx_word' id='word_1_237' title='bbox 758 3021 841 3085; x_wconf 88' lang='lat' dir='ltr'>quae</span> <span class='ocrx_word' id='word_1_238' title='bbox 864 2999 964 3063; x_wconf 88' lang='lat' dir='ltr'>huius</span> <span class='ocrx_word' id='word_1_239' title='bbox 987 2999 1032 3061; x_wconf 90' lang='lat' dir='ltr'>rei</span> <span class='ocrx_word' id='word_1_240' title='bbox 1055 2997 1153 3063; x_wconf 89' lang='lat' dir='ltr'>tidem</span> <span class='ocrx_word' id='word_1_241' title='bbox 1177 2998 1286 3063; x_wconf 86' lang='lat' dir='ltr'>iaciat.</span> <span class='ocrx_word' id='word_1_242' title='bbox 1309 2997 1498 3063; x_wconf 73' lang='lat' dir='ltr'>veneranda</span> <span class='ocrx_word' id='word_1_243' title='bbox 1521 2999 1714 3084; x_wconf 85' lang='lat' dir='ltr'>conpositio.</span> <span class='ocrx_word' id='word_1_244' title='bbox 1753 2998 1882 3063; x_wconf 85' lang='lat' dir='ltr'>utinam</span> <span class='ocrx_word' id='word_1_245' title='bbox 1906 3021 2005 3086; x_wconf 88' lang='lat' dir='ltr'>quae</span> 
     </span>
     <span class='ocr_line' id='line_1_25' title="bbox 329 3100 2003 3191; baseline 0.003 -27"><span class='ocrx_word' id='word_1_246' title='bbox 329 3123 349 3165; x_wconf 93' lang='lat' dir='ltr'>a</span> <span class='ocrx_word' id='word_1_247' title='bbox 372 3100 465 3165; x_wconf 85' lang='lat' dir='ltr'>vobis</span> <span class='ocrx_word' id='word_1_248' title='bbox 493 3101 677 3187; x_wconf 89' lang='lat' dir='ltr'>diriguntur</span> <span class='ocrx_word' id='word_1_249' title='bbox 698 3116 765 3167; x_wconf 88' lang='lat' dir='ltr'>tam</span> <span class='ocrx_word' id='word_1_250' title='bbox 788 3112 903 3168; x_wconf 87' lang='lat' dir='ltr'>essent</span> <span class='ocrx_word' id='word_1_251' title='bbox 925 3101 1041 3166; x_wconf 87' lang='lat' dir='ltr'>crebra</span> <span class='ocrx_word' id='word_1_252' title='bbox 1064 3121 1161 3186; x_wconf 88' lang='lat' dir='ltr'>quam</span> <span class='ocrx_word' id='word_1_253' title='bbox 1185 3103 1317 3166; x_wconf 76' lang='lat' dir='ltr'>suavia!</span> <span class='ocrx_word' id='word_1_254' title='bbox 1360 3101 1480 3166; x_wconf 87' lang='lat' dir='ltr'>dicatis</span> <span class='ocrx_word' id='word_1_255' title='bbox 1506 3102 1657 3166; x_wconf 84' lang='lat' dir='ltr'>forsitan:</span> <span class='ocrx_word' id='word_1_256' title='bbox 1685 3102 1829 3188; x_wconf 78' lang='lat' dir='ltr'>perluit</span> <span class='ocrx_word' id='word_1_257' title='bbox 1853 3106 2003 3191; x_wconf 91' lang='lat' dir='ltr'>propiu-</span> 
     </span>
     <span class='ocr_line' id='line_1_26' title="bbox 328 3203 2004 3292; baseline 0.002 -25"><span class='ocrx_word' id='word_1_258' title='bbox 328 3225 428 3289; x_wconf 93' lang='lat' dir='ltr'>quum</span> <span class='ocrx_word' id='word_1_259' title='bbox 451 3204 586 3268; x_wconf 91' lang='lat' dir='ltr'>laudare</span> <span class='ocrx_word' id='word_1_260' title='bbox 610 3205 644 3268; x_wconf 94' lang='lat' dir='ltr'>in</span> <span class='ocrx_word' id='word_1_261' title='bbox 669 3226 839 3270; x_wconf 91' lang='lat' dir='ltr'>commuue</span> <span class='ocrx_word' id='word_1_262' title='bbox 863 3212 1077 3289; x_wconf 90' lang='lat' dir='ltr'>augmentum</span> <span class='ocrx_word' id='word_1_263' title='bbox 1100 3203 1317 3283; x_wconf 80' lang='lat' dir='ltr'>laborantem,</span> <span class='ocrx_word' id='word_1_264' title='bbox 1340 3206 1416 3289; x_wconf 89' lang='lat' dir='ltr'>quia</span> <span class='ocrx_word' id='word_1_265' title='bbox 1439 3225 1506 3268; x_wconf 92' lang='lat' dir='ltr'>uon</span> <span class='ocrx_word' id='word_1_266' title='bbox 1529 3214 1581 3269; x_wconf 91' lang='lat' dir='ltr'>est</span> <span class='ocrx_word' id='word_1_267' title='bbox 1603 3205 1769 3292; x_wconf 90' lang='lat' dir='ltr'>proprium</span> <span class='ocrx_word' id='word_1_268' title='bbox 1791 3204 1881 3290; x_wconf 91' lang='lat' dir='ltr'>quod</span> <span class='ocrx_word' id='word_1_269' title='bbox 1897 3207 2004 3292; x_wconf 86' lang='lat' dir='ltr'>quasi</span> 
     </span>
     <span class='ocr_line' id='line_1_27' title="bbox 329 3306 2003 3395; baseline 0.002 -24"><span class='ocrx_word' id='word_1_270' title='bbox 329 3309 540 3391; x_wconf 78' lang='lat' dir='ltr'>singulariter</span> <span class='ocrx_word' id='word_1_271' title='bbox 563 3306 693 3372; x_wconf 84' lang='lat' dir='ltr'>videtur</span> <span class='ocrx_word' id='word_1_272' title='bbox 718 3307 865 3395; x_wconf 86' lang='lat' dir='ltr'>palmata</span> <span class='ocrx_word' id='word_1_273' title='bbox 891 3308 1054 3373; x_wconf 81' lang='lat' dir='ltr'>conferre.</span> <span class='ocrx_word' id='word_1_274' title='bbox 1099 3309 1190 3373; x_wconf 80' lang='lat' dir='ltr'>teuit</span> <span class='ocrx_word' id='word_1_275' title='bbox 1216 3307 1259 3372; x_wconf 89' lang='lat' dir='ltr'>ad</span> <span class='ocrx_word' id='word_1_276' title='bbox 1281 3330 1334 3373; x_wconf 90' lang='lat' dir='ltr'>me</span> <span class='ocrx_word' id='word_1_277' title='bbox 1357 3306 1510 3393; x_wconf 89' lang='lat' dir='ltr'>equidem</span> <span class='ocrx_word' id='word_1_278' title='bbox 1532 3309 1638 3394; x_wconf 91' lang='lat' dir='ltr'>portio</span> <span class='ocrx_word' id='word_1_279' title='bbox 1662 3306 1703 3373; x_wconf 92' lang='lat' dir='ltr'>de</span> <span class='ocrx_word' id='word_1_280' title='bbox 1726 3308 1846 3383; x_wconf 86' lang='lat' dir='ltr'>curuli;</span> <span class='ocrx_word' id='word_1_281' title='bbox 1877 3308 1944 3375; x_wconf 87' lang='lat' dir='ltr'>sed</span> <span class='ocrx_word' id='word_1_282' title='bbox 1970 3310 2003 3375; x_wconf 91' lang='lat' dir='ltr'>si</span> 
     </span>
     <span class='ocr_line' id='line_1_28' title="bbox 298 3409 2003 3498; baseline 0.002 -24"><span class='ocrx_word' id='word_1_283' title='bbox 298 3409 412 3474; x_wconf 82' lang='lat' dir='ltr'>umihi</span> <span class='ocrx_word' id='word_1_284' title='bbox 437 3409 580 3483; x_wconf 78' lang='lat' dir='ltr'>creditis,</span> <span class='ocrx_word' id='word_1_285' title='bbox 603 3411 677 3495; x_wconf 91' lang='lat' dir='ltr'>plus</span> <span class='ocrx_word' id='word_1_286' title='bbox 700 3412 810 3498; x_wconf 87' lang='lat' dir='ltr'>erigor</span> <span class='ocrx_word' id='word_1_287' title='bbox 832 3410 873 3476; x_wconf 89' lang='lat' dir='ltr'>de</span> <span class='ocrx_word' id='word_1_288' title='bbox 895 3412 994 3496; x_wconf 89' lang='lat' dir='ltr'>genio</span> <span class='ocrx_word' id='word_1_289' title='bbox 1017 3418 1052 3476; x_wconf 89' lang='lat' dir='ltr'>et</span> <span class='ocrx_word' id='word_1_290' title='bbox 1075 3409 1191 3476; x_wconf 87' lang='lat' dir='ltr'>studiis</span> <span class='ocrx_word' id='word_1_291' title='bbox 1215 3410 1393 3475; x_wconf 89' lang='lat' dir='ltr'>sublimati.</span> <span class='ocrx_word' id='word_1_292' title='bbox 1438 3410 1600 3475; x_wconf 89' lang='lat' dir='ltr'>interdum</span> <span class='ocrx_word' id='word_1_293' title='bbox 1623 3416 1835 3476; x_wconf 88' lang='lat' dir='ltr'>accesserunt</span> <span class='ocrx_word' id='word_1_294' title='bbox 1859 3412 1928 3476; x_wconf 87' lang='lat' dir='ltr'>ista</span> <span class='ocrx_word' id='word_1_295' title='bbox 1954 3411 2003 3478; x_wconf 90' lang='lat' dir='ltr'>de</span> 
     </span>
     <span class='ocr_line' id='line_1_29' title="bbox 331 3512 2004 3601; baseline 0.004 -26"><span class='ocrx_word' id='word_1_296' title='bbox 331 3513 470 3589; x_wconf 85' lang='lat' dir='ltr'>casibus,</span> <span class='ocrx_word' id='word_1_297' title='bbox 494 3514 556 3577; x_wconf 88' lang='lat' dir='ltr'>soli</span> <span class='ocrx_word' id='word_1_298' title='bbox 581 3513 791 3599; x_wconf 88' lang='lat' dir='ltr'>contigerunt</span> <span class='ocrx_word' id='word_1_299' title='bbox 813 3516 869 3580; x_wconf 87' lang='lat' dir='ltr'>illa</span> <span class='ocrx_word' id='word_1_300' title='bbox 885 3516 1008 3580; x_wconf 75' lang='lat' dir='ltr'>uirtuti.</span> <span class='ocrx_word' id='word_1_301' title='bbox 1046 3535 1149 3600; x_wconf 90' lang='lat' dir='ltr'>prope</span> <span class='ocrx_word' id='word_1_302' title='bbox 1172 3515 1267 3601; x_wconf 90' lang='lat' dir='ltr'>inops</span> <span class='ocrx_word' id='word_1_303' title='bbox 1288 3514 1330 3578; x_wconf 91' lang='lat' dir='ltr'>ad</span> <span class='ocrx_word' id='word_1_304' title='bbox 1355 3515 1535 3599; x_wconf 89' lang='lat' dir='ltr'>scipionem</span> <span class='ocrx_word' id='word_1_305' title='bbox 1557 3512 1730 3578; x_wconf 90' lang='lat' dir='ltr'>adducitur</span> <span class='ocrx_word' id='word_1_306' title='bbox 1744 3512 1895 3598; x_wconf 79' lang='lat' dir='ltr'>suffragii</span> <span class='ocrx_word' id='word_1_307' title='bbox 1911 3536 2004 3581; x_wconf 90' lang='lat' dir='ltr'>eon-</span> 
     </span>
     <span class='ocr_line' id='line_1_30' title="bbox 329 3615 2005 3703; baseline 0.004 -25"><span class='ocrx_word' id='word_1_308' title='bbox 329 3615 464 3693; x_wconf 87' lang='lat' dir='ltr'>sularis‚</span> <span class='ocrx_word' id='word_1_309' title='bbox 497 3616 551 3701; x_wconf 92' lang='lat' dir='ltr'>qui</span> <span class='ocrx_word' id='word_1_310' title='bbox 580 3622 708 3679; x_wconf 90' lang='lat' dir='ltr'>tautum</span> <span class='ocrx_word' id='word_1_311' title='bbox 739 3615 780 3680; x_wconf 94' lang='lat' dir='ltr'>de</span> <span class='ocrx_word' id='word_1_312' title='bbox 809 3618 1002 3703; x_wconf 87' lang='lat' dir='ltr'>parentibus</span> <span class='ocrx_word' id='word_1_313' title='bbox 1030 3618 1201 3702; x_wconf 85' lang='lat' dir='ltr'>gloriatur.</span> <span class='ocrx_word' id='word_1_314' title='bbox 1245 3616 1304 3681; x_wconf 92' lang='lat' dir='ltr'>tibi</span> <span class='ocrx_word' id='word_1_315' title='bbox 1330 3615 1504 3702; x_wconf 82' lang='lat' dir='ltr'>utrumque</span> <span class='ocrx_word' id='word_1_316' title='bbox 1532 3618 1565 3681; x_wconf 91' lang='lat' dir='ltr'>in</span> <span class='ocrx_word' id='word_1_317' title='bbox 1596 3616 1726 3702; x_wconf 90' lang='lat' dir='ltr'>peculio</span> <span class='ocrx_word' id='word_1_318' title='bbox 1749 3622 1815 3695; x_wconf 74' lang='lat' dir='ltr'>est.</span> <span class='ocrx_word' id='word_1_319' title='bbox 1846 3615 2005 3684; x_wconf 83' lang='lat' dir='ltr'>Latiaris</span> 
     </span>
     <span class='ocr_line' id='line_1_31' title="bbox 329 3718 2002 3807; baseline 0.004 -27"><span class='ocrx_word' id='word_1_320' title='bbox 329 3718 467 3782; x_wconf 89' lang='lat' dir='ltr'>scientia</span> <span class='ocrx_word' id='word_1_321' title='bbox 496 3729 529 3783; x_wconf 90' lang='lat' dir='ltr'>et</span> <span class='ocrx_word' id='word_1_322' title='bbox 551 3739 637 3783; x_wconf 79' lang='lat' dir='ltr'>seua</span> <span class='ocrx_word' id='word_1_323' title='bbox 663 3739 890 3806; x_wconf 88' lang='lat' dir='ltr'>purpurarum.</span> <span class='ocrx_word' id='word_1_324' title='bbox 936 3721 1007 3784; x_wconf 91' lang='lat' dir='ltr'>osi</span> <span class='ocrx_word' id='word_1_325' title='bbox 1033 3720 1113 3783; x_wconf 90' lang='lat' dir='ltr'>mihi</span> <span class='ocrx_word' id='word_1_326' title='bbox 1145 3741 1210 3784; x_wconf 91' lang='lat' dir='ltr'>nou</span> <span class='ocrx_word' id='word_1_327' title='bbox 1242 3720 1308 3785; x_wconf 91' lang='lat' dir='ltr'>stili</span> <span class='ocrx_word' id='word_1_328' title='bbox 1339 3721 1528 3807; x_wconf 87' lang='lat' dir='ltr'>epistularis</span> <span class='ocrx_word' id='word_1_329' title='bbox 1557 3718 1774 3785; x_wconf 88' lang='lat' dir='ltr'>consideratio</span> <span class='ocrx_word' id='word_1_330' title='bbox 1795 3720 1829 3783; x_wconf 91' lang='lat' dir='ltr'>iu</span> <span class='ocrx_word' id='word_1_331' title='bbox 1851 3720 2002 3807; x_wconf 86' lang='lat' dir='ltr'>longum</span> 
     </span>
     <span class='ocr_line' id='line_1_32' title="bbox 330 3820 1996 3909; baseline 0.003 -24"><span class='ocrx_word' id='word_1_332' title='bbox 330 3820 481 3906; x_wconf 88' lang='lat' dir='ltr'>equidem</span> <span class='ocrx_word' id='word_1_333' title='bbox 517 3820 675 3905; x_wconf 86' lang='lat' dir='ltr'>producta</span> <span class='ocrx_word' id='word_1_334' title='bbox 711 3842 827 3886; x_wconf 87' lang='lat' dir='ltr'>monus</span> <span class='ocrx_word' id='word_1_335' title='bbox 863 3828 1059 3908; x_wconf 90' lang='lat' dir='ltr'>opponeret!</span> <span class='ocrx_word' id='word_1_336' title='bbox 1104 3822 1191 3909; x_wconf 92' lang='lat' dir='ltr'>quod</span> <span class='ocrx_word' id='word_1_337' title='bbox 1221 3824 1275 3887; x_wconf 89' lang='lat' dir='ltr'>alii</span> <span class='ocrx_word' id='word_1_338' title='bbox 1303 3824 1463 3889; x_wconf 87' lang='lat' dir='ltr'>relatione</span> <span class='ocrx_word' id='word_1_339' title='bbox 1496 3822 1617 3903; x_wconf 82' lang='lat' dir='ltr'>ditant,</span> <span class='ocrx_word' id='word_1_340' title='bbox 1655 3843 1720 3909; x_wconf 87' lang='lat' dir='ltr'>ego</span> <span class='ocrx_word' id='word_1_341' title='bbox 1752 3821 1890 3887; x_wconf 78' lang='lat' dir='ltr'>cnidum</span> <span class='ocrx_word' id='word_1_342' title='bbox 1920 3826 1996 3891; x_wconf 87' lang='lat' dir='ltr'>etsi</span> 
     </span>
     <span class='ocr_line' id='line_1_33' title="bbox 301 3923 2003 4010; baseline 0.005 -22"><span class='ocrx_word' id='word_1_343' title='bbox 301 3923 477 3988; x_wconf 79' lang='lat' dir='ltr'>iconiusis</span> <span class='ocrx_word' id='word_1_344' title='bbox 500 3923 668 3989; x_wconf 89' lang='lat' dir='ltr'>ordinibus</span> <span class='ocrx_word' id='word_1_345' title='bbox 691 3925 901 4010; x_wconf 88' lang='lat' dir='ltr'>explicarem.</span> <span class='ocrx_word' id='word_1_346' title='bbox 941 3925 1041 3992; x_wconf 91' lang='lat' dir='ltr'>redeo</span> <span class='ocrx_word' id='word_1_347' title='bbox 1063 3927 1106 3992; x_wconf 91' lang='lat' dir='ltr'>ad</span> <span class='ocrx_word' id='word_1_348' title='bbox 1129 3928 1325 3994; x_wconf 87' lang='lat' dir='ltr'>tabellarum</span> <span class='ocrx_word' id='word_1_349' title='bbox 1348 3928 1458 3995; x_wconf 87' lang='lat' dir='ltr'>fldem.</span> <span class='ocrx_word' id='word_1_350' title='bbox 1496 3930 1608 3995; x_wconf 74' lang='lat' dir='ltr'>valere</span> <span class='ocrx_word' id='word_1_351' title='bbox 1630 3950 1684 3994; x_wconf 91' lang='lat' dir='ltr'>me</span> <span class='ocrx_word' id='word_1_352' title='bbox 1698 3929 1814 3994; x_wconf 90' lang='lat' dir='ltr'>nuntio</span> <span class='ocrx_word' id='word_1_353' title='bbox 1829 3934 1865 3993; x_wconf 87' lang='lat' dir='ltr'>ot</span> <span class='ocrx_word' id='word_1_354' title='bbox 1878 3936 1919 3995; x_wconf 89' lang='lat' dir='ltr'>ut</span> <span class='ocrx_word' id='word_1_355' title='bbox 1934 3951 2003 3997; x_wconf 83' lang='lat' dir='ltr'>ros</span> 
     </span>
     <span class='ocr_line' id='line_1_34' title="bbox 331 4026 2003 4118; baseline 0.007 -29"><span class='ocrx_word' id='word_1_356' title='bbox 331 4026 468 4091; x_wconf 81' lang='lat' dir='ltr'>valeatis</span> <span class='ocrx_word' id='word_1_357' title='bbox 497 4027 640 4114; x_wconf 68' lang='lat' dir='ltr'>inploro,</span> <span class='ocrx_word' id='word_1_358' title='bbox 671 4027 714 4092; x_wconf 88' lang='lat' dir='ltr'>ad</span> <span class='ocrx_word' id='word_1_359' title='bbox 742 4049 901 4093; x_wconf 86' lang='lat' dir='ltr'>summam</span> <span class='ocrx_word' id='word_1_360' title='bbox 931 4029 1081 4095; x_wconf 86' lang='lat' dir='ltr'>beneficii</span> <span class='ocrx_word' id='word_1_361' title='bbox 1104 4033 1288 4117; x_wconf 88' lang='lat' dir='ltr'>postulans.</span> <span class='ocrx_word' id='word_1_362' title='bbox 1316 4042 1353 4097; x_wconf 93' lang='lat' dir='ltr'>ut</span> <span class='ocrx_word' id='word_1_363' title='bbox 1382 4032 1529 4118; x_wconf 87' lang='lat' dir='ltr'>dignatio</span> <span class='ocrx_word' id='word_1_364' title='bbox 1557 4054 1609 4098; x_wconf 90' lang='lat' dir='ltr'>me</span> <span class='ocrx_word' id='word_1_365' title='bbox 1641 4032 1800 4118; x_wconf 87' lang='lat' dir='ltr'>reciproci</span> <span class='ocrx_word' id='word_1_366' title='bbox 1826 4036 2003 4100; x_wconf 84' lang='lat' dir='ltr'>sermonis</span> 
     </span>
     <span class='ocr_line' id='line_1_35' title="bbox 330 4129 2004 4219; baseline 0.005 -25"><span class='ocrx_word' id='word_1_367' title='bbox 330 4129 478 4209; x_wconf 87' lang='lat' dir='ltr'>adtollat,</span> <span class='ocrx_word' id='word_1_368' title='bbox 504 4129 565 4194; x_wconf 92' lang='lat' dir='ltr'>hoc</span> <span class='ocrx_word' id='word_1_369' title='bbox 589 4151 719 4216; x_wconf 89' lang='lat' dir='ltr'>quoque</span> <span class='ocrx_word' id='word_1_370' title='bbox 735 4129 928 4218; x_wconf 88' lang='lat' dir='ltr'>deprecans,</span> <span class='ocrx_word' id='word_1_371' title='bbox 951 4140 989 4197; x_wconf 94' lang='lat' dir='ltr'>ut</span> <span class='ocrx_word' id='word_1_372' title='bbox 1003 4131 1146 4215; x_wconf 88' lang='lat' dir='ltr'>domum,</span> <span class='ocrx_word' id='word_1_373' title='bbox 1170 4155 1266 4219; x_wconf 89' lang='lat' dir='ltr'>quam</span> <span class='ocrx_word' id='word_1_374' title='bbox 1285 4135 1318 4199; x_wconf 94' lang='lat' dir='ltr'>in</span> <span class='ocrx_word' id='word_1_375' title='bbox 1334 4134 1574 4202; x_wconf 77' lang='lat' dir='ltr'>Mediolanensi</span> <span class='ocrx_word' id='word_1_376' title='bbox 1590 4136 1722 4201; x_wconf 79' lang='lat' dir='ltr'>civitate</span> <span class='ocrx_word' id='word_1_377' title='bbox 1737 4142 1772 4200; x_wconf 89' lang='lat' dir='ltr'>et</span> <span class='ocrx_word' id='word_1_378' title='bbox 1786 4134 2004 4203; x_wconf 84' lang='lat' dir='ltr'>abundantia</span> 
     </span>
     <span class='ocr_line' id='line_1_36' title="bbox 331 4234 2021 4324; baseline 0.006 -29"><span class='ocrx_word' id='word_1_379' title='bbox 331 4240 442 4298; x_wconf 85' lang='lat' dir='ltr'>vestra</span> <span class='ocrx_word' id='word_1_380' title='bbox 464 4242 498 4297; x_wconf 91' lang='lat' dir='ltr'>ct</span> <span class='ocrx_word' id='word_1_381' title='bbox 514 4234 686 4318; x_wconf 90' lang='lat' dir='ltr'>neglectus</span> <span class='ocrx_word' id='word_1_382' title='bbox 703 4235 937 4321; x_wconf 88' lang='lat' dir='ltr'>propemodum</span> <span class='ocrx_word' id='word_1_383' title='bbox 953 4236 1016 4301; x_wconf 87' lang='lat' dir='ltr'>iam</span> <span class='ocrx_word' id='word_1_384' title='bbox 1032 4237 1176 4323; x_wconf 88' lang='lat' dir='ltr'>reliquit.</span> <span class='ocrx_word' id='word_1_385' title='bbox 1198 4238 1276 4302; x_wconf 92' lang='lat' dir='ltr'>mibi</span> <span class='ocrx_word' id='word_1_386' title='bbox 1293 4259 1357 4323; x_wconf 91' lang='lat' dir='ltr'>quo</span> <span class='ocrx_word' id='word_1_387' title='bbox 1373 4239 1473 4303; x_wconf 77' lang='lat' dir='ltr'>vultis</span> <span class='ocrx_word' id='word_1_388' title='bbox 1489 4260 1613 4324; x_wconf 88' lang='lat' dir='ltr'>genere</span> <span class='ocrx_word' id='word_1_389' title='bbox 1630 4238 1828 4305; x_wconf 87' lang='lat' dir='ltr'>concedatis.</span> <span class='ocrx_word' id='word_1_390' title='bbox 1866 4237 2001 4305; x_wconf 85' lang='lat' dir='ltr'>iustum</span> <span class='ocrx_word' id='word_1_391' title='bbox 2017 4316 2021 4321; x_wconf 28' lang='lat'>¹</span> 
     </span>
    </p>
   </div>
   <div class='ocr_carea' id='block_1_5' title="bbox 300 4336 2004 4738">
    <p class='ocr_par' dir='ltr' id='par_1_5' title="bbox 300 4336 2004 4738">
     <span class='ocr_line' id='line_1_37' title="bbox 300 4336 2002 4428; baseline 0.006 -29"><span class='ocrx_word' id='word_1_392' title='bbox 300 4336 384 4400; x_wconf 70' lang='lat' dir='ltr'>best</span> <span class='ocrx_word' id='word_1_393' title='bbox 408 4336 495 4401; x_wconf 88' lang='lat' dir='ltr'>enim</span> <span class='ocrx_word' id='word_1_394' title='bbox 519 4344 555 4402; x_wconf 91' lang='lat' dir='ltr'>ut</span> <span class='ocrx_word' id='word_1_395' title='bbox 578 4347 732 4422; x_wconf 89' lang='lat' dir='ltr'>parentes</span> <span class='ocrx_word' id='word_1_396' title='bbox 749 4340 851 4403; x_wconf 80' lang='lat' dir='ltr'>vestri</span> <span class='ocrx_word' id='word_1_397' title='bbox 872 4338 1028 4421; x_wconf 85' lang='lat' dir='ltr'>babeant,</span> <span class='ocrx_word' id='word_1_398' title='bbox 1052 4340 1138 4426; x_wconf 92' lang='lat' dir='ltr'>quod</span> <span class='ocrx_word' id='word_1_399' title='bbox 1161 4342 1203 4407; x_wconf 92' lang='lat' dir='ltr'>de</span> <span class='ocrx_word' id='word_1_400' title='bbox 1226 4342 1412 4428; x_wconf 88' lang='lat' dir='ltr'>patrimonii</span> <span class='ocrx_word' id='word_1_401' title='bbox 1435 4342 1522 4407; x_wconf 91' lang='lat' dir='ltr'>mole</span> <span class='ocrx_word' id='word_1_402' title='bbox 1545 4342 1726 4408; x_wconf 89' lang='lat' dir='ltr'>descendit.</span> <span class='ocrx_word' id='word_1_403' title='bbox 1763 4340 1890 4407; x_wconf 88' lang='lat' dir='ltr'>credite</span> <span class='ocrx_word' id='word_1_404' title='bbox 1910 4343 2002 4409; x_wconf 88' lang='lat' dir='ltr'>mibi</span> 
     </span>
     <span class='ocr_line' id='line_1_38' title="bbox 334 4439 2003 4531; baseline 0.007 -29"><span class='ocrx_word' id='word_1_405' title='bbox 334 4439 398 4503; x_wconf 91' lang='lat' dir='ltr'>deo</span> <span class='ocrx_word' id='word_1_406' title='bbox 421 4448 518 4519; x_wconf 83' lang='lat' dir='ltr'>teste,</span> <span class='ocrx_word' id='word_1_407' title='bbox 542 4441 618 4524; x_wconf 87' lang='lat' dir='ltr'>quia</span> <span class='ocrx_word' id='word_1_408' title='bbox 643 4442 672 4505; x_wconf 91' lang='lat' dir='ltr'>si</span> <span class='ocrx_word' id='word_1_409' title='bbox 692 4441 856 4526; x_wconf 84' lang='lat' dir='ltr'>inpetrare</span> <span class='ocrx_word' id='word_1_410' title='bbox 873 4444 944 4508; x_wconf 91' lang='lat' dir='ltr'>sine</span> <span class='ocrx_word' id='word_1_411' title='bbox 961 4445 1157 4509; x_wconf 89' lang='lat' dir='ltr'>detrimento</span> <span class='ocrx_word' id='word_1_412' title='bbox 1173 4465 1292 4509; x_wconf 89' lang='lat' dir='ltr'>census</span> <span class='ocrx_word' id='word_1_413' title='bbox 1308 4446 1410 4510; x_wconf 77' lang='lat' dir='ltr'>vestri</span> <span class='ocrx_word' id='word_1_414' title='bbox 1426 4467 1586 4527; x_wconf 68' lang='lat' dir='ltr'>meruero.</span> <span class='ocrx_word' id='word_1_415' title='bbox 1611 4446 1706 4531; x_wconf 85' lang='lat' dir='ltr'>quasi</span> <span class='ocrx_word' id='word_1_416' title='bbox 1722 4444 1808 4509; x_wconf 88' lang='lat' dir='ltr'>dono</span> <span class='ocrx_word' id='word_1_417' title='bbox 1822 4444 2003 4531; x_wconf 83' lang='lat' dir='ltr'>obligatus</span> 
     </span>
     <span class='ocr_line' id='line_1_39' title="bbox 333 4541 2004 4633; baseline 0.005 -27"><span class='ocrx_word' id='word_1_418' title='bbox 333 4541 503 4627; x_wconf 87' lang='lat' dir='ltr'>obsequiis</span> <span class='ocrx_word' id='word_1_419' title='bbox 535 4544 713 4629; x_wconf 89' lang='lat' dir='ltr'>potioribus</span> <span class='ocrx_word' id='word_1_420' title='bbox 745 4543 960 4631; x_wconf 85' lang='lat' dir='ltr'>respondebo.</span> <span class='ocrx_word' id='word_1_421' title='bbox 1005 4545 1046 4612; x_wconf 89' lang='lat' dir='ltr'>de</span> <span class='ocrx_word' id='word_1_422' title='bbox 1076 4568 1141 4632; x_wconf 86' lang='lat' dir='ltr'>qua</span> <span class='ocrx_word' id='word_1_423' title='bbox 1171 4556 1265 4633; x_wconf 88' lang='lat' dir='ltr'>parte</span> <span class='ocrx_word' id='word_1_424' title='bbox 1288 4586 1330 4595; x_wconf 95' lang='lat'><em>-</em></span> <span class='ocrx_word' id='word_1_425' title='bbox 1353 4549 1401 4613; x_wconf 87' lang='lat' dir='ltr'>sic</span> <span class='ocrx_word' id='word_1_426' title='bbox 1430 4548 1524 4613; x_wconf 81' lang='lat' dir='ltr'>robis</span> <span class='ocrx_word' id='word_1_427' title='bbox 1556 4549 1696 4614; x_wconf 83' lang='lat' dir='ltr'>feliciter</span> <span class='ocrx_word' id='word_1_428' title='bbox 1724 4547 1882 4612; x_wconf 78' lang='lat' dir='ltr'>universa</span> <span class='ocrx_word' id='word_1_429' title='bbox 1912 4568 2004 4615; x_wconf 89' lang='lat' dir='ltr'>cou-</span> 
     </span>
     <span class='ocr_line' id='line_1_40' title="bbox 335 4645 1832 4738; baseline 0.003 -29"><span class='ocrx_word' id='word_1_430' title='bbox 335 4645 465 4730; x_wconf 86' lang='lat' dir='ltr'>tingant</span> <span class='ocrx_word' id='word_1_431' title='bbox 488 4682 530 4693; x_wconf 96' lang='lat'>—</span> <span class='ocrx_word' id='word_1_432' title='bbox 554 4647 582 4710; x_wconf 90' lang='lat' dir='ltr'>si</span> <span class='ocrx_word' id='word_1_433' title='bbox 606 4669 740 4713; x_wconf 85' lang='lat' dir='ltr'>securus</span> <span class='ocrx_word' id='word_1_434' title='bbox 764 4669 839 4714; x_wconf 89' lang='lat' dir='ltr'>esse</span> <span class='ocrx_word' id='word_1_435' title='bbox 862 4648 979 4731; x_wconf 84' lang='lat' dir='ltr'>debeo,</span> <span class='ocrx_word' id='word_1_436' title='bbox 1002 4652 1142 4736; x_wconf 86' lang='lat' dir='ltr'>plenarii</span> <span class='ocrx_word' id='word_1_437' title='bbox 1165 4652 1245 4715; x_wconf 93' lang='lat' dir='ltr'>mibi</span> <span class='ocrx_word' id='word_1_438' title='bbox 1269 4652 1457 4718; x_wconf 88' lang='lat' dir='ltr'>documenti</span> <span class='ocrx_word' id='word_1_439' title='bbox 1480 4652 1611 4738; x_wconf 90' lang='lat' dir='ltr'>dirigite</span> <span class='ocrx_word' id='word_1_440' title='bbox 1632 4652 1832 4716; x_wconf 82' lang='lat' dir='ltr'>firmitatem.</span> 
     </span>
    </p>
   </div>
   <div class='ocr_carea' id='block_1_6' title="bbox 334 4954 2007 5634">
    <p class='ocr_par' dir='ltr' id='par_1_6' title="bbox 334 4954 2007 5634">
     <span class='ocr_line' id='line_1_41' title="bbox 440 4954 2004 5031; baseline 0.005 -23"><span class='ocrx_word' id='word_1_441' title='bbox 440 4954 596 5026; x_wconf 67' lang='lat' dir='ltr'>[ocean]</span> <span class='ocrx_word' id='word_1_442' title='bbox 635 4959 647 5010; x_wconf 93' lang='lat' dir='ltr'>l</span> <span class='ocrx_word' id='word_1_443' title='bbox 669 4960 802 5013; x_wconf 81' lang='lat' dir='ltr'>Eunodius</span> <span class='ocrx_word' id='word_1_444' title='bbox 819 4961 926 5013; x_wconf 87' lang='lat' dir='ltr'>Boethio</span> <span class='ocrx_word' id='word_1_445' title='bbox 942 4962 957 5014; x_wconf 82' lang='lat' dir='ltr'>b</span> <span class='ocrx_word' id='word_1_446' title='bbox 1072 4960 1089 5012; x_wconf 82' lang='lat'><strong>2</strong></span> <span class='ocrx_word' id='word_1_447' title='bbox 1108 4964 1219 5016; x_wconf 81' lang='lat' dir='ltr'>faustum</span> <span class='ocrx_word' id='word_1_448' title='bbox 1232 4965 1257 5028; x_wconf 79' lang='lat' dir='ltr'>b,</span> <span class='ocrx_word' id='word_1_449' title='bbox 1278 4967 1376 5018; x_wconf 83' lang='lat' dir='ltr'>iactum</span> <span class='ocrx_word' id='word_1_450' title='bbox 1390 4965 1493 5017; x_wconf 74' lang='lat' dir='ltr'>Ius-etta</span> <span class='ocrx_word' id='word_1_451' title='bbox 1509 4966 1578 5016; x_wconf 80' lang='lat' dir='ltr'>misc.</span> <span class='ocrx_word' id='word_1_452' title='bbox 1591 4983 1622 5031; x_wconf 82' lang='lat' dir='ltr'>p.</span> <span class='ocrx_word' id='word_1_453' title='bbox 1634 4969 1669 5015; x_wconf 74' lang='lat'>45</span> <span class='ocrx_word' id='word_1_454' title='bbox 1747 4959 1834 5031; x_wconf 83' lang='lat' dir='ltr'>cupio}</span> <span class='ocrx_word' id='word_1_455' title='bbox 1851 4962 1937 5031; x_wconf 84' lang='lat' dir='ltr'>dupio</span> <span class='ocrx_word' id='word_1_456' title='bbox 1948 4962 2004 5016; x_wconf 73' lang='lat' dir='ltr'>B·</span> 
     </span>
     <span class='ocr_line' id='line_1_42' title="bbox 334 5043 2006 5119; baseline 0.004 -25"><span class='ocrx_word' id='word_1_457' title='bbox 334 5044 417 5110; x_wconf 81' lang='lat' dir='ltr'>aspiro</span> <span class='ocrx_word' id='word_1_458' title='bbox 434 5043 458 5092; x_wconf 88' lang='lat' dir='ltr'><em>V</em></span> <span class='ocrx_word' id='word_1_459' title='bbox 565 5044 583 5096; x_wconf 83' lang='lat'><strong>3</strong></span> <span class='ocrx_word' id='word_1_460' title='bbox 600 5044 683 5113; x_wconf 88' lang='lat' dir='ltr'>decet]</span> <span class='ocrx_word' id='word_1_461' title='bbox 702 5046 764 5098; x_wconf 90' lang='lat' dir='ltr'>dicit</span> <span class='ocrx_word' id='word_1_462' title='bbox 776 5047 801 5097; x_wconf 92' lang='grc' dir='ltr'><strong><em>Β</em></strong></span> <span class='ocrx_word' id='word_1_463' title='bbox 869 5064 993 5114; x_wconf 87' lang='lat' dir='ltr'>purporas</span> <span class='ocrx_word' id='word_1_464' title='bbox 1005 5046 1031 5096; x_wconf 84' lang='lat' dir='ltr'><em>B</em></span> <span class='ocrx_word' id='word_1_465' title='bbox 1141 5048 1159 5098; x_wconf 80' lang='lat'>4</span> <span class='ocrx_word' id='word_1_466' title='bbox 1176 5053 1315 5101; x_wconf 88' lang='lat' dir='ltr'>crescentis</span> <span class='ocrx_word' id='word_1_467' title='bbox 1328 5051 1353 5101; x_wconf 90' lang='grc' dir='ltr'><strong><em>Β</em></strong></span> <span class='ocrx_word' id='word_1_468' title='bbox 1427 5053 1555 5119; x_wconf 88' lang='lat' dir='ltr'>colloquio</span> <span class='ocrx_word' id='word_1_469' title='bbox 1571 5051 1595 5099; x_wconf 75' lang='lat' dir='ltr'><em>V</em></span> <span class='ocrx_word' id='word_1_470' title='bbox 1704 5046 1789 5101; x_wconf 82' lang='lat' dir='ltr'>lnou</span> <span class='ocrx_word' id='word_1_471' title='bbox 1803 5047 1837 5113; x_wconf 89' lang='grc' dir='ltr'><strong><em>Β,</em></strong></span> <span class='ocrx_word' id='word_1_472' title='bbox 1854 5064 1906 5101; x_wconf 82' lang='lat' dir='ltr'>uec</span> <span class='ocrx_word' id='word_1_473' title='bbox 1918 5054 2006 5107; x_wconf 53' lang='grc' dir='ltr'>καὶ</span> 
     </span>
     <span class='ocr_line' id='line_1_43' title="bbox 334 5128 2005 5205; baseline 0.005 -27"><span class='ocrx_word' id='word_1_474' title='bbox 334 5128 469 5181; x_wconf 83' lang='lat' dir='ltr'>delinificis</span> <span class='ocrx_word' id='word_1_475' title='bbox 484 5129 509 5180; x_wconf 87' lang='lat' dir='ltr'><em>B</em></span> <span class='ocrx_word' id='word_1_476' title='bbox 623 5131 856 5185; x_wconf 74' lang='lat' dir='ltr'>liconcinnatione</span> <span class='ocrx_word' id='word_1_477' title='bbox 867 5134 891 5197; x_wconf 85' lang='lat' dir='ltr'>b,</span> <span class='ocrx_word' id='word_1_478' title='bbox 908 5150 957 5184; x_wconf 90' lang='lat' dir='ltr'>con</span> <span class='ocrx_word' id='word_1_479' title='bbox 975 5150 1005 5185; x_wconf 91' lang='lat' dir='ltr'>ce</span> <span class='ocrx_word' id='word_1_480' title='bbox 1023 5135 1127 5186; x_wconf 84' lang='lat' dir='ltr'>natione</span> <span class='ocrx_word' id='word_1_481' title='bbox 1138 5134 1172 5198; x_wconf 89' lang='lat' dir='ltr'>B,</span> <span class='ocrx_word' id='word_1_482' title='bbox 1189 5137 1418 5204; x_wconf 86' lang='lat' dir='ltr'>condempnatione</span> <span class='ocrx_word' id='word_1_483' title='bbox 1436 5140 1512 5190; x_wconf 81' lang='lat' dir='ltr'>ceteri</span> <span class='ocrx_word' id='word_1_484' title='bbox 1589 5139 1689 5205; x_wconf 82' lang='lat' dir='ltr'>sugerit</span> <span class='ocrx_word' id='word_1_485' title='bbox 1700 5136 1745 5187; x_wconf 69' lang='grc' dir='ltr'>Β(Ι</span> <span class='ocrx_word' id='word_1_486' title='bbox 1859 5132 1878 5186; x_wconf 83' lang='grc'>9</span> <span class='ocrx_word' id='word_1_487' title='bbox 1895 5138 2005 5204; x_wconf 63' lang='grc' dir='ltr'>μείω</span> 
     </span>
     <span class='ocr_line' id='line_1_44' title="bbox 334 5215 2006 5293; baseline 0.01 -30"><span class='ocrx_word' id='word_1_488' title='bbox 334 5216 502 5281; x_wconf 84' lang='lat' dir='ltr'>omnipotenti</span> <span class='ocrx_word' id='word_1_489' title='bbox 519 5215 637 5268; x_wconf 63' lang='lat' dir='ltr'>Vsslffb&#39;</span> <span class='ocrx_word' id='word_1_490' title='bbox 742 5216 775 5268; x_wconf 77' lang='lat'>12</span> <span class='ocrx_word' id='word_1_491' title='bbox 793 5236 888 5271; x_wconf 90' lang='lat' dir='ltr'>morem</span> <span class='ocrx_word' id='word_1_492' title='bbox 905 5219 949 5269; x_wconf 81' lang='lat' dir='ltr'>VI.</span> <span class='ocrx_word' id='word_1_493' title='bbox 956 5220 979 5270; x_wconf 86' lang='grc' dir='ltr'><em>Τ</em></span> <span class='ocrx_word' id='word_1_494' title='bbox 978 5222 1001 5271; x_wconf 78' lang='lat' dir='ltr'><em>O</em></span> <span class='ocrx_word' id='word_1_495' title='bbox 1107 5219 1140 5272; x_wconf 82' lang='lat'>13</span> <span class='ocrx_word' id='word_1_496' title='bbox 1157 5221 1222 5289; x_wconf 86' lang='lat' dir='ltr'>sole]</span> <span class='ocrx_word' id='word_1_497' title='bbox 1240 5225 1298 5276; x_wconf 87' lang='lat' dir='ltr'>luco</span> <span class='ocrx_word' id='word_1_498' title='bbox 1311 5224 1390 5276; x_wconf 82' lang='lat' dir='ltr'>Sirm.</span> <span class='ocrx_word' id='word_1_499' title='bbox 1502 5223 1535 5275; x_wconf 75' lang='lat'>15</span> <span class='ocrx_word' id='word_1_500' title='bbox 1552 5225 1630 5276; x_wconf 92' lang='lat' dir='ltr'>iudici</span> <span class='ocrx_word' id='word_1_501' title='bbox 1648 5241 1705 5289; x_wconf 79' lang='lat' dir='ltr'>arcp.</span> <span class='ocrx_word' id='word_1_502' title='bbox 1718 5222 1764 5273; x_wconf 86' lang='lat' dir='ltr'>iia.</span> <span class='ocrx_word' id='word_1_503' title='bbox 1782 5220 1837 5274; x_wconf 88' lang='lat' dir='ltr'>oB</span> <span class='ocrx_word' id='word_1_504' title='bbox 1907 5226 2006 5293; x_wconf 63' lang='lat' dir='ltr'>uqit</span> 
     </span>
     <span class='ocr_line' id='line_1_45' title="bbox 334 5300 2007 5377; baseline 0.008 -27"><span class='ocrx_word' id='word_1_505' title='bbox 334 5300 426 5365; x_wconf 79' lang='lat' dir='ltr'>scripsi</span> <span class='ocrx_word' id='word_1_506' title='bbox 443 5318 500 5351; x_wconf 73' lang='lat' dir='ltr'>mm</span> <span class='ocrx_word' id='word_1_507' title='bbox 514 5302 601 5366; x_wconf 81' lang='lat' dir='ltr'>Hert,</span> <span class='ocrx_word' id='word_1_508' title='bbox 624 5305 710 5371; x_wconf 86' lang='lat' dir='ltr'>exiget</span> <span class='ocrx_word' id='word_1_509' title='bbox 723 5304 756 5369; x_wconf 88' lang='lat' dir='ltr'>B,</span> <span class='ocrx_word' id='word_1_510' title='bbox 779 5305 862 5371; x_wconf 86' lang='lat' dir='ltr'>exigit</span> <span class='ocrx_word' id='word_1_511' title='bbox 879 5306 954 5356; x_wconf 83' lang='lat' dir='ltr'>ceteri</span> <span class='ocrx_word' id='word_1_512' title='bbox 1094 5305 1127 5358; x_wconf 81' lang='lat'>16</span> <span class='ocrx_word' id='word_1_513' title='bbox 1144 5309 1247 5374; x_wconf 83' lang='lat' dir='ltr'>gladius</span> <span class='ocrx_word' id='word_1_514' title='bbox 1260 5310 1284 5359; x_wconf 92' lang='grc' dir='ltr'><strong><em>Β</em></strong></span> <span class='ocrx_word' id='word_1_515' title='bbox 1388 5310 1544 5362; x_wconf 84' lang='lat' dir='ltr'>demostenis</span> <span class='ocrx_word' id='word_1_516' title='bbox 1561 5310 1660 5361; x_wconf 80' lang='lat' dir='ltr'>codices</span> <span class='ocrx_word' id='word_1_517' title='bbox 1798 5304 1830 5358; x_wconf 74' lang='lat' dir='ltr'>lt</span> <span class='ocrx_word' id='word_1_518' title='bbox 1848 5308 1962 5377; x_wconf 79' lang='lat' dir='ltr'>colliget</span> <span class='ocrx_word' id='word_1_519' title='bbox 1975 5310 2007 5363; x_wconf 96' lang='grc' dir='ltr'><strong><em>Β</em></strong></span> 
     </span>
     <span class='ocr_line' id='line_1_46' title="bbox 337 5382 2006 5463; baseline 0.008 -30"><span class='ocrx_word' id='word_1_520' title='bbox 337 5382 370 5433; x_wconf 74' lang='lat'>18</span> <span class='ocrx_word' id='word_1_521' title='bbox 388 5387 481 5438; x_wconf 78' lang='lat' dir='ltr'>atticae</span> <span class='ocrx_word' id='word_1_522' title='bbox 499 5386 540 5449; x_wconf 81' lang='lat' dir='ltr'>(ca</span> <span class='ocrx_word' id='word_1_523' title='bbox 557 5389 585 5439; x_wconf 83' lang='lat' dir='ltr'>iu</span> <span class='ocrx_word' id='word_1_524' title='bbox 598 5390 645 5453; x_wconf 84' lang='lat' dir='ltr'>lit.)</span> <span class='ocrx_word' id='word_1_525' title='bbox 658 5390 683 5440; x_wconf 92' lang='grc' dir='ltr'><strong><em>Β</em></strong></span> <span class='ocrx_word' id='word_1_526' title='bbox 776 5387 809 5440; x_wconf 84' lang='grc'>19</span> <span class='ocrx_word' id='word_1_527' title='bbox 826 5391 948 5456; x_wconf 86' lang='lat' dir='ltr'>quicquid</span> <span class='ocrx_word' id='word_1_528' title='bbox 965 5390 988 5439; x_wconf 87' lang='lat' dir='ltr'><strong><em>V</em></strong></span> <span class='ocrx_word' id='word_1_529' title='bbox 1036 5392 1207 5445; x_wconf 88' lang='lat' dir='ltr'>destributum</span> <span class='ocrx_word' id='word_1_530' title='bbox 1219 5393 1245 5444; x_wconf 89' lang='grc' dir='ltr'><strong><em>Β</em></strong></span> <span class='ocrx_word' id='word_1_531' title='bbox 1333 5394 1364 5447; x_wconf 75' lang='grc' dir='ltr'>Β]</span> <span class='ocrx_word' id='word_1_532' title='bbox 1385 5396 1484 5448; x_wconf 86' lang='lat' dir='ltr'>tribues</span> <span class='ocrx_word' id='word_1_533' title='bbox 1496 5396 1522 5445; x_wconf 93' lang='grc' dir='ltr'><strong><em>Β</em></strong></span> <span class='ocrx_word' id='word_1_534' title='bbox 1573 5396 1689 5463; x_wconf 82' lang='lat' dir='ltr'>requires</span> <span class='ocrx_word' id='word_1_535' title='bbox 1700 5393 1726 5445; x_wconf 88' lang='lat' dir='ltr'><em>B</em></span> <span class='ocrx_word' id='word_1_536' title='bbox 1815 5390 1852 5445; x_wconf 71' lang='lat'>22</span> <span class='ocrx_word' id='word_1_537' title='bbox 1868 5394 1952 5447; x_wconf 69' lang='lat' dir='ltr'>Metu</span> <span class='ocrx_word' id='word_1_538' title='bbox 1963 5394 2006 5463; x_wconf 85' lang='grc' dir='ltr'><strong><em>Β,</em></strong></span> 
     </span>
     <span class='ocr_line' id='line_1_47' title="bbox 334 5470 2007 5547; baseline 0.01 -28"><span class='ocrx_word' id='word_1_539' title='bbox 334 5470 454 5521; x_wconf 80' lang='lat' dir='ltr'>fiduciam</span> <span class='ocrx_word' id='word_1_540' title='bbox 472 5474 549 5524; x_wconf 82' lang='lat' dir='ltr'>ceteri</span> <span class='ocrx_word' id='word_1_541' title='bbox 685 5471 720 5525; x_wconf 76' lang='lat'>2⁴3</span> <span class='ocrx_word' id='word_1_542' title='bbox 742 5476 911 5545; x_wconf 80' lang='lat' dir='ltr'>propbrquam</span> <span class='ocrx_word' id='word_1_543' title='bbox 926 5475 953 5526; x_wconf 88' lang='lat' dir='ltr'><em>B</em></span> <span class='ocrx_word' id='word_1_544' title='bbox 1089 5476 1125 5531; x_wconf 83' lang='lat'>3⁰</span> <span class='ocrx_word' id='word_1_545' title='bbox 1146 5481 1264 5547; x_wconf 90' lang='lat' dir='ltr'>producti</span> <span class='ocrx_word' id='word_1_546' title='bbox 1287 5483 1352 5533; x_wconf 79' lang='lat' dir='ltr'>coni.</span> <span class='ocrx_word' id='word_1_547' title='bbox 1368 5482 1465 5534; x_wconf 82' lang='lat' dir='ltr'>Ilartel</span> <span class='ocrx_word' id='word_1_548' title='bbox 1567 5484 1664 5535; x_wconf 88' lang='lat' dir='ltr'>dictant</span> <span class='ocrx_word' id='word_1_549' title='bbox 1681 5483 1697 5529; x_wconf 83' lang='lat' dir='ltr'>b</span> <span class='ocrx_word' id='word_1_550' title='bbox 1715 5489 1739 5534; x_wconf 77' lang='lat' dir='ltr'>et</span> <span class='ocrx_word' id='word_1_551' title='bbox 1755 5496 1825 5531; x_wconf 78' lang='lat' dir='ltr'>mon.</span> <span class='ocrx_word' id='word_1_552' title='bbox 1846 5496 1901 5532; x_wconf 84' lang='lat' dir='ltr'>rec.</span> <span class='ocrx_word' id='word_1_553' title='bbox 1925 5482 1957 5533; x_wconf 73' lang='lat' dir='ltr'>in</span> <span class='ocrx_word' id='word_1_554' title='bbox 1975 5482 2007 5535; x_wconf 85' lang='lat' dir='ltr'><em>B</em></span> 
     </span>
     <span class='ocr_line' id='line_1_48' title="bbox 334 5552 1944 5634; baseline 0.01 -31"><span class='ocrx_word' id='word_1_555' title='bbox 334 5552 365 5604; x_wconf 75' lang='lat' dir='ltr'>:lt</span> <span class='ocrx_word' id='word_1_556' title='bbox 388 5566 415 5606; x_wconf 85' lang='lat' dir='ltr'>ut</span> <span class='ocrx_word' id='word_1_557' title='bbox 433 5573 481 5606; x_wconf 71' lang='lat' dir='ltr'>itera</span> <span class='ocrx_word' id='word_1_558' title='bbox 497 5559 597 5624; x_wconf 81' lang='lat' dir='ltr'>scripsi,</span> <span class='ocrx_word' id='word_1_559' title='bbox 615 5570 703 5612; x_wconf 86' lang='lat' dir='ltr'>utrum</span> <span class='ocrx_word' id='word_1_560' title='bbox 721 5562 782 5613; x_wconf 80' lang='lat' dir='ltr'>ttori</span> <span class='ocrx_word' id='word_1_561' title='bbox 885 5560 920 5613; x_wconf 81' lang='lat'>33</span> <span class='ocrx_word' id='word_1_562' title='bbox 937 5563 1037 5617; x_wconf 79' lang='lat' dir='ltr'>attollat</span> <span class='ocrx_word' id='word_1_563' title='bbox 1053 5564 1077 5613; x_wconf 84' lang='lat' dir='ltr'>l&#39;</span> <span class='ocrx_word' id='word_1_564' title='bbox 1176 5565 1210 5617; x_wconf 76' lang='lat'>34</span> <span class='ocrx_word' id='word_1_565' title='bbox 1229 5567 1338 5634; x_wconf 85' lang='lat' dir='ltr'>reliquid</span> <span class='ocrx_word' id='word_1_566' title='bbox 1350 5567 1376 5618; x_wconf 91' lang='lat' dir='ltr'><em>B</em></span> <span class='ocrx_word' id='word_1_567' title='bbox 1444 5570 1584 5621; x_wconf 83' lang='lat' dir='ltr'>concidatis</span> <span class='ocrx_word' id='word_1_568' title='bbox 1595 5568 1621 5618; x_wconf 92' lang='grc' dir='ltr'><strong><em>Β</em></strong></span> <span class='ocrx_word' id='word_1_569' title='bbox 1722 5564 1758 5618; x_wconf 63' lang='lat' dir='ltr'>ab</span> <span class='ocrx_word' id='word_1_570' title='bbox 1773 5566 1903 5619; x_wconf 78' lang='lat' dir='ltr'>discendit</span> <span class='ocrx_word' id='word_1_571' title='bbox 1913 5566 1944 5619; x_wconf 90' lang='grc' dir='ltr'><strong><em>Β</em></strong></span> 
     </span>
    </p>
   </div>
   <div class='ocr_carea' id='block_1_7' title="bbox 0 0 2255 6228">
    <p class='ocr_par' dir='ltr' id='par_1_7' title="bbox 0 0 2255 6228">
     <span class='ocr_line' id='line_1_49' title="bbox 0 0 2255 6228; baseline 0 0"><span class='ocrx_word' id='word_1_572' title='bbox 0 0 2255 6228; x_wconf 95' lang='lat' dir='ltr'> </span> 
     </span>
    </p>
   </div>
  </div>
 </body>
</html>
