<?xml version="1.0" encoding="UTF-8"?>
<!DOCTYPE html PUBLIC "-//W3C//DTD XHTML 1.0 Transitional//EN"
    "http://www.w3.org/TR/xhtml1/DTD/xhtml1-transitional.dtd">
<html xmlns="http://www.w3.org/1999/xhtml" xml:lang="en" lang="en">
 <head>
  <title>
</title>
<meta http-equiv="Content-Type" content="text/html;charset=utf-8" />
  <meta name='ocr-system' content='tesseract 3.04.00' />
  <meta name='ocr-capabilities' content='ocr_page ocr_carea ocr_par ocr_line ocrx_word'/>
</head>
<body>
  <div class='ocr_page' id='page_1' title='image "./magnifelicisenn00vogegoog_0260.png"; bbox 0 0 4500 6232; ppageno 0'>
   <div class='ocr_carea' id='block_1_1' title="bbox 485 278 1462 347">
    <p class='ocr_par' dir='ltr' id='par_1_1' title="bbox 485 278 1462 347">
     <span class='ocr_line' id='line_1_1' title="bbox 485 278 1462 347; baseline 0.008 -22"><span class='ocrx_word' id='word_1_1' title='bbox 485 286 544 345; x_wconf 54' lang='lat' dir='ltr'><strong>„a</strong></span> <span class='ocrx_word' id='word_1_2' title='bbox 1160 278 1253 333; x_wconf 77' lang='lat' dir='ltr'><strong>cesa</strong></span> <span class='ocrx_word' id='word_1_3' title='bbox 1271 279 1406 345; x_wconf 73' lang='lat' dir='ltr'><strong>(opusc.</strong></span> <span class='ocrx_word' id='word_1_4' title='bbox 1424 282 1462 347; x_wconf 77' lang='lat' dir='ltr'><strong>o.</strong></span> 
     </span>
    </p>
   </div>
   <div class='ocr_carea' id='block_1_2' title="bbox 327 452 2236 4678">
    <p class='ocr_par' dir='ltr' id='par_1_2' title="bbox 429 452 2232 2491">
     <span class='ocr_line' id='line_1_2' title="bbox 482 452 2147 538; baseline 0.004 -24"><span class='ocrx_word' id='word_1_5' title='bbox 482 454 544 515; x_wconf 64' lang='lat' dir='ltr'><strong>iiia</strong></span> <span class='ocrx_word' id='word_1_6' title='bbox 574 452 693 515; x_wconf 88' lang='lat' dir='ltr'><strong>mundo</strong></span> <span class='ocrx_word' id='word_1_7' title='bbox 729 452 815 515; x_wconf 84' lang='lat' dir='ltr'><strong>lama</strong></span> <span class='ocrx_word' id='word_1_8' title='bbox 852 452 1036 515; x_wconf 74' lang='lat' dir='ltr'><strong>nuntiaret.</strong></span> <span class='ocrx_word' id='word_1_9' title='bbox 1074 472 1211 535; x_wconf 92' lang='lat' dir='ltr'><strong>quorum</strong></span> <span class='ocrx_word' id='word_1_10' title='bbox 1249 454 1349 516; x_wconf 87' lang='lat' dir='ltr'><strong>vitam</strong></span> <span class='ocrx_word' id='word_1_11' title='bbox 1381 453 1680 536; x_wconf 73' lang='lat' dir='ltr'><strong>conscientiamque</strong></span> <span class='ocrx_word' id='word_1_12' title='bbox 1707 453 1805 538; x_wconf 88' lang='lat' dir='ltr'><strong>plene</strong></span> <span class='ocrx_word' id='word_1_13' title='bbox 1832 452 1948 519; x_wconf 86' lang='lat' dir='ltr'><strong>videor</strong></span> <span class='ocrx_word' id='word_1_14' title='bbox 1976 456 2147 535; x_wconf 85' lang='lat' dir='ltr'><strong>elocutus,</strong></span> 
     </span>
     <span class='ocr_line' id='line_1_3' title="bbox 484 554 2145 643; baseline 0.004 -26"><span class='ocrx_word' id='word_1_15' title='bbox 484 578 557 617; x_wconf 77' lang='lat' dir='ltr'><strong>cum</strong></span> <span class='ocrx_word' id='word_1_16' title='bbox 585 558 768 641; x_wconf 77' lang='lat' dir='ltr'><strong>expetitam</strong></span> <span class='ocrx_word' id='word_1_17' title='bbox 792 578 851 641; x_wconf 90' lang='lat' dir='ltr'><strong>pro</strong></span> <span class='ocrx_word' id='word_1_18' title='bbox 874 554 928 617; x_wconf 88' lang='lat' dir='ltr'><strong>dei</strong></span> <span class='ocrx_word' id='word_1_19' title='bbox 962 556 1081 618; x_wconf 87' lang='lat' dir='ltr'><strong>timore</strong></span> <span class='ocrx_word' id='word_1_20' title='bbox 1110 556 1346 619; x_wconf 86' lang='lat' dir='ltr'><strong>habitationem</strong></span> <span class='ocrx_word' id='word_1_21' title='bbox 1374 558 1446 621; x_wconf 92' lang='lat' dir='ltr'><strong>sine</strong></span> <span class='ocrx_word' id='word_1_22' title='bbox 1483 556 1571 621; x_wconf 91' lang='lat' dir='ltr'><strong>nube</strong></span> <span class='ocrx_word' id='word_1_23' title='bbox 1603 556 1746 639; x_wconf 78' lang='lat' dir='ltr'><strong>vulgavi.</strong></span> <span class='ocrx_word' id='word_1_24' title='bbox 1796 556 1890 621; x_wconf 89' lang='lat' dir='ltr'><strong>brevi</strong></span> <span class='ocrx_word' id='word_1_25' title='bbox 1918 566 1996 643; x_wconf 88' lang='lat' dir='ltr'><strong>pest</strong></span> <span class='ocrx_word' id='word_1_26' title='bbox 2022 558 2145 623; x_wconf 90' lang='lat' dir='ltr'><strong>borum</strong></span> 
     </span>
     <span class='ocr_line' id='line_1_4' title="bbox 483 659 2141 745; baseline 0.002 -24"><span class='ocrx_word' id='word_1_27' title='bbox 483 682 565 723; x_wconf 72' lang='lat' dir='ltr'><strong>unus·</strong></span> <span class='ocrx_word' id='word_1_28' title='bbox 594 660 787 745; x_wconf 63' lang='lat' dir='ltr'><strong>atreumprus</strong></span> <span class='ocrx_word' id='word_1_29' title='bbox 814 674 879 721; x_wconf 84' lang='lat' dir='ltr'><strong>cst.</strong></span> <span class='ocrx_word' id='word_1_30' title='bbox 913 668 946 721; x_wconf 90' lang='lat' dir='ltr'><strong>et</strong></span> <span class='ocrx_word' id='word_1_31' title='bbox 979 660 1101 722; x_wconf 91' lang='lat' dir='ltr'><strong>terreni</strong></span> <span class='ocrx_word' id='word_1_32' title='bbox 1133 660 1273 723; x_wconf 91' lang='lat' dir='ltr'><strong>carceris</strong></span> <span class='ocrx_word' id='word_1_33' title='bbox 1303 660 1389 723; x_wconf 88' lang='lat' dir='ltr'><strong>mole</strong></span> <span class='ocrx_word' id='word_1_34' title='bbox 1416 659 1568 745; x_wconf 88' lang='lat' dir='ltr'><strong>deposita</strong></span> <span class='ocrx_word' id='word_1_35' title='bbox 1594 659 1777 724; x_wconf 80' lang='lat' dir='ltr'><strong>aetheriam</strong></span> <span class='ocrx_word' id='word_1_36' title='bbox 1805 660 2019 725; x_wconf 89' lang='lat' dir='ltr'><strong>valitudinem</strong></span> <span class='ocrx_word' id='word_1_37' title='bbox 2054 660 2141 727; x_wconf 77' lang='lat' dir='ltr'><strong>felix</strong></span> 
     </span>
     <span class='ocr_line' id='line_1_5' title="bbox 429 762 2141 849; baseline 0.003 -23"><span class='ocrx_word' id='word_1_38' title='bbox 429 766 591 827; x_wconf 70' lang='lat' dir='ltr'><strong>russina</strong></span> <span class='ocrx_word' id='word_1_39' title='bbox 618 766 805 849; x_wconf 76' lang='lat' dir='ltr'><strong>resumpsit.</strong></span> <span class='ocrx_word' id='word_1_40' title='bbox 850 783 924 825; x_wconf 89' lang='lat' dir='ltr'><strong>nam</strong></span> <span class='ocrx_word' id='word_1_41' title='bbox 956 762 1174 827; x_wconf 82' lang='lat' dir='ltr'><strong>absolutionis</strong></span> <span class='ocrx_word' id='word_1_42' title='bbox 1204 764 1274 828; x_wconf 90' lang='lat' dir='ltr'><strong>cius</strong></span> <span class='ocrx_word' id='word_1_43' title='bbox 1297 774 1444 849; x_wconf 87' lang='lat' dir='ltr'><strong>ternpore</strong></span> <span class='ocrx_word' id='word_1_44' title='bbox 1466 763 1619 826; x_wconf 90' lang='lat' dir='ltr'><strong>columna</strong></span> <span class='ocrx_word' id='word_1_45' title='bbox 1639 764 1737 847; x_wconf 91' lang='lat' dir='ltr'><strong>ignea</strong></span> <span class='ocrx_word' id='word_1_46' title='bbox 1762 764 1849 828; x_wconf 93' lang='lat' dir='ltr'><strong>beati</strong></span> <span class='ocrx_word' id='word_1_47' title='bbox 1872 764 2007 829; x_wconf 76' lang='lat' dir='ltr'><strong>Antonii</strong></span> <span class='ocrx_word' id='word_1_48' title='bbox 2028 766 2141 831; x_wconf 85' lang='lat' dir='ltr'><strong>oeulis</strong></span> 
     </span>
     <span class='ocr_line' id='line_1_6' title="bbox 481 865 2221 952; baseline 0.004 -22"><span class='ocrx_word' id='word_1_49' title='bbox 481 868 609 951; x_wconf 71' lang='lat' dir='ltr'><strong>ingesta</strong></span> <span class='ocrx_word' id='word_1_50' title='bbox 630 886 682 929; x_wconf 76' lang='lat' dir='ltr'><strong>est</strong></span> <span class='ocrx_word' id='word_1_51' title='bbox 704 867 745 931; x_wconf 91' lang='lat' dir='ltr'><strong>ad</strong></span> <span class='ocrx_word' id='word_1_52' title='bbox 769 866 895 929; x_wconf 88' lang='lat' dir='ltr'><strong>caelum</strong></span> <span class='ocrx_word' id='word_1_53' title='bbox 919 888 1024 952; x_wconf 90' lang='lat' dir='ltr'><strong>usque</strong></span> <span class='ocrx_word' id='word_1_54' title='bbox 1047 868 1255 952; x_wconf 83' lang='lat' dir='ltr'><strong>pertingens,</strong></span> <span class='ocrx_word' id='word_1_55' title='bbox 1285 866 1397 931; x_wconf 91' lang='lat' dir='ltr'><strong>credo.</strong></span> <span class='ocrx_word' id='word_1_56' title='bbox 1430 878 1465 929; x_wconf 95' lang='lat' dir='ltr'><strong>ut</strong></span> <span class='ocrx_word' id='word_1_57' title='bbox 1490 865 1686 930; x_wconf 80' lang='lat' dir='ltr'><strong>venerabilia</strong></span> <span class='ocrx_word' id='word_1_58' title='bbox 1709 867 1769 931; x_wconf 88' lang='lat' dir='ltr'><strong>viri</strong></span> <span class='ocrx_word' id='word_1_59' title='bbox 1798 865 1878 932; x_wconf 87' lang='lat' dir='ltr'><strong>fides</strong></span> <span class='ocrx_word' id='word_1_60' title='bbox 1901 878 1937 933; x_wconf 91' lang='lat' dir='ltr'><strong>et</strong></span> <span class='ocrx_word' id='word_1_61' title='bbox 1957 866 2056 933; x_wconf 88' lang='lat' dir='ltr'><strong>ardor</strong></span> <span class='ocrx_word' id='word_1_62' title='bbox 2079 870 2141 935; x_wconf 85' lang='lat' dir='ltr'><strong>ille</strong></span> <span class='ocrx_word' id='word_1_63' title='bbox 2208 900 2221 937; x_wconf 81' lang='lat' dir='ltr'><strong>s</strong></span> 
     </span>
     <span class='ocr_line' id='line_1_7' title="bbox 482 958 2232 1059; baseline 0.003 -29"><span class='ocrx_word' id='word_1_64' title='bbox 482 971 633 1033; x_wconf 90' lang='lat' dir='ltr'><strong>vitiorum</strong></span> <span class='ocrx_word' id='word_1_65' title='bbox 656 970 812 1034; x_wconf 75' lang='lat' dir='ltr'><strong>decoctor</strong></span> <span class='ocrx_word' id='word_1_66' title='bbox 827 971 936 1055; x_wconf 71' lang='lat' dir='ltr'><strong>typico</strong></span> <span class='ocrx_word' id='word_1_67' title='bbox 951 978 1187 1034; x_wconf 76' lang='lat' dir='ltr'><strong>monstraretur</strong></span> <span class='ocrx_word' id='word_1_68' title='bbox 1208 969 1373 1034; x_wconf 92' lang='lat' dir='ltr'><strong>inccndio.</strong></span> <span class='ocrx_word' id='word_1_69' title='bbox 1411 976 1488 1033; x_wconf 90' lang='lat' dir='ltr'><strong>tunc</strong></span> <span class='ocrx_word' id='word_1_70' title='bbox 1511 969 1587 1033; x_wconf 92' lang='lat' dir='ltr'><strong>dum</strong></span> <span class='ocrx_word' id='word_1_71' title='bbox 1610 969 1656 1034; x_wconf 93' lang='lat' dir='ltr'><strong>ibi</strong></span> <span class='ocrx_word' id='word_1_72' title='bbox 1678 968 1732 1035; x_wconf 91' lang='lat' dir='ltr'><strong>dei</strong></span> <span class='ocrx_word' id='word_1_73' title='bbox 1749 970 1856 1035; x_wconf 82' lang='lat' dir='ltr'><strong>cultor</strong></span> <span class='ocrx_word' id='word_1_74' title='bbox 1869 976 1940 1036; x_wconf 89' lang='lat' dir='ltr'><strong>tota</strong></span> <span class='ocrx_word' id='word_1_75' title='bbox 1955 969 2141 1059; x_wconf 86' lang='lat' dir='ltr'><strong>disciplinis</strong></span> <span class='ocrx_word' id='word_1_76' title='bbox 2155 960 2179 1005; x_wconf 47' lang='grc' dir='ltr'><strong>μ</strong></span> <span class='ocrx_word' id='word_1_77' title='bbox 2192 958 2232 1001; x_wconf 84' lang='lat'><strong>⁴²²</strong></span> 
     </span>
     <span class='ocr_line' id='line_1_8' title="bbox 481 1073 2141 1164; baseline 0.004 -29"><span class='ocrx_word' id='word_1_78' title='bbox 481 1074 680 1137; x_wconf 60' lang='lat' dir='ltr'><strong>caelestibus</strong></span> <span class='ocrx_word' id='word_1_79' title='bbox 703 1075 818 1137; x_wconf 89' lang='lat' dir='ltr'><strong>virium</strong></span> <span class='ocrx_word' id='word_1_80' title='bbox 848 1095 980 1137; x_wconf 90' lang='lat' dir='ltr'><strong>suarum</strong></span> <span class='ocrx_word' id='word_1_81' title='bbox 1009 1075 1083 1138; x_wconf 89' lang='lat' dir='ltr'><strong>vela</strong></span> <span class='ocrx_word' id='word_1_82' title='bbox 1112 1073 1241 1138; x_wconf 81' lang='lat' dir='ltr'><strong>laxaret</strong></span> <span class='ocrx_word' id='word_1_83' title='bbox 1268 1084 1302 1137; x_wconf 91' lang='lat' dir='ltr'><strong>ct</strong></span> <span class='ocrx_word' id='word_1_84' title='bbox 1332 1096 1392 1159; x_wconf 90' lang='lat' dir='ltr'><strong>per</strong></span> <span class='ocrx_word' id='word_1_85' title='bbox 1421 1075 1513 1137; x_wconf 90' lang='lat' dir='ltr'><strong>sinus</strong></span> <span class='ocrx_word' id='word_1_86' title='bbox 1541 1074 1670 1164; x_wconf 88' lang='lat' dir='ltr'><strong>animae</strong></span> <span class='ocrx_word' id='word_1_87' title='bbox 1693 1076 1903 1161; x_wconf 76' lang='lat' dir='ltr'><strong>corporisque</strong></span> <span class='ocrx_word' id='word_1_88' title='bbox 1926 1075 2141 1141; x_wconf 82' lang='lat' dir='ltr'><strong>extrudentia</strong></span> 
     </span>
     <span class='ocr_line' id='line_1_9' title="bbox 483 1176 2140 1264; baseline 0.002 -25"><span class='ocrx_word' id='word_1_89' title='bbox 483 1178 594 1263; x_wconf 80' lang='lat' dir='ltr'><strong>paleas</strong></span> <span class='ocrx_word' id='word_1_90' title='bbox 618 1177 720 1241; x_wconf 87' lang='lat' dir='ltr'><strong>flabra</strong></span> <span class='ocrx_word' id='word_1_91' title='bbox 748 1178 948 1262; x_wconf 84' lang='lat' dir='ltr'><strong>susciperet:</strong></span> <span class='ocrx_word' id='word_1_92' title='bbox 984 1178 1076 1240; x_wconf 90' lang='lat' dir='ltr'><strong>cuius</strong></span> <span class='ocrx_word' id='word_1_93' title='bbox 1100 1177 1230 1259; x_wconf 90' lang='lat' dir='ltr'><strong>vigilias</strong></span> <span class='ocrx_word' id='word_1_94' title='bbox 1261 1178 1380 1242; x_wconf 90' lang='lat' dir='ltr'><strong>ieiunia</strong></span> <span class='ocrx_word' id='word_1_95' title='bbox 1410 1177 1561 1241; x_wconf 90' lang='lat' dir='ltr'><strong>lectionis</strong></span> <span class='ocrx_word' id='word_1_96' title='bbox 1583 1176 1813 1242; x_wconf 74' lang='lat' dir='ltr'><strong>adsiduitatem</strong></span> <span class='ocrx_word' id='word_1_97' title='bbox 1837 1178 1907 1242; x_wconf 93' lang='lat' dir='ltr'><strong>iure</strong></span> <span class='ocrx_word' id='word_1_98' title='bbox 1929 1180 2140 1264; x_wconf 79' lang='lat' dir='ltr'><strong>replicarem,</strong></span> 
     </span>
     <span class='ocr_line' id='line_1_10' title="bbox 483 1280 2139 1370; baseline 0.002 -27"><span class='ocrx_word' id='word_1_99' title='bbox 483 1282 544 1343; x_wconf 67' lang='lat' dir='ltr'><strong>nisi</strong></span> <span class='ocrx_word' id='word_1_100' title='bbox 568 1282 724 1345; x_wconf 84' lang='lat' dir='ltr'><strong>haberem</strong></span> <span class='ocrx_word' id='word_1_101' title='bbox 747 1280 897 1363; x_wconf 83' lang='lat' dir='ltr'><strong>digniora</strong></span> <span class='ocrx_word' id='word_1_102' title='bbox 920 1288 1115 1344; x_wconf 89' lang='lat' dir='ltr'><strong>memoratu:</strong></span> <span class='ocrx_word' id='word_1_103' title='bbox 1147 1300 1324 1365; x_wconf 89' lang='lat' dir='ltr'><strong>numquam</strong></span> <span class='ocrx_word' id='word_1_104' title='bbox 1347 1280 1402 1343; x_wconf 91' lang='lat' dir='ltr'><strong>ille</strong></span> <span class='ocrx_word' id='word_1_105' title='bbox 1425 1280 1533 1343; x_wconf 86' lang='lat' dir='ltr'><strong>cibum</strong></span> <span class='ocrx_word' id='word_1_106' title='bbox 1557 1282 1693 1367; x_wconf 86' lang='lat' dir='ltr'><strong>sumpsit</strong></span> <span class='ocrx_word' id='word_1_107' title='bbox 1715 1281 1777 1344; x_wconf 90' lang='lat' dir='ltr'><strong>nisi</strong></span> <span class='ocrx_word' id='word_1_108' title='bbox 1798 1280 1973 1346; x_wconf 79' lang='lat' dir='ltr'><strong>fatiscente</strong></span> <span class='ocrx_word' id='word_1_109' title='bbox 1996 1304 2139 1370; x_wconf 86' lang='lat' dir='ltr'><strong>corpus·</strong></span> 
     </span>
     <span class='ocr_line' id='line_1_11' title="bbox 430 1383 2140 1471; baseline 0.005 -28"><span class='ocrx_word' id='word_1_110' title='bbox 430 1384 576 1449; x_wconf 68' lang='lat' dir='ltr'><strong>esculo.</strong></span> <span class='ocrx_word' id='word_1_111' title='bbox 609 1406 785 1469; x_wconf 87' lang='lat' dir='ltr'><strong>numquam</strong></span> <span class='ocrx_word' id='word_1_112' title='bbox 815 1386 877 1448; x_wconf 89' lang='lat' dir='ltr'><strong>nisi</strong></span> <span class='ocrx_word' id='word_1_113' title='bbox 905 1386 1069 1471; x_wconf 82' lang='lat' dir='ltr'><strong>exemptis</strong></span> <span class='ocrx_word' id='word_1_114' title='bbox 1098 1384 1197 1448; x_wconf 82' lang='lat' dir='ltr'><strong>officii</strong></span> <span class='ocrx_word' id='word_1_115' title='bbox 1226 1384 1346 1448; x_wconf 91' lang='lat' dir='ltr'><strong>muniis</strong></span> <span class='ocrx_word' id='word_1_116' title='bbox 1376 1384 1629 1449; x_wconf 88' lang='lat' dir='ltr'><strong>sollicitudinem</strong></span> <span class='ocrx_word' id='word_1_117' title='bbox 1657 1386 1768 1469; x_wconf 91' lang='lat' dir='ltr'><strong>quiete</strong></span> <span class='ocrx_word' id='word_1_118' title='bbox 1798 1386 1931 1449; x_wconf 79' lang='lat' dir='ltr'><strong>laxavit.</strong></span> <span class='ocrx_word' id='word_1_119' title='bbox 1975 1383 2034 1449; x_wconf 90' lang='lat' dir='ltr'><strong>scd</strong></span> <span class='ocrx_word' id='word_1_120' title='bbox 2057 1386 2140 1470; x_wconf 88' lang='lat' dir='ltr'><strong>quid</strong></span> 
     </span>
     <span class='ocr_line' id='line_1_12' title="bbox 482 1488 2142 1574; baseline 0.003 -25"><span class='ocrx_word' id='word_1_121' title='bbox 482 1504 645 1551; x_wconf 84' lang='lat' dir='ltr'><strong>retexam.</strong></span> <span class='ocrx_word' id='word_1_122' title='bbox 680 1510 764 1573; x_wconf 68' lang='lat' dir='ltr'><strong>cquae</strong></span> <span class='ocrx_word' id='word_1_123' title='bbox 796 1489 1009 1574; x_wconf 86' lang='lat' dir='ltr'><strong>perl&#39;ectinnis</strong></span> <span class='ocrx_word' id='word_1_124' title='bbox 1040 1488 1192 1552; x_wconf 88' lang='lat' dir='ltr'><strong>hahuerit</strong></span> <span class='ocrx_word' id='word_1_125' title='bbox 1222 1488 1440 1552; x_wconf 89' lang='lat' dir='ltr'><strong>instrumenta</strong></span> <span class='ocrx_word' id='word_1_126' title='bbox 1469 1488 1635 1574; x_wconf 83' lang='lat' dir='ltr'><strong>perlectus</strong></span> <span class='ocrx_word' id='word_1_127' title='bbox 1663 1500 1721 1552; x_wconf 91' lang='lat' dir='ltr'><strong>aut</strong></span> <span class='ocrx_word' id='word_1_128' title='bbox 1747 1508 1806 1574; x_wconf 92' lang='lat' dir='ltr'><strong>per</strong></span> <span class='ocrx_word' id='word_1_129' title='bbox 1832 1508 1912 1573; x_wconf 89' lang='lat' dir='ltr'><strong>quos</strong></span> <span class='ocrx_word' id='word_1_130' title='bbox 1940 1488 2063 1573; x_wconf 91' lang='lat' dir='ltr'><strong>gradus</strong></span> <span class='ocrx_word' id='word_1_131' title='bbox 2096 1490 2142 1555; x_wconf 92' lang='lat' dir='ltr'><strong>ad</strong></span> 
     </span>
     <span class='ocr_line' id='line_1_13' title="bbox 482 1591 2142 1679; baseline 0.001 -23"><span class='ocrx_word' id='word_1_132' title='bbox 482 1595 568 1657; x_wconf 80' lang='lat' dir='ltr'><strong>celsa</strong></span> <span class='ocrx_word' id='word_1_133' title='bbox 594 1594 838 1659; x_wconf 69' lang='lat' dir='ltr'><strong>cronscendcrit.</strong></span> <span class='ocrx_word' id='word_1_134' title='bbox 863 1615 960 1679; x_wconf 87' lang='lat' dir='ltr'><strong>quem</strong></span> <span class='ocrx_word' id='word_1_135' title='bbox 983 1593 1104 1679; x_wconf 89' lang='lat' dir='ltr'><strong>liquido</strong></span> <span class='ocrx_word' id='word_1_136' title='bbox 1127 1594 1331 1658; x_wconf 89' lang='lat' dir='ltr'><strong>declaratum</strong></span> <span class='ocrx_word' id='word_1_137' title='bbox 1354 1604 1405 1658; x_wconf 89' lang='lat' dir='ltr'><strong>est</strong></span> <span class='ocrx_word' id='word_1_138' title='bbox 1427 1595 1574 1679; x_wconf 89' lang='lat' dir='ltr'><strong>optinere</strong></span> <span class='ocrx_word' id='word_1_139' title='bbox 1597 1591 1770 1655; x_wconf 74' lang='lat' dir='ltr'><strong>sublimia?</strong></span> <span class='ocrx_word' id='word_1_140' title='bbox 1798 1591 1892 1655; x_wconf 91' lang='lat' dir='ltr'><strong>scivit</strong></span> <span class='ocrx_word' id='word_1_141' title='bbox 1920 1591 1975 1656; x_wconf 91' lang='lat' dir='ltr'><strong>ille</strong></span> <span class='ocrx_word' id='word_1_142' title='bbox 2006 1594 2054 1657; x_wconf 89' lang='lat' dir='ltr'><strong>sic</strong></span> <span class='ocrx_word' id='word_1_143' title='bbox 2078 1614 2142 1679; x_wconf 87' lang='lat' dir='ltr'><strong>per</strong></span> 
     </span>
     <span class='ocr_line' id='line_1_14' title="bbox 483 1696 2139 1782; baseline 0.002 -23"><span class='ocrx_word' id='word_1_144' title='bbox 483 1698 613 1762; x_wconf 87' lang='lat' dir='ltr'><strong>labores</strong></span> <span class='ocrx_word' id='word_1_145' title='bbox 638 1699 744 1761; x_wconf 85' lang='lat' dir='ltr'><strong>varios</strong></span> <span class='ocrx_word' id='word_1_146' title='bbox 772 1698 1016 1782; x_wconf 87' lang='lat' dir='ltr'><strong>disciplinarum</strong></span> <span class='ocrx_word' id='word_1_147' title='bbox 1046 1700 1235 1763; x_wconf 87' lang='lat' dir='ltr'><strong>liniamenta</strong></span> <span class='ocrx_word' id='word_1_148' title='bbox 1265 1699 1399 1763; x_wconf 88' lang='lat' dir='ltr'><strong>sectari.</strong></span> <span class='ocrx_word' id='word_1_149' title='bbox 1428 1710 1464 1761; x_wconf 92' lang='lat' dir='ltr'><strong>ut</strong></span> <span class='ocrx_word' id='word_1_150' title='bbox 1491 1718 1668 1782; x_wconf 90' lang='lat' dir='ltr'><strong>numquam</strong></span> <span class='ocrx_word' id='word_1_151' title='bbox 1697 1696 1884 1761; x_wconf 85' lang='lat' dir='ltr'><strong>adsumeret</strong></span> <span class='ocrx_word' id='word_1_152' title='bbox 1909 1696 2139 1781; x_wconf 79' lang='lat' dir='ltr'><strong>adrogantiam</strong></span> 
     </span>
     <span class='ocr_line' id='line_1_15' title="bbox 481 1798 2139 1887; baseline 0.001 -24"><span class='ocrx_word' id='word_1_153' title='bbox 481 1800 522 1863; x_wconf 90' lang='lat' dir='ltr'><strong>de</strong></span> <span class='ocrx_word' id='word_1_154' title='bbox 547 1802 675 1865; x_wconf 87' lang='lat' dir='ltr'><strong>labore:</strong></span> <span class='ocrx_word' id='word_1_155' title='bbox 707 1816 740 1863; x_wconf 90' lang='lat' dir='ltr'><strong>ct</strong></span> <span class='ocrx_word' id='word_1_156' title='bbox 772 1822 845 1864; x_wconf 92' lang='lat' dir='ltr'><strong>cum</strong></span> <span class='ocrx_word' id='word_1_157' title='bbox 874 1802 980 1864; x_wconf 89' lang='lat' dir='ltr'><strong>omnia</strong></span> <span class='ocrx_word' id='word_1_158' title='bbox 1012 1812 1124 1865; x_wconf 86' lang='lat' dir='ltr'><strong>essent</strong></span> <span class='ocrx_word' id='word_1_159' title='bbox 1147 1801 1246 1887; x_wconf 91' lang='lat' dir='ltr'><strong>digna</strong></span> <span class='ocrx_word' id='word_1_160' title='bbox 1269 1804 1455 1887; x_wconf 87' lang='lat' dir='ltr'><strong>praeconiis</strong></span> <span class='ocrx_word' id='word_1_161' title='bbox 1479 1822 1563 1885; x_wconf 90' lang='lat' dir='ltr'><strong>quae</strong></span> <span class='ocrx_word' id='word_1_162' title='bbox 1587 1799 1740 1886; x_wconf 77' lang='lat' dir='ltr'><strong>gerebat,</strong></span> <span class='ocrx_word' id='word_1_163' title='bbox 1771 1798 1974 1885; x_wconf 84' lang='lat' dir='ltr'><strong>dispendium</strong></span> <span class='ocrx_word' id='word_1_164' title='bbox 2008 1802 2139 1866; x_wconf 86' lang='lat' dir='ltr'><strong>virtutis</strong></span> 
     </span>
     <span class='ocr_line' id='line_1_16' title="bbox 429 1903 2138 1993; baseline 0.002 -27"><span class='ocrx_word' id='word_1_165' title='bbox 429 1904 624 1968; x_wconf 68' lang='lat' dir='ltr'><strong>accredidit</strong></span> <span class='ocrx_word' id='word_1_166' title='bbox 646 1906 746 1967; x_wconf 83' lang='lat' dir='ltr'><strong>luisse</strong></span> <span class='ocrx_word' id='word_1_167' title='bbox 770 1903 948 1968; x_wconf 91' lang='lat' dir='ltr'><strong>laudatum.</strong></span> <span class='ocrx_word' id='word_1_168' title='bbox 994 1907 1040 1969; x_wconf 89' lang='lat' dir='ltr'><strong>sic</strong></span> <span class='ocrx_word' id='word_1_169' title='bbox 1063 1914 1166 1970; x_wconf 90' lang='lat' dir='ltr'><strong>totum</strong></span> <span class='ocrx_word' id='word_1_170' title='bbox 1198 1906 1239 1972; x_wconf 90' lang='lat' dir='ltr'><strong>de</strong></span> <span class='ocrx_word' id='word_1_171' title='bbox 1264 1908 1335 1971; x_wconf 89' lang='lat' dir='ltr'><strong>cius</strong></span> <span class='ocrx_word' id='word_1_172' title='bbox 1364 1908 1494 1971; x_wconf 88' lang='lat' dir='ltr'><strong>actibus</strong></span> <span class='ocrx_word' id='word_1_173' title='bbox 1523 1906 1684 1993; x_wconf 89' lang='lat' dir='ltr'><strong>opinionis</strong></span> <span class='ocrx_word' id='word_1_174' title='bbox 1710 1905 1783 1969; x_wconf 89' lang='lat' dir='ltr'><strong>luce</strong></span> <span class='ocrx_word' id='word_1_175' title='bbox 1808 1904 1970 1983; x_wconf 81' lang='lat' dir='ltr'><strong>radiabat,</strong></span> <span class='ocrx_word' id='word_1_176' title='bbox 1996 1915 2033 1969; x_wconf 94' lang='lat' dir='ltr'><strong>ut</strong></span> <span class='ocrx_word' id='word_1_177' title='bbox 2055 1906 2138 1971; x_wconf 88' lang='lat' dir='ltr'><strong>nihil</strong></span> 
     </span>
     <span class='ocr_line' id='line_1_17' title="bbox 482 2008 2139 2094; baseline 0.002 -24"><span class='ocrx_word' id='word_1_178' title='bbox 482 2008 698 2093; x_wconf 85' lang='lat' dir='ltr'><strong>praeberetur</strong></span> <span class='ocrx_word' id='word_1_179' title='bbox 728 2010 883 2073; x_wconf 92' lang='lat' dir='ltr'><strong>ostentui.</strong></span> <span class='ocrx_word' id='word_1_180' title='bbox 930 2010 1154 2092; x_wconf 88' lang='lat' dir='ltr'><strong>praeminebat</strong></span> <span class='ocrx_word' id='word_1_181' title='bbox 1183 2032 1325 2075; x_wconf 90' lang='lat' dir='ltr'><strong>censura</strong></span> <span class='ocrx_word' id='word_1_182' title='bbox 1354 2011 1472 2074; x_wconf 86' lang='lat' dir='ltr'><strong>mentis</strong></span> <span class='ocrx_word' id='word_1_183' title='bbox 1501 2012 1535 2073; x_wconf 89' lang='lat' dir='ltr'><strong>in</strong></span> <span class='ocrx_word' id='word_1_184' title='bbox 1567 2029 1703 2093; x_wconf 90' lang='lat' dir='ltr'><strong>corpore</strong></span> <span class='ocrx_word' id='word_1_185' title='bbox 1732 2016 1766 2072; x_wconf 89' lang='lat' dir='ltr'><strong>et</strong></span> <span class='ocrx_word' id='word_1_186' title='bbox 1794 2009 2006 2074; x_wconf 87' lang='lat' dir='ltr'><strong>iracundiam.</strong></span> <span class='ocrx_word' id='word_1_187' title='bbox 2038 2030 2139 2094; x_wconf 92' lang='lat' dir='ltr'><strong>quam</strong></span> 
     </span>
     <span class='ocr_line' id='line_1_18' title="bbox 482 2108 2139 2197; baseline 0.004 -28"><span class='ocrx_word' id='word_1_188' title='bbox 482 2126 593 2174; x_wconf 81' lang='lat' dir='ltr'><strong>contra</strong></span> <span class='ocrx_word' id='word_1_189' title='bbox 617 2112 732 2197; x_wconf 89' lang='lat' dir='ltr'><strong>culpas</strong></span> <span class='ocrx_word' id='word_1_190' title='bbox 755 2112 864 2174; x_wconf 88' lang='lat' dir='ltr'><strong>anima</strong></span> <span class='ocrx_word' id='word_1_191' title='bbox 888 2112 959 2176; x_wconf 89' lang='lat' dir='ltr'><strong>cius</strong></span> <span class='ocrx_word' id='word_1_192' title='bbox 976 2122 1176 2197; x_wconf 85' lang='lat' dir='ltr'><strong>susceperat.</strong></span> <span class='ocrx_word' id='word_1_193' title='bbox 1200 2114 1303 2177; x_wconf 81' lang='lat' dir='ltr'><strong>facies</strong></span> <span class='ocrx_word' id='word_1_194' title='bbox 1319 2112 1464 2177; x_wconf 80' lang='lat' dir='ltr'><strong>infucata</strong></span> <span class='ocrx_word' id='word_1_195' title='bbox 1480 2111 1648 2197; x_wconf 87' lang='lat' dir='ltr'><strong>pingebat.</strong></span> <span class='ocrx_word' id='word_1_196' title='bbox 1686 2108 1819 2173; x_wconf 87' lang='lat' dir='ltr'><strong>videres</strong></span> <span class='ocrx_word' id='word_1_197' title='bbox 1842 2110 1998 2175; x_wconf 88' lang='lat' dir='ltr'><strong>adversus</strong></span> <span class='ocrx_word' id='word_1_198' title='bbox 2013 2110 2139 2195; x_wconf 86' lang='lat' dir='ltr'><strong>flagitia</strong></span> 
     </span>
     <span class='ocr_line' id='line_1_19' title="bbox 483 2212 2138 2280; baseline 0.001 -3"><span class='ocrx_word' id='word_1_199' title='bbox 483 2216 646 2279; x_wconf 88' lang='lat' dir='ltr'><strong>mundana</strong></span> <span class='ocrx_word' id='word_1_200' title='bbox 669 2228 779 2277; x_wconf 87' lang='lat' dir='ltr'><strong>torvos</strong></span> <span class='ocrx_word' id='word_1_201' title='bbox 802 2215 916 2277; x_wconf 90' lang='lat' dir='ltr'><strong>oeulos</strong></span> <span class='ocrx_word' id='word_1_202' title='bbox 940 2226 974 2277; x_wconf 93' lang='lat' dir='ltr'><strong>ct</strong></span> <span class='ocrx_word' id='word_1_203' title='bbox 989 2214 1151 2279; x_wconf 83' lang='lat' dir='ltr'><strong>indelessa</strong></span> <span class='ocrx_word' id='word_1_204' title='bbox 1177 2226 1291 2279; x_wconf 88' lang='lat' dir='ltr'><strong>contra</strong></span> <span class='ocrx_word' id='word_1_205' title='bbox 1314 2216 1436 2280; x_wconf 87' lang='lat' dir='ltr'><strong>saeculi</strong></span> <span class='ocrx_word' id='word_1_206' title='bbox 1453 2214 1630 2279; x_wconf 89' lang='lat' dir='ltr'><strong>blanditias</strong></span> <span class='ocrx_word' id='word_1_207' title='bbox 1642 2212 1763 2277; x_wconf 79' lang='lat' dir='ltr'><strong>Christi</strong></span> <span class='ocrx_word' id='word_1_208' title='bbox 1787 2214 1924 2277; x_wconf 89' lang='lat' dir='ltr'><strong>militem</strong></span> <span class='ocrx_word' id='word_1_209' title='bbox 1946 2213 2034 2278; x_wconf 90' lang='lat' dir='ltr'><strong>bella</strong></span> <span class='ocrx_word' id='word_1_210' title='bbox 2048 2222 2138 2278; x_wconf 91' lang='lat' dir='ltr'><strong>trac-</strong></span> 
     </span>
     <span class='ocr_line' id='line_1_20' title="bbox 482 2314 2141 2402; baseline 0.002 -23"><span class='ocrx_word' id='word_1_211' title='bbox 482 2330 564 2382; x_wconf 89' lang='lat' dir='ltr'><strong>tare.</strong></span> <span class='ocrx_word' id='word_1_212' title='bbox 608 2316 738 2401; x_wconf 89' lang='lat' dir='ltr'><strong>quando</strong></span> <span class='ocrx_word' id='word_1_213' title='bbox 768 2318 822 2380; x_wconf 87' lang='lat' dir='ltr'><strong>illa</strong></span> <span class='ocrx_word' id='word_1_214' title='bbox 854 2319 961 2401; x_wconf 86' lang='lat' dir='ltr'><strong>imago</strong></span> <span class='ocrx_word' id='word_1_215' title='bbox 985 2325 1107 2381; x_wconf 90' lang='lat' dir='ltr'><strong>statum</strong></span> <span class='ocrx_word' id='word_1_216' title='bbox 1136 2339 1231 2381; x_wconf 89' lang='lat' dir='ltr'><strong>auum</strong></span> <span class='ocrx_word' id='word_1_217' title='bbox 1256 2319 1392 2383; x_wconf 86' lang='lat' dir='ltr'><strong>resolvit</strong></span> <span class='ocrx_word' id='word_1_218' title='bbox 1424 2319 1456 2381; x_wconf 91' lang='lat' dir='ltr'><strong>in</strong></span> <span class='ocrx_word' id='word_1_219' title='bbox 1487 2318 1587 2380; x_wconf 90' lang='lat' dir='ltr'><strong>risum</strong></span> <span class='ocrx_word' id='word_1_220' title='bbox 1610 2324 1645 2380; x_wconf 91' lang='lat' dir='ltr'><strong>et</strong></span> <span class='ocrx_word' id='word_1_221' title='bbox 1673 2316 1715 2380; x_wconf 92' lang='lat' dir='ltr'><strong>ab</strong></span> <span class='ocrx_word' id='word_1_222' title='bbox 1738 2314 1861 2380; x_wconf 90' lang='lat' dir='ltr'><strong>ordinis</strong></span> <span class='ocrx_word' id='word_1_223' title='bbox 1882 2317 2003 2402; x_wconf 90' lang='lat' dir='ltr'><strong>proprii</strong></span> <span class='ocrx_word' id='word_1_224' title='bbox 2027 2318 2141 2401; x_wconf 86' lang='lat' dir='ltr'><strong>rigore</strong></span> 
     </span>
     <span class='ocr_line' id='line_1_21' title="bbox 482 2419 2226 2491; baseline -0.005 -7"><span class='ocrx_word' id='word_1_225' title='bbox 482 2421 629 2484; x_wconf 89' lang='lat' dir='ltr'><strong>laetitiae</strong></span> <span class='ocrx_word' id='word_1_226' title='bbox 652 2420 824 2484; x_wconf 84' lang='lat' dir='ltr'><strong>debilitate</strong></span> <span class='ocrx_word' id='word_1_227' title='bbox 849 2419 1015 2483; x_wconf 87' lang='lat' dir='ltr'><strong>confracta</strong></span> <span class='ocrx_word' id='word_1_228' title='bbox 1040 2428 1109 2484; x_wconf 77' lang='lat' dir='ltr'><strong>est?</strong></span> <span class='ocrx_word' id='word_1_229' title='bbox 2197 2456 2226 2491; x_wconf 59' lang='grc' dir='ltr'><strong>,υ</strong></span> 
     </span>
    </p>

    <p class='ocr_par' dir='ltr' id='par_1_3' title="bbox 430 2522 2236 3024">
     <span class='ocr_line' id='line_1_22' title="bbox 430 2522 2140 2609; baseline 0.001 -21"><span class='ocrx_word' id='word_1_230' title='bbox 430 2529 470 2588; x_wconf 76' lang='grc'><strong>’25</strong></span> <span class='ocrx_word' id='word_1_231' title='bbox 591 2524 723 2588; x_wconf 86' lang='lat' dir='ltr'><strong>Interea</strong></span> <span class='ocrx_word' id='word_1_232' title='bbox 745 2524 822 2587; x_wconf 92' lang='lat' dir='ltr'><strong>dum</strong></span> <span class='ocrx_word' id='word_1_233' title='bbox 846 2525 936 2587; x_wconf 83' lang='lat' dir='ltr'><strong>velut</strong></span> <span class='ocrx_word' id='word_1_234' title='bbox 960 2524 1167 2607; x_wconf 88' lang='lat' dir='ltr'><strong>obsignatum</strong></span> <span class='ocrx_word' id='word_1_235' title='bbox 1192 2525 1342 2589; x_wconf 89' lang='lat' dir='ltr'><strong>monachi</strong></span> <span class='ocrx_word' id='word_1_236' title='bbox 1367 2525 1400 2586; x_wconf 92' lang='lat' dir='ltr'><strong>in</strong></span> <span class='ocrx_word' id='word_1_237' title='bbox 1424 2523 1585 2586; x_wconf 89' lang='lat' dir='ltr'><strong>universis</strong></span> <span class='ocrx_word' id='word_1_238' title='bbox 1608 2523 1722 2609; x_wconf 91' lang='lat' dir='ltr'><strong>implet</strong></span> <span class='ocrx_word' id='word_1_239' title='bbox 1744 2523 1898 2595; x_wconf 77' lang='lat' dir='ltr'><strong>officium,</strong></span> <span class='ocrx_word' id='word_1_240' title='bbox 1922 2522 1972 2586; x_wconf 91' lang='lat' dir='ltr'><strong>vir</strong></span> <span class='ocrx_word' id='word_1_241' title='bbox 1993 2523 2140 2607; x_wconf 86' lang='lat' dir='ltr'><strong>quidam,</strong></span> 
     </span>
     <span class='ocr_line' id='line_1_23' title="bbox 482 2626 2236 2713; baseline 0.005 -26"><span class='ocrx_word' id='word_1_242' title='bbox 482 2650 579 2712; x_wconf 87' lang='lat' dir='ltr'><strong>quem</strong></span> <span class='ocrx_word' id='word_1_243' title='bbox 603 2648 744 2713; x_wconf 86' lang='lat' dir='ltr'><strong>sponsae</strong></span> <span class='ocrx_word' id='word_1_244' title='bbox 767 2647 847 2690; x_wconf 90' lang='lat' dir='ltr'><strong>suae</strong></span> <span class='ocrx_word' id='word_1_245' title='bbox 871 2647 962 2690; x_wconf 89' lang='lat' dir='ltr'><strong>arnor</strong></span> <span class='ocrx_word' id='word_1_246' title='bbox 985 2627 1018 2689; x_wconf 94' lang='lat' dir='ltr'><strong>in</strong></span> <span class='ocrx_word' id='word_1_247' title='bbox 1042 2626 1168 2691; x_wconf 85' lang='lat' dir='ltr'><strong>lacinus</strong></span> <span class='ocrx_word' id='word_1_248' title='bbox 1194 2629 1359 2712; x_wconf 89' lang='lat' dir='ltr'><strong>inpulerat</strong></span> <span class='ocrx_word' id='word_1_249' title='bbox 1391 2636 1425 2691; x_wconf 92' lang='lat' dir='ltr'><strong>et</strong></span> <span class='ocrx_word' id='word_1_250' title='bbox 1452 2626 1493 2690; x_wconf 92' lang='lat' dir='ltr'><strong>ad</strong></span> <span class='ocrx_word' id='word_1_251' title='bbox 1518 2627 1710 2691; x_wconf 82' lang='lat' dir='ltr'><strong>effusionem</strong></span> <span class='ocrx_word' id='word_1_252' title='bbox 1742 2626 1874 2691; x_wconf 90' lang='lat' dir='ltr'><strong>humani</strong></span> <span class='ocrx_word' id='word_1_253' title='bbox 1897 2626 2064 2711; x_wconf 90' lang='lat' dir='ltr'><strong>sanguinis</strong></span> <span class='ocrx_word' id='word_1_254' title='bbox 2087 2626 2140 2691; x_wconf 82' lang='lat' dir='ltr'><strong>al·</strong></span> <span class='ocrx_word' id='word_1_255' title='bbox 2154 2664 2178 2706; x_wconf 69' lang='lat' dir='ltr'><strong>p.</strong></span> <span class='ocrx_word' id='word_1_256' title='bbox 2193 2658 2236 2699; x_wconf 74' lang='lat' dir='ltr'><strong>aa</strong></span> 
     </span>
     <span class='ocr_line' id='line_1_24' title="bbox 482 2730 2141 2816; baseline 0.001 -22"><span class='ocrx_word' id='word_1_257' title='bbox 482 2733 570 2795; x_wconf 85' lang='lat' dir='ltr'><strong>fectu</strong></span> <span class='ocrx_word' id='word_1_258' title='bbox 595 2743 629 2796; x_wconf 90' lang='lat' dir='ltr'><strong>ct</strong></span> <span class='ocrx_word' id='word_1_259' title='bbox 652 2731 876 2816; x_wconf 84' lang='lat' dir='ltr'><strong>indignatione</strong></span> <span class='ocrx_word' id='word_1_260' title='bbox 893 2736 1096 2815; x_wconf 87' lang='lat' dir='ltr'><strong>provocarat.</strong></span> <span class='ocrx_word' id='word_1_261' title='bbox 1120 2730 1197 2794; x_wconf 91' lang='lat' dir='ltr'><strong>dum</strong></span> <span class='ocrx_word' id='word_1_262' title='bbox 1214 2732 1447 2794; x_wconf 88' lang='lat' dir='ltr'><strong>conscientiam</strong></span> <span class='ocrx_word' id='word_1_263' title='bbox 1471 2752 1506 2795; x_wconf 89' lang='lat' dir='ltr'><strong>se</strong></span> <span class='ocrx_word' id='word_1_264' title='bbox 1525 2730 1629 2794; x_wconf 88' lang='lat' dir='ltr'><strong>credit</strong></span> <span class='ocrx_word' id='word_1_265' title='bbox 1652 2731 1765 2815; x_wconf 88' lang='lat' dir='ltr'><strong>lugere</strong></span> <span class='ocrx_word' id='word_1_266' title='bbox 1780 2731 1960 2795; x_wconf 88' lang='lat' dir='ltr'><strong>mutatione</strong></span> <span class='ocrx_word' id='word_1_267' title='bbox 1975 2739 2141 2795; x_wconf 89' lang='lat' dir='ltr'><strong>terrarum</strong></span> 
     </span>
     <span class='ocr_line' id='line_1_25' title="bbox 483 2833 2141 2922; baseline 0 -23"><span class='ocrx_word' id='word_1_268' title='bbox 483 2844 515 2899; x_wconf 90' lang='lat' dir='ltr'><strong>ct</strong></span> <span class='ocrx_word' id='word_1_269' title='bbox 540 2838 572 2899; x_wconf 96' lang='lat' dir='ltr'><strong>in</strong></span> <span class='ocrx_word' id='word_1_270' title='bbox 596 2837 668 2899; x_wconf 90' lang='lat' dir='ltr'><strong>aliis</strong></span> <span class='ocrx_word' id='word_1_271' title='bbox 691 2836 878 2922; x_wconf 86' lang='lat' dir='ltr'><strong>provinciae</strong></span> <span class='ocrx_word' id='word_1_272' title='bbox 901 2834 1049 2918; x_wconf 90' lang='lat' dir='ltr'><strong>partibus</strong></span> <span class='ocrx_word' id='word_1_273' title='bbox 1067 2836 1284 2899; x_wconf 88' lang='lat' dir='ltr'><strong>innocentiam</strong></span> <span class='ocrx_word' id='word_1_274' title='bbox 1302 2836 1449 2920; x_wconf 88' lang='lat' dir='ltr'><strong>reperiri.</strong></span> <span class='ocrx_word' id='word_1_275' title='bbox 1473 2855 1569 2919; x_wconf 88' lang='lat' dir='ltr'><strong>quam</strong></span> <span class='ocrx_word' id='word_1_276' title='bbox 1593 2834 1701 2898; x_wconf 87' lang='lat' dir='ltr'><strong>lurore</strong></span> <span class='ocrx_word' id='word_1_277' title='bbox 1724 2834 1807 2898; x_wconf 91' lang='lat' dir='ltr'><strong>duce</strong></span> <span class='ocrx_word' id='word_1_278' title='bbox 1823 2833 2020 2919; x_wconf 87' lang='lat' dir='ltr'><strong>perdiderat.</strong></span> <span class='ocrx_word' id='word_1_279' title='bbox 2045 2834 2141 2899; x_wconf 88' lang='lat' dir='ltr'><strong>vela·</strong></span> 
     </span>
     <span class='ocr_line' id='line_1_26' title="bbox 482 2937 2226 3024; baseline 0 -22"><span class='ocrx_word' id='word_1_280' title='bbox 482 2948 550 3002; x_wconf 91' lang='lat' dir='ltr'><strong>tum</strong></span> <span class='ocrx_word' id='word_1_281' title='bbox 575 2941 783 3024; x_wconf 86' lang='lat' dir='ltr'><strong>simplicitate</strong></span> <span class='ocrx_word' id='word_1_282' title='bbox 806 2937 848 3000; x_wconf 89' lang='lat' dir='ltr'><strong>ad</strong></span> <span class='ocrx_word' id='word_1_283' title='bbox 873 2945 1002 3001; x_wconf 81' lang='lat' dir='ltr'><strong>secreta</strong></span> <span class='ocrx_word' id='word_1_284' title='bbox 1025 2938 1149 3001; x_wconf 87' lang='lat' dir='ltr'><strong>hererni</strong></span> <span class='ocrx_word' id='word_1_285' title='bbox 1173 2939 1316 3023; x_wconf 89' lang='lat' dir='ltr'><strong>portavit</strong></span> <span class='ocrx_word' id='word_1_286' title='bbox 1333 2938 1542 3009; x_wconf 76' lang='lat' dir='ltr'><strong>homicidam.</strong></span> <span class='ocrx_word' id='word_1_287' title='bbox 1565 2946 1685 3022; x_wconf 90' lang='lat' dir='ltr'><strong>putans</strong></span> <span class='ocrx_word' id='word_1_288' title='bbox 1708 2939 1740 3001; x_wconf 91' lang='lat' dir='ltr'><strong>in</strong></span> <span class='ocrx_word' id='word_1_289' title='bbox 1764 2937 1817 3002; x_wconf 92' lang='lat' dir='ltr'><strong>dei</strong></span> <span class='ocrx_word' id='word_1_290' title='bbox 1839 2938 1998 3022; x_wconf 87' lang='lat' dir='ltr'><strong>obsequio</strong></span> <span class='ocrx_word' id='word_1_291' title='bbox 2013 2938 2140 3002; x_wconf 87' lang='lat' dir='ltr'><strong>consti·</strong></span> <span class='ocrx_word' id='word_1_292' title='bbox 2199 2972 2226 3009; x_wconf 80' lang='lat'><strong>·.·.·‚</strong></span> 
     </span>
    </p>

    <p class='ocr_par' dir='ltr' id='par_1_4' title="bbox 430 3041 2142 3437">
     <span class='ocr_line' id='line_1_27' title="bbox 430 3041 2142 3128; baseline -0.003 -17"><span class='ocrx_word' id='word_1_293' title='bbox 430 3046 561 3112; x_wconf 73' lang='lat' dir='ltr'><strong>lbtutis</strong></span> <span class='ocrx_word' id='word_1_294' title='bbox 585 3044 626 3107; x_wconf 87' lang='lat' dir='ltr'><strong>de</strong></span> <span class='ocrx_word' id='word_1_295' title='bbox 650 3043 776 3107; x_wconf 89' lang='lat' dir='ltr'><strong>actibus</strong></span> <span class='ocrx_word' id='word_1_296' title='bbox 801 3044 868 3106; x_wconf 88' lang='lat' dir='ltr'><strong>suis</strong></span> <span class='ocrx_word' id='word_1_297' title='bbox 890 3049 1023 3126; x_wconf 88' lang='lat' dir='ltr'><strong>praeter</strong></span> <span class='ocrx_word' id='word_1_298' title='bbox 1046 3043 1190 3128; x_wconf 81' lang='lat' dir='ltr'><strong>effigiem</strong></span> <span class='ocrx_word' id='word_1_299' title='bbox 1214 3044 1259 3106; x_wconf 94' lang='lat' dir='ltr'><strong>nil</strong></span> <span class='ocrx_word' id='word_1_300' title='bbox 1284 3050 1411 3128; x_wconf 88' lang='lat' dir='ltr'><strong>patere.</strong></span> <span class='ocrx_word' id='word_1_301' title='bbox 1458 3042 1573 3105; x_wconf 88' lang='lat' dir='ltr'><strong>artifici</strong></span> <span class='ocrx_word' id='word_1_302' title='bbox 1597 3042 1752 3105; x_wconf 90' lang='lat' dir='ltr'><strong>humilem</strong></span> <span class='ocrx_word' id='word_1_303' title='bbox 1775 3041 1940 3105; x_wconf 90' lang='lat' dir='ltr'><strong>simulavit</strong></span> <span class='ocrx_word' id='word_1_304' title='bbox 1962 3048 2079 3125; x_wconf 90' lang='lat' dir='ltr'><strong>optutu</strong></span> <span class='ocrx_word' id='word_1_305' title='bbox 2105 3048 2142 3106; x_wconf 89' lang='lat' dir='ltr'><strong>et</strong></span> 
     </span>
     <span class='ocr_line' id='line_1_28' title="bbox 482 3143 2142 3231; baseline -0.002 -20"><span class='ocrx_word' id='word_1_306' title='bbox 482 3168 539 3231; x_wconf 84' lang='lat' dir='ltr'><strong>per</strong></span> <span class='ocrx_word' id='word_1_307' title='bbox 562 3147 664 3211; x_wconf 91' lang='lat' dir='ltr'><strong>dolosi</strong></span> <span class='ocrx_word' id='word_1_308' title='bbox 683 3153 866 3210; x_wconf 89' lang='lat' dir='ltr'><strong>commenta</strong></span> <span class='ocrx_word' id='word_1_309' title='bbox 885 3146 1011 3210; x_wconf 86' lang='lat' dir='ltr'><strong>consilii</strong></span> <span class='ocrx_word' id='word_1_310' title='bbox 1029 3145 1186 3211; x_wconf 86' lang='lat' dir='ltr'><strong>fabricata</strong></span> <span class='ocrx_word' id='word_1_311' title='bbox 1203 3145 1406 3209; x_wconf 84' lang='lat' dir='ltr'><strong>subiectione</strong></span> <span class='ocrx_word' id='word_1_312' title='bbox 1424 3147 1612 3230; x_wconf 74' lang='lat' dir='ltr'><strong>corapositus</strong></span> <span class='ocrx_word' id='word_1_313' title='bbox 1630 3145 1831 3209; x_wconf 86' lang='lat' dir='ltr'><strong>cautioribus</strong></span> <span class='ocrx_word' id='word_1_314' title='bbox 1847 3145 2006 3209; x_wconf 87' lang='lat' dir='ltr'><strong>scelerum</strong></span> <span class='ocrx_word' id='word_1_315' title='bbox 2021 3143 2142 3209; x_wconf 86' lang='lat' dir='ltr'><strong>sordes</strong></span> 
     </span>
     <span class='ocr_line' id='line_1_29' title="bbox 480 3246 2139 3334; baseline -0.001 -22"><span class='ocrx_word' id='word_1_316' title='bbox 480 3251 563 3313; x_wconf 83' lang='lat' dir='ltr'><strong>texit</strong></span> <span class='ocrx_word' id='word_1_317' title='bbox 587 3252 775 3315; x_wconf 87' lang='lat' dir='ltr'><strong>obstaculis.</strong></span> <span class='ocrx_word' id='word_1_318' title='bbox 819 3250 954 3313; x_wconf 84' lang='lat' dir='ltr'><strong>difficile</strong></span> <span class='ocrx_word' id='word_1_319' title='bbox 979 3258 1030 3313; x_wconf 90' lang='lat' dir='ltr'><strong>cst</strong></span> <span class='ocrx_word' id='word_1_320' title='bbox 1058 3259 1189 3334; x_wconf 89' lang='lat' dir='ltr'><strong>praeter</strong></span> <span class='ocrx_word' id='word_1_321' title='bbox 1212 3248 1309 3312; x_wconf 92' lang='lat' dir='ltr'><strong>deum</strong></span> <span class='ocrx_word' id='word_1_322' title='bbox 1334 3248 1601 3333; x_wconf 88' lang='lat' dir='ltr'><strong>deprehendere.</strong></span> <span class='ocrx_word' id='word_1_323' title='bbox 1632 3248 1782 3334; x_wconf 90' lang='lat' dir='ltr'><strong>quicquid</strong></span> <span class='ocrx_word' id='word_1_324' title='bbox 1813 3246 2014 3332; x_wconf 87' lang='lat' dir='ltr'><strong>obsequendi</strong></span> <span class='ocrx_word' id='word_1_325' title='bbox 2038 3267 2139 3331; x_wconf 89' lang='lat' dir='ltr'><strong>argu-</strong></span> 
     </span>
     <span class='ocr_line' id='line_1_30' title="bbox 481 3352 2141 3437; baseline -0.001 -20"><span class='ocrx_word' id='word_1_326' title='bbox 481 3355 600 3417; x_wconf 82' lang='lat' dir='ltr'><strong>mentis</strong></span> <span class='ocrx_word' id='word_1_327' title='bbox 624 3355 809 3418; x_wconf 88' lang='lat' dir='ltr'><strong>involvitur.</strong></span> <span class='ocrx_word' id='word_1_328' title='bbox 855 3353 990 3437; x_wconf 89' lang='lat' dir='ltr'><strong>provide</strong></span> <span class='ocrx_word' id='word_1_329' title='bbox 1014 3353 1173 3437; x_wconf 88' lang='lat' dir='ltr'><strong>flagitium</strong></span> <span class='ocrx_word' id='word_1_330' title='bbox 1197 3353 1283 3415; x_wconf 90' lang='lat' dir='ltr'><strong>celat</strong></span> <span class='ocrx_word' id='word_1_331' title='bbox 1305 3352 1456 3415; x_wconf 87' lang='lat' dir='ltr'><strong>abiectio.</strong></span> <span class='ocrx_word' id='word_1_332' title='bbox 1501 3372 1574 3413; x_wconf 88' lang='lat' dir='ltr'><strong>raro</strong></span> <span class='ocrx_word' id='word_1_333' title='bbox 1598 3352 1629 3414; x_wconf 93' lang='lat' dir='ltr'><strong>in</strong></span> <span class='ocrx_word' id='word_1_334' title='bbox 1657 3353 1764 3415; x_wconf 91' lang='lat' dir='ltr'><strong>lucem</strong></span> <span class='ocrx_word' id='word_1_335' title='bbox 1788 3358 1962 3437; x_wconf 91' lang='lat' dir='ltr'><strong>erumpunt</strong></span> <span class='ocrx_word' id='word_1_336' title='bbox 1989 3352 2141 3431; x_wconf 76' lang='lat' dir='ltr'><strong>crimina,</strong></span> 
     </span>
    </p>

    <p class='ocr_par' dir='ltr' id='par_1_5' title="bbox 427 3454 2229 3958">
     <span class='ocr_line' id='line_1_31' title="bbox 427 3454 2229 3543; baseline -0.002 -21"><span class='ocrx_word' id='word_1_337' title='bbox 427 3470 467 3530; x_wconf 79' lang='lat'><strong>27</strong></span> <span class='ocrx_word' id='word_1_338' title='bbox 481 3479 564 3543; x_wconf 90' lang='lat' dir='ltr'><strong>quae</strong></span> <span class='ocrx_word' id='word_1_339' title='bbox 588 3466 702 3522; x_wconf 88' lang='lat' dir='ltr'><strong>auctor</strong></span> <span class='ocrx_word' id='word_1_340' title='bbox 725 3455 973 3542; x_wconf 88' lang='lat' dir='ltr'><strong>obtemperandi</strong></span> <span class='ocrx_word' id='word_1_341' title='bbox 997 3457 1108 3521; x_wconf 89' lang='lat' dir='ltr'><strong>scierit</strong></span> <span class='ocrx_word' id='word_1_342' title='bbox 1130 3455 1203 3520; x_wconf 87' lang='lat' dir='ltr'><strong>luco</strong></span> <span class='ocrx_word' id='word_1_343' title='bbox 1226 3456 1378 3540; x_wconf 86' lang='lat' dir='ltr'><strong>sepelire.</strong></span> <span class='ocrx_word' id='word_1_344' title='bbox 1424 3455 1574 3540; x_wconf 88' lang='lat' dir='ltr'><strong>protinus</strong></span> <span class='ocrx_word' id='word_1_345' title='bbox 1597 3464 1705 3520; x_wconf 89' lang='lat' dir='ltr'><strong>tamen</strong></span> <span class='ocrx_word' id='word_1_346' title='bbox 1728 3454 1833 3519; x_wconf 87' lang='lat' dir='ltr'><strong>adfuit</strong></span> <span class='ocrx_word' id='word_1_347' title='bbox 1855 3455 1910 3519; x_wconf 88' lang='lat' dir='ltr'><strong>illc</strong></span> <span class='ocrx_word' id='word_1_348' title='bbox 1932 3454 2031 3519; x_wconf 84' lang='lat' dir='ltr'><strong>index</strong></span> <span class='ocrx_word' id='word_1_349' title='bbox 2055 3476 2140 3519; x_wconf 92' lang='lat' dir='ltr'><strong>cou-</strong></span> <span class='ocrx_word' id='word_1_350' title='bbox 2198 3492 2229 3531; x_wconf 37' lang='grc' dir='ltr'><strong>ᾗ,</strong></span> 
     </span>
     <span class='ocr_line' id='line_1_32' title="bbox 481 3558 2142 3629; baseline 0.001 -5"><span class='ocrx_word' id='word_1_351' title='bbox 481 3569 592 3624; x_wconf 90' lang='lat' dir='ltr'><strong>suctus</strong></span> <span class='ocrx_word' id='word_1_352' title='bbox 616 3568 649 3625; x_wconf 91' lang='lat' dir='ltr'><strong>et.</strong></span> <span class='ocrx_word' id='word_1_353' title='bbox 673 3561 804 3624; x_wconf 89' lang='lat' dir='ltr'><strong>latentis</strong></span> <span class='ocrx_word' id='word_1_354' title='bbox 828 3566 956 3623; x_wconf 88' lang='lat' dir='ltr'><strong>secreta</strong></span> <span class='ocrx_word' id='word_1_355' title='bbox 980 3561 1202 3624; x_wconf 87' lang='lat' dir='ltr'><strong>conscientiae</strong></span> <span class='ocrx_word' id='word_1_356' title='bbox 1227 3559 1356 3623; x_wconf 88' lang='lat' dir='ltr'><strong>divinae</strong></span> <span class='ocrx_word' id='word_1_357' title='bbox 1381 3560 1469 3622; x_wconf 83' lang='lat' dir='ltr'><strong>vocis</strong></span> <span class='ocrx_word' id='word_1_358' title='bbox 1493 3560 1586 3622; x_wconf 86' lang='lat' dir='ltr'><strong>clave</strong></span> <span class='ocrx_word' id='word_1_359' title='bbox 1609 3560 1777 3629; x_wconf 83' lang='lat' dir='ltr'><strong>reseravit.</strong></span> <span class='ocrx_word' id='word_1_360' title='bbox 1802 3560 1834 3622; x_wconf 92' lang='lat' dir='ltr'><strong>in</strong></span> <span class='ocrx_word' id='word_1_361' title='bbox 1858 3558 1909 3622; x_wconf 92' lang='lat' dir='ltr'><strong>his</strong></span> <span class='ocrx_word' id='word_1_362' title='bbox 1931 3558 2142 3625; x_wconf 87' lang='lat' dir='ltr'><strong>sermonibus</strong></span> 
     </span>
     <span class='ocr_line' id='line_1_33' title="bbox 479 3660 2138 3749; baseline -0.002 -20"><span class='ocrx_word' id='word_1_363' title='bbox 479 3666 615 3729; x_wconf 89' lang='lat' dir='ltr'><strong>adorsus</strong></span> <span class='ocrx_word' id='word_1_364' title='bbox 638 3666 826 3729; x_wconf 83' lang='lat' dir='ltr'><strong>Antonium.</strong></span> <span class='ocrx_word' id='word_1_365' title='bbox 851 3662 980 3747; x_wconf 90' lang='lat' dir='ltr'><strong>quando</strong></span> <span class='ocrx_word' id='word_1_366' title='bbox 1004 3685 1078 3727; x_wconf 72' lang='lat' dir='ltr'><strong>ctum</strong></span> <span class='ocrx_word' id='word_1_367' title='bbox 1103 3666 1176 3749; x_wconf 88' lang='lat' dir='ltr'><strong>plus</strong></span> <span class='ocrx_word' id='word_1_368' title='bbox 1201 3685 1299 3748; x_wconf 91' lang='lat' dir='ltr'><strong>quam</strong></span> <span class='ocrx_word' id='word_1_369' title='bbox 1324 3664 1420 3727; x_wconf 91' lang='lat' dir='ltr'><strong>homo</strong></span> <span class='ocrx_word' id='word_1_370' title='bbox 1445 3664 1549 3747; x_wconf 90' lang='lat' dir='ltr'><strong>possit</strong></span> <span class='ocrx_word' id='word_1_371' title='bbox 1572 3662 1681 3726; x_wconf 91' lang='lat' dir='ltr'><strong>docuit</strong></span> <span class='ocrx_word' id='word_1_372' title='bbox 1703 3662 1889 3747; x_wconf 86' lang='lat' dir='ltr'><strong>agnovisse,</strong></span> <span class='ocrx_word' id='word_1_373' title='bbox 1914 3661 2004 3726; x_wconf 88' lang='lat' dir='ltr'><strong>illurn</strong></span> <span class='ocrx_word' id='word_1_374' title='bbox 2027 3660 2138 3725; x_wconf 92' lang='lat' dir='ltr'><strong>denu-</strong></span> 
     </span>
     <span class='ocr_line' id='line_1_34' title="bbox 479 3765 2142 3852; baseline 0.001 -23"><span class='ocrx_word' id='word_1_375' title='bbox 479 3767 578 3837; x_wconf 82' lang='lat' dir='ltr'><strong>dans.</strong></span> <span class='ocrx_word' id='word_1_376' title='bbox 617 3769 671 3851; x_wconf 89' lang='lat' dir='ltr'><strong>qui</strong></span> <span class='ocrx_word' id='word_1_377' title='bbox 700 3788 811 3832; x_wconf 88' lang='lat' dir='ltr'><strong>crasso</strong></span> <span class='ocrx_word' id='word_1_378' title='bbox 848 3766 1036 3830; x_wconf 89' lang='lat' dir='ltr'><strong>indumento</strong></span> <span class='ocrx_word' id='word_1_379' title='bbox 1070 3768 1228 3832; x_wconf 89' lang='lat' dir='ltr'><strong>latronem</strong></span> <span class='ocrx_word' id='word_1_380' title='bbox 1267 3769 1417 3852; x_wconf 89' lang='lat' dir='ltr'><strong>tegebat:</strong></span> <span class='ocrx_word' id='word_1_381' title='bbox 1459 3766 1570 3830; x_wconf 79' lang='lat' dir='ltr'><strong>·cavc&#39;</strong></span> <span class='ocrx_word' id='word_1_382' title='bbox 1604 3767 1755 3850; x_wconf 90' lang='lat' dir='ltr'><strong>inquiens</strong></span> <span class='ocrx_word' id='word_1_383' title='bbox 1789 3770 1846 3830; x_wconf 88' lang='lat' dir='ltr'><strong>‘ne</strong></span> <span class='ocrx_word' id='word_1_384' title='bbox 1877 3766 1958 3830; x_wconf 87' lang='lat' dir='ltr'><strong>tanti</strong></span> <span class='ocrx_word' id='word_1_385' title='bbox 1992 3765 2142 3831; x_wconf 88' lang='lat' dir='ltr'><strong>criminis</strong></span> 
     </span>
     <span class='ocr_line' id='line_1_35' title="bbox 480 3852 2139 3958; baseline 0 -25"><span class='ocrx_word' id='word_1_386' title='bbox 480 3893 569 3935; x_wconf 91' lang='lat' dir='ltr'><strong>reum</strong></span> <span class='ocrx_word' id='word_1_387' title='bbox 595 3879 707 3935; x_wconf 87' lang='lat' dir='ltr'><strong>sancto</strong></span> <span class='ocrx_word' id='word_1_388' title='bbox 732 3873 812 3935; x_wconf 90' lang='lat' dir='ltr'><strong>velis</strong></span> <span class='ocrx_word' id='word_1_389' title='bbox 836 3873 975 3935; x_wconf 86' lang='lat' dir='ltr'><strong>miscere</strong></span> <span class='ocrx_word' id='word_1_390' title='bbox 999 3872 1154 3955; x_wconf 90' lang='lat' dir='ltr'><strong>collegio.</strong></span> <span class='ocrx_word' id='word_1_391' title='bbox 1185 3895 1226 3937; x_wconf 90' lang='lat' dir='ltr'><strong>nc</strong></span> <span class='ocrx_word' id='word_1_392' title='bbox 1251 3874 1362 3958; x_wconf 89' lang='lat' dir='ltr'><strong>lupum</strong></span> <span class='ocrx_word' id='word_1_393' title='bbox 1386 3874 1518 3936; x_wconf 89' lang='lat' dir='ltr'><strong>ovibus.</strong></span> <span class='ocrx_word' id='word_1_394' title='bbox 1544 3872 1636 3956; x_wconf 91' lang='lat' dir='ltr'><strong>agnis</strong></span> <span class='ocrx_word' id='word_1_395' title='bbox 1662 3872 1805 3956; x_wconf 90' lang='lat' dir='ltr'><strong>viperam</strong></span> <span class='ocrx_word' id='word_1_396' title='bbox 1829 3869 2009 3953; x_wconf 87' lang='lat' dir='ltr'><strong>neglegens</strong></span> <span class='ocrx_word' id='word_1_397' title='bbox 2019 3852 2139 3933; x_wconf 56' lang='lat' dir='ltr'><strong>&#39;aesti-</strong></span> 
     </span>
    </p>

    <p class='ocr_par' dir='ltr' id='par_1_6' title="bbox 428 3973 2225 4267">
     <span class='ocr_line' id='line_1_36' title="bbox 428 3973 2225 4060; baseline 0 -23"><span class='ocrx_word' id='word_1_398' title='bbox 428 3983 586 4044; x_wconf 67' lang='lat' dir='ltr'><strong>esnrator</strong></span> <span class='ocrx_word' id='word_1_399' title='bbox 619 3974 789 4058; x_wconf 88' lang='lat' dir='ltr'><strong>adiungas.</strong></span> <span class='ocrx_word' id='word_1_400' title='bbox 842 3974 904 4038; x_wconf 89' lang='lat' dir='ltr'><strong>iste</strong></span> <span class='ocrx_word' id='word_1_401' title='bbox 934 3977 1074 4038; x_wconf 89' lang='lat' dir='ltr'><strong>animam</strong></span> <span class='ocrx_word' id='word_1_402' title='bbox 1105 3976 1158 4039; x_wconf 94' lang='lat' dir='ltr'><strong>dci</strong></span> <span class='ocrx_word' id='word_1_403' title='bbox 1188 3977 1337 4039; x_wconf 91' lang='lat' dir='ltr'><strong>manibus</strong></span> <span class='ocrx_word' id='word_1_404' title='bbox 1368 3997 1560 4039; x_wconf 85' lang='lat' dir='ltr'><strong>correessanr</strong></span> <span class='ocrx_word' id='word_1_405' title='bbox 1590 3995 1649 4060; x_wconf 93' lang='lat' dir='ltr'><strong>per</strong></span> <span class='ocrx_word' id='word_1_406' title='bbox 1676 3973 1747 4037; x_wconf 88' lang='lat' dir='ltr'><strong>alisi</strong></span> <span class='ocrx_word' id='word_1_407' title='bbox 1779 3974 1963 4057; x_wconf 86' lang='lat' dir='ltr'><strong>tragmenta</strong></span> <span class='ocrx_word' id='word_1_408' title='bbox 1991 3974 2139 4056; x_wconf 87' lang='lat' dir='ltr'><strong>gutturis</strong></span> <span class='ocrx_word' id='word_1_409' title='bbox 2196 4008 2225 4045; x_wconf 70' lang='lat'><strong>³5.</strong></span> 
     </span>
     <span class='ocr_line' id='line_1_37' title="bbox 480 4073 2139 4161; baseline 0.001 -22"><span class='ocrx_word' id='word_1_410' title='bbox 480 4079 639 4161; x_wconf 82' lang='lat' dir='ltr'><strong>effugavit</strong></span> <span class='ocrx_word' id='word_1_411' title='bbox 663 4084 696 4141; x_wconf 91' lang='lat' dir='ltr'><strong>et</strong></span> <span class='ocrx_word' id='word_1_412' title='bbox 712 4078 918 4141; x_wconf 88' lang='lat' dir='ltr'><strong>internecivo</strong></span> <span class='ocrx_word' id='word_1_413' title='bbox 943 4078 1052 4140; x_wconf 85' lang='lat' dir='ltr'><strong>fratris</strong></span> <span class='ocrx_word' id='word_1_414' title='bbox 1077 4078 1184 4141; x_wconf 73' lang='lat' dir='ltr'><strong>furtive</strong></span> <span class='ocrx_word' id='word_1_415' title='bbox 1202 4079 1367 4143; x_wconf 57' lang='lat' dir='ltr'><strong>‹satistricti</strong></span> <span class='ocrx_word' id='word_1_416' title='bbox 1385 4080 1484 4141; x_wconf 85' lang='lat' dir='ltr'><strong>vitant</strong></span> <span class='ocrx_word' id='word_1_417' title='bbox 1509 4102 1528 4141; x_wconf 90' lang='lat' dir='ltr'><strong>c</strong></span> <span class='ocrx_word' id='word_1_418' title='bbox 1552 4077 1685 4141; x_wconf 89' lang='lat' dir='ltr'><strong>sedibus</strong></span> <span class='ocrx_word' id='word_1_419' title='bbox 1709 4077 1788 4143; x_wconf 89' lang='lat' dir='ltr'><strong>suis.</strong></span> <span class='ocrx_word' id='word_1_420' title='bbox 1811 4075 1887 4138; x_wconf 90' lang='lat' dir='ltr'><strong>dunr</strong></span> <span class='ocrx_word' id='word_1_421' title='bbox 1910 4073 2009 4138; x_wconf 87' lang='lat' dir='ltr'><strong>infert</strong></span> <span class='ocrx_word' id='word_1_422' title='bbox 2030 4074 2139 4141; x_wconf 85' lang='lat' dir='ltr'><strong>lauci-</strong></span> 
     </span>
     <span class='ocr_line' id='line_1_38' title="bbox 480 4180 2138 4267; baseline 0.003 -24"><span class='ocrx_word' id='word_1_423' title='bbox 480 4181 540 4243; x_wconf 90' lang='lat' dir='ltr'><strong>bus</strong></span> <span class='ocrx_word' id='word_1_424' title='bbox 564 4182 679 4248; x_wconf 84' lang='lat' dir='ltr'><strong>vincla.</strong></span> <span class='ocrx_word' id='word_1_425' title='bbox 703 4180 866 4243; x_wconf 88' lang='lat' dir='ltr'><strong>dissolvit.</strong></span> <span class='ocrx_word' id='word_1_426' title='bbox 909 4180 995 4246; x_wconf 90' lang='lat' dir='ltr'><strong>hunc</strong></span> <span class='ocrx_word' id='word_1_427' title='bbox 1020 4182 1165 4247; x_wconf 87' lang='lat' dir='ltr'><strong>debiturn</strong></span> <span class='ocrx_word' id='word_1_428' title='bbox 1183 4185 1329 4267; x_wconf 90' lang='lat' dir='ltr'><strong>sequitur</strong></span> <span class='ocrx_word' id='word_1_429' title='bbox 1353 4184 1488 4247; x_wconf 82' lang='lat' dir='ltr'><strong>exitium</strong></span> <span class='ocrx_word' id='word_1_430' title='bbox 1514 4206 1574 4248; x_wconf 91' lang='lat' dir='ltr'><strong>nec</strong></span> <span class='ocrx_word' id='word_1_431' title='bbox 1598 4204 1618 4247; x_wconf 89' lang='lat' dir='ltr'><strong>a</strong></span> <span class='ocrx_word' id='word_1_432' title='bbox 1641 4183 1718 4265; x_wconf 86' lang='lat' dir='ltr'><strong>iugo</strong></span> <span class='ocrx_word' id='word_1_433' title='bbox 1736 4180 1887 4267; x_wconf 88' lang='lat' dir='ltr'><strong>supplicii</strong></span> <span class='ocrx_word' id='word_1_434' title='bbox 1912 4180 1973 4243; x_wconf 89' lang='lat' dir='ltr'><strong>crit</strong></span> <span class='ocrx_word' id='word_1_435' title='bbox 1995 4180 2138 4249; x_wconf 89' lang='lat' dir='ltr'><strong>alienus.</strong></span> 
     </span>
    </p>

    <p class='ocr_par' dir='ltr' id='par_1_7' title="bbox 327 4268 2233 4475">
     <span class='ocr_line' id='line_1_39' title="bbox 327 4268 2233 4373; baseline 0.002 -28"><span class='ocrx_word' id='word_1_436' title='bbox 327 4268 537 4367; x_wconf 60' lang='lat' dir='ltr'><strong>1·,.1„{.{¹‘1¹1,„1qui</strong></span> <span class='ocrx_word' id='word_1_437' title='bbox 561 4284 702 4347; x_wconf 83' lang='lat' dir='ltr'><strong>hunrano</strong></span> <span class='ocrx_word' id='word_1_438' title='bbox 719 4285 870 4368; x_wconf 85' lang='lat' dir='ltr'><strong>sanguini</strong></span> <span class='ocrx_word' id='word_1_439' title='bbox 896 4306 958 4348; x_wconf 94' lang='lat' dir='ltr'><strong>non</strong></span> <span class='ocrx_word' id='word_1_440' title='bbox 976 4288 1147 4371; x_wconf 86' lang='lat' dir='ltr'><strong>perpercit.</strong></span> <span class='ocrx_word' id='word_1_441' title='bbox 1188 4287 1412 4350; x_wconf 88' lang='lat' dir='ltr'><strong>misericordia</strong></span> <span class='ocrx_word' id='word_1_442' title='bbox 1429 4296 1479 4350; x_wconf 89' lang='lat' dir='ltr'><strong>cst</strong></span> <span class='ocrx_word' id='word_1_443' title='bbox 1495 4288 1581 4351; x_wconf 89' lang='lat' dir='ltr'><strong>circa</strong></span> <span class='ocrx_word' id='word_1_444' title='bbox 1598 4286 1802 4350; x_wconf 79' lang='lat' dir='ltr'><strong>facinorosos</strong></span> <span class='ocrx_word' id='word_1_445' title='bbox 1819 4291 1948 4349; x_wconf 87' lang='lat' dir='ltr'><strong>servata</strong></span> <span class='ocrx_word' id='word_1_446' title='bbox 1964 4282 2137 4351; x_wconf 88' lang='lat' dir='ltr'><strong>districtio.</strong></span> <span class='ocrx_word' id='word_1_447' title='bbox 2154 4330 2177 4373; x_wconf 55' lang='lat' dir='ltr'><strong>P,</strong></span> <span class='ocrx_word' id='word_1_448' title='bbox 2190 4326 2233 4367; x_wconf 65' lang='lat'><strong>424</strong></span> 
     </span>
     <span class='ocr_line' id='line_1_40' title="bbox 340 4371 2137 4475; baseline 0.002 -27"><span class='ocrx_word' id='word_1_449' title='bbox 340 4371 431 4419; x_wconf 60' lang='lat' dir='ltr'><strong>¹³¹&#39;¹¹i&#39;³&#39;·</strong></span> <span class='ocrx_word' id='word_1_450' title='bbox 447 4378 466 4413; x_wconf 74' lang='lat'><strong>‘¹&#39;</strong></span> <span class='ocrx_word' id='word_1_451' title='bbox 486 4407 564 4469; x_wconf 90' lang='lat' dir='ltr'><strong>crgo</strong></span> <span class='ocrx_word' id='word_1_452' title='bbox 588 4388 695 4471; x_wconf 89' lang='lat' dir='ltr'><strong>sopori</strong></span> <span class='ocrx_word' id='word_1_453' title='bbox 719 4389 891 4450; x_wconf 84' lang='lat' dir='ltr'><strong>terminum</strong></span> <span class='ocrx_word' id='word_1_454' title='bbox 916 4410 1041 4473; x_wconf 89' lang='lat' dir='ltr'><strong>ponens</strong></span> <span class='ocrx_word' id='word_1_455' title='bbox 1060 4390 1285 4453; x_wconf 77' lang='lat' dir='ltr'><strong>rrrttndatorum</strong></span> <span class='ocrx_word' id='word_1_456' title='bbox 1303 4392 1493 4455; x_wconf 88' lang='lat' dir='ltr'><strong>caelestium</strong></span> <span class='ocrx_word' id='word_1_457' title='bbox 1519 4392 1645 4455; x_wconf 87' lang='lat' dir='ltr'><strong>hostem</strong></span> <span class='ocrx_word' id='word_1_458' title='bbox 1670 4389 1811 4475; x_wconf 75' lang='lat' dir='ltr'><strong>depelle,</strong></span> <span class='ocrx_word' id='word_1_459' title='bbox 1835 4408 1876 4451; x_wconf 92' lang='lat' dir='ltr'><strong>ne</strong></span> <span class='ocrx_word' id='word_1_460' title='bbox 1899 4386 2037 4452; x_wconf 86' lang='lat' dir='ltr'><strong>eandida</strong></span> <span class='ocrx_word' id='word_1_461' title='bbox 2054 4408 2137 4451; x_wconf 91' lang='lat' dir='ltr'><strong>con-</strong></span> 
     </span>
    </p>

    <p class='ocr_par' dir='ltr' id='par_1_8' title="bbox 427 4488 2225 4678">
     <span class='ocr_line' id='line_1_41' title="bbox 427 4488 2225 4579; baseline 0.002 -24"><span class='ocrx_word' id='word_1_462' title='bbox 427 4490 622 4555; x_wconf 76' lang='lat' dir='ltr'><strong>attvorsatio</strong></span> <span class='ocrx_word' id='word_1_463' title='bbox 657 4498 764 4553; x_wconf 88' lang='lat' dir='ltr'><strong>tecum</strong></span> <span class='ocrx_word' id='word_1_464' title='bbox 799 4491 1015 4555; x_wconf 87' lang='lat' dir='ltr'><strong>habitantium</strong></span> <span class='ocrx_word' id='word_1_465' title='bbox 1047 4493 1135 4555; x_wconf 87' lang='lat' dir='ltr'><strong>lusca</strong></span> <span class='ocrx_word' id='word_1_466' title='bbox 1167 4494 1428 4579; x_wconf 87' lang='lat' dir='ltr'><strong>supervenientis</strong></span> <span class='ocrx_word' id='word_1_467' title='bbox 1465 4494 1658 4577; x_wconf 87' lang='lat' dir='ltr'><strong>contagione</strong></span> <span class='ocrx_word' id='word_1_468' title='bbox 1689 4490 1853 4557; x_wconf 81' lang='lat' dir='ltr'><strong>violetur&#39;.</strong></span> <span class='ocrx_word' id='word_1_469' title='bbox 1908 4490 1981 4553; x_wconf 93' lang='lat' dir='ltr'><strong>ilico</strong></span> <span class='ocrx_word' id='word_1_470' title='bbox 2013 4488 2137 4557; x_wconf 87' lang='lat' dir='ltr'><strong>divinis</strong></span> <span class='ocrx_word' id='word_1_471' title='bbox 2195 4526 2225 4563; x_wconf 75' lang='lat' dir='ltr'><strong>a·</strong></span> 
     </span>
     <span class='ocr_line' id='line_1_42' title="bbox 481 4591 2136 4678; baseline 0.004 -25"><span class='ocrx_word' id='word_1_472' title='bbox 481 4591 656 4655; x_wconf 87' lang='lat' dir='ltr'><strong>obsecutus</strong></span> <span class='ocrx_word' id='word_1_473' title='bbox 679 4593 821 4678; x_wconf 87' lang='lat' dir='ltr'><strong>imperiis</strong></span> <span class='ocrx_word' id='word_1_474' title='bbox 846 4594 1011 4660; x_wconf 90' lang='lat' dir='ltr'><strong>hominem</strong></span> <span class='ocrx_word' id='word_1_475' title='bbox 1036 4607 1140 4661; x_wconf 91' lang='lat' dir='ltr'><strong>vocat.</strong></span> <span class='ocrx_word' id='word_1_476' title='bbox 1164 4599 1376 4662; x_wconf 86' lang='lat' dir='ltr'><strong>ruontientcm</strong></span> <span class='ocrx_word' id='word_1_477' title='bbox 1401 4598 1574 4662; x_wconf 90' lang='lat' dir='ltr'><strong>convincit.</strong></span> <span class='ocrx_word' id='word_1_478' title='bbox 1598 4599 1715 4661; x_wconf 83' lang='lat' dir='ltr'><strong>feriato</strong></span> <span class='ocrx_word' id='word_1_479' title='bbox 1739 4618 1794 4660; x_wconf 91' lang='lat' dir='ltr'><strong>ore</strong></span> <span class='ocrx_word' id='word_1_480' title='bbox 1817 4596 1902 4660; x_wconf 86' lang='lat' dir='ltr'><strong>ntale</strong></span> <span class='ocrx_word' id='word_1_481' title='bbox 1919 4596 2038 4659; x_wconf 88' lang='lat' dir='ltr'><strong>conscii</strong></span> <span class='ocrx_word' id='word_1_482' title='bbox 2062 4615 2136 4659; x_wconf 87' lang='lat' dir='ltr'><strong>orn·</strong></span> 
     </span>
    </p>
   </div>
   <div class='ocr_carea' id='block_1_3' title="bbox 482 4697 2137 4787">
    <p class='ocr_par' dir='ltr' id='par_1_9' title="bbox 482 4697 2137 4787">
     <span class='ocr_line' id='line_1_43' title="bbox 482 4697 2137 4787; baseline 0.002 -28"><span class='ocrx_word' id='word_1_483' title='bbox 482 4698 536 4759; x_wconf 86' lang='lat' dir='ltr'><strong>nia</strong></span> <span class='ocrx_word' id='word_1_484' title='bbox 559 4698 630 4761; x_wconf 86' lang='lat' dir='ltr'><strong>eius</strong></span> <span class='ocrx_word' id='word_1_485' title='bbox 659 4705 755 4779; x_wconf 86' lang='lat' dir='ltr'><strong>gesta</strong></span> <span class='ocrx_word' id='word_1_486' title='bbox 778 4700 996 4785; x_wconf 85' lang='lat' dir='ltr'><strong>persequitur.</strong></span> <span class='ocrx_word' id='word_1_487' title='bbox 1044 4703 1177 4785; x_wconf 71' lang='lat' dir='ltr'><strong>expiavit</strong></span> <span class='ocrx_word' id='word_1_488' title='bbox 1200 4701 1439 4787; x_wconf 76' lang='lat' dir='ltr'><strong>deprehensus,</strong></span> <span class='ocrx_word' id='word_1_489' title='bbox 1470 4724 1542 4765; x_wconf 90' lang='lat' dir='ltr'><strong>curn</strong></span> <span class='ocrx_word' id='word_1_490' title='bbox 1572 4701 1697 4786; x_wconf 87' lang='lat' dir='ltr'><strong>flagitia</strong></span> <span class='ocrx_word' id='word_1_491' title='bbox 1727 4720 1786 4763; x_wconf 87' lang='lat' dir='ltr'><strong>sua</strong></span> <span class='ocrx_word' id='word_1_492' title='bbox 1816 4698 1982 4764; x_wconf 84' lang='lat' dir='ltr'><strong>recenseri</strong></span> <span class='ocrx_word' id='word_1_493' title='bbox 2005 4697 2137 4763; x_wconf 88' lang='lat' dir='ltr'><strong>videret</strong></span> 
     </span>
    </p>
   </div>
   <div class='ocr_carea' id='block_1_4' title="bbox 478 4991 2143 5663">
    <p class='ocr_par' dir='ltr' id='par_1_10' title="bbox 478 4991 2143 5663">
     <span class='ocr_line' id='line_1_44' title="bbox 586 4991 2137 5063; baseline 0.004 -22"><span class='ocrx_word' id='word_1_494' title='bbox 586 4991 595 5041; x_wconf 96' lang='lat' dir='ltr'><strong>l</strong></span> <span class='ocrx_word' id='word_1_495' title='bbox 621 4993 854 5058; x_wconf 80' lang='lat' dir='ltr'><strong>mtttsciantiunrque</strong></span> <span class='ocrx_word' id='word_1_496' title='bbox 872 4994 970 5057; x_wconf 80' lang='lat' dir='ltr'><strong>scripsi.</strong></span> <span class='ocrx_word' id='word_1_497' title='bbox 994 4994 1176 5058; x_wconf 87' lang='lat' dir='ltr'><strong>scientiamque</strong></span> <span class='ocrx_word' id='word_1_498' title='bbox 1194 4995 1300 5057; x_wconf 67' lang='lat' dir='ltr'><strong>coclmes,</strong></span> <span class='ocrx_word' id='word_1_499' title='bbox 1323 4996 1534 5063; x_wconf 82' lang='lat' dir='ltr'><strong>sartatitatemque</strong></span> <span class='ocrx_word' id='word_1_500' title='bbox 1553 4997 1648 5047; x_wconf 84' lang='lat' dir='ltr'><strong>Hartcl</strong></span> <span class='ocrx_word' id='word_1_501' title='bbox 1762 4994 1779 5045; x_wconf 89' lang='grc'><strong>3</strong></span> <span class='ocrx_word' id='word_1_502' title='bbox 1800 4996 1953 5062; x_wconf 84' lang='lat' dir='ltr'><strong>altatunptus</strong></span> <span class='ocrx_word' id='word_1_503' title='bbox 1969 4994 2069 5059; x_wconf 64' lang='grc' dir='ltr'><strong><em>εσνίρεί,</em></strong></span> <span class='ocrx_word' id='word_1_504' title='bbox 2092 4996 2137 5047; x_wconf 87' lang='lat' dir='ltr'><strong>ad-</strong></span> 
     </span>
     <span class='ocr_line' id='line_1_45' title="bbox 479 5078 2143 5145; baseline 0.005 -22"><span class='ocrx_word' id='word_1_505' title='bbox 479 5088 597 5143; x_wconf 85' lang='lat' dir='ltr'><strong>sumptus</strong></span> <span class='ocrx_word' id='word_1_506' title='bbox 611 5078 642 5133; x_wconf 87' lang='grc' dir='ltr'><strong>Β,</strong></span> <span class='ocrx_word' id='word_1_507' title='bbox 660 5088 807 5143; x_wconf 81' lang='lat' dir='ltr'><strong>stasrnnptus</strong></span> <span class='ocrx_word' id='word_1_508' title='bbox 820 5079 895 5127; x_wconf 68' lang='lat' dir='ltr'><strong>caea</strong></span> <span class='ocrx_word' id='word_1_509' title='bbox 983 5078 999 5127; x_wconf 69' lang='grc' dir='ltr'><strong>ε’)</strong></span> <span class='ocrx_word' id='word_1_510' title='bbox 1017 5090 1054 5129; x_wconf 87' lang='lat' dir='ltr'><strong>est</strong></span> <span class='ocrx_word' id='word_1_511' title='bbox 1068 5080 1168 5143; x_wconf 84' lang='lat' dir='ltr'><strong>ingesta</strong></span> <span class='ocrx_word' id='word_1_512' title='bbox 1179 5081 1193 5127; x_wconf 85' lang='lat' dir='ltr'><strong>b</strong></span> <span class='ocrx_word' id='word_1_513' title='bbox 1280 5080 1370 5131; x_wconf 85' lang='lat' dir='ltr'><strong>lidum</strong></span> <span class='ocrx_word' id='word_1_514' title='bbox 1383 5082 1408 5130; x_wconf 86' lang='lat' dir='ltr'><strong>ia</strong></span> <span class='ocrx_word' id='word_1_515' title='bbox 1421 5100 1469 5145; x_wconf 76' lang='lat' dir='ltr'><strong>rap.</strong></span> <span class='ocrx_word' id='word_1_516' title='bbox 1483 5081 1622 5135; x_wconf 77' lang='lat' dir='ltr'><strong>V1.0a.l.</strong></span> <span class='ocrx_word' id='word_1_517' title='bbox 1709 5082 1822 5132; x_wconf 71' lang='lat' dir='ltr'><strong>etatum</strong></span> <span class='ocrx_word' id='word_1_518' title='bbox 1833 5078 1871 5130; x_wconf 80' lang='lat'><strong>13¹</strong></span> <span class='ocrx_word' id='word_1_519' title='bbox 1923 5080 2099 5131; x_wconf 78' lang='lat' dir='ltr'><strong>assiduitatem</strong></span> <span class='ocrx_word' id='word_1_520' title='bbox 2117 5080 2143 5131; x_wconf 84' lang='lat' dir='ltr'><em>V</em></span> 
     </span>
     <span class='ocr_line' id='line_1_46' title="bbox 479 5162 2137 5233; baseline 0.006 -24"><span class='ocrx_word' id='word_1_521' title='bbox 479 5162 496 5209; x_wconf 81' lang='lat' dir='ltr'><strong>a</strong></span> <span class='ocrx_word' id='word_1_522' title='bbox 514 5164 540 5212; x_wconf 93' lang='lat' dir='ltr'><strong>ni</strong></span> <span class='ocrx_word' id='word_1_523' title='bbox 559 5164 677 5215; x_wconf 79' lang='lat' dir='ltr'><strong>baberent</strong></span> <span class='ocrx_word' id='word_1_524' title='bbox 696 5164 788 5213; x_wconf 79' lang='lat' dir='ltr'><strong>l’Lt&#39;l&#39;</strong></span> <span class='ocrx_word' id='word_1_525' title='bbox 893 5162 924 5213; x_wconf 84' lang='lat' dir='ltr'><strong>ttt</strong></span> <span class='ocrx_word' id='word_1_526' title='bbox 942 5166 1049 5215; x_wconf 80' lang='lat' dir='ltr'><strong>cacrrrtis</strong></span> <span class='ocrx_word' id='word_1_527' title='bbox 1064 5164 1087 5213; x_wconf 90' lang='grc' dir='ltr'><em>Β</em></span> <span class='ocrx_word' id='word_1_528' title='bbox 1200 5164 1231 5214; x_wconf 88' lang='grc'><strong>13</strong></span> <span class='ocrx_word' id='word_1_529' title='bbox 1248 5166 1401 5218; x_wconf 83' lang='lat' dir='ltr'><strong>lnrrianrenta</strong></span> <span class='ocrx_word' id='word_1_530' title='bbox 1418 5166 1458 5215; x_wconf 75' lang='lat' dir='ltr'><strong>V‘¹</strong></span> <span class='ocrx_word' id='word_1_531' title='bbox 1528 5178 1668 5221; x_wconf 82' lang='lat' dir='ltr'><strong>assurrteret</strong></span> <span class='ocrx_word' id='word_1_532' title='bbox 1686 5169 1858 5233; x_wconf 85' lang='lat' dir='ltr'><strong>arrogantiam</strong></span> <span class='ocrx_word' id='word_1_533' title='bbox 1875 5166 1898 5213; x_wconf 81' lang='lat' dir='ltr'><strong>l&#39;</strong></span> <span class='ocrx_word' id='word_1_534' title='bbox 2005 5162 2037 5213; x_wconf 75' lang='grc' dir='ltr'>Π</span> <span class='ocrx_word' id='word_1_535' title='bbox 2054 5168 2137 5219; x_wconf 84' lang='lat' dir='ltr'><strong>ausei-</strong></span> 
     </span>
     <span class='ocr_line' id='line_1_47' title="bbox 479 5248 2136 5320; baseline 0.002 -22"><span class='ocrx_word' id='word_1_536' title='bbox 479 5259 549 5313; x_wconf 84' lang='lat' dir='ltr'><strong>pcrat</strong></span> <span class='ocrx_word' id='word_1_537' title='bbox 563 5249 588 5297; x_wconf 99' lang='grc' dir='ltr'><em>Β</em></span> <span class='ocrx_word' id='word_1_538' title='bbox 658 5250 765 5313; x_wconf 70' lang='lat' dir='ltr'><strong>videres!</strong></span> <span class='ocrx_word' id='word_1_539' title='bbox 785 5251 878 5300; x_wconf 86' lang='lat' dir='ltr'><strong>rretcris</strong></span> <span class='ocrx_word' id='word_1_540' title='bbox 892 5250 916 5299; x_wconf 92' lang='grc' dir='ltr'><em>Β</em></span> <span class='ocrx_word' id='word_1_541' title='bbox 1022 5250 1054 5299; x_wconf 76' lang='lat' dir='ltr'><strong>tu</strong></span> <span class='ocrx_word' id='word_1_542' title='bbox 1071 5262 1161 5301; x_wconf 88' lang='lat' dir='ltr'><strong>toruus</strong></span> <span class='ocrx_word' id='word_1_543' title='bbox 1174 5250 1199 5300; x_wconf 92' lang='grc' dir='ltr'><em>Β</em></span> <span class='ocrx_word' id='word_1_544' title='bbox 1269 5252 1348 5302; x_wconf 88' lang='lat' dir='ltr'><strong>milite</strong></span> <span class='ocrx_word' id='word_1_545' title='bbox 1368 5252 1461 5317; x_wconf 65' lang='lat' dir='ltr'><strong>(sirpe</strong></span> <span class='ocrx_word' id='word_1_546' title='bbox 1480 5255 1526 5317; x_wconf 66' lang='lat' dir='ltr'><strong>tir.)</strong></span> <span class='ocrx_word' id='word_1_547' title='bbox 1541 5254 1566 5303; x_wconf 93' lang='grc' dir='ltr'><em>Β</em></span> <span class='ocrx_word' id='word_1_548' title='bbox 1669 5252 1703 5303; x_wconf 68' lang='grc'><strong>23</strong></span> <span class='ocrx_word' id='word_1_549' title='bbox 1720 5254 1829 5305; x_wconf 86' lang='lat' dir='ltr'><strong>credidit</strong></span> <span class='ocrx_word' id='word_1_550' title='bbox 1842 5251 1923 5301; x_wconf 76' lang='lat' dir='ltr'><strong>Tt&#39;l’t</strong></span> <span class='ocrx_word' id='word_1_551' title='bbox 2025 5248 2062 5301; x_wconf 77' lang='lat'><strong>‘24</strong></span> <span class='ocrx_word' id='word_1_552' title='bbox 2078 5270 2136 5320; x_wconf 82' lang='lat' dir='ltr'><strong>rep-</strong></span> 
     </span>
     <span class='ocr_line' id='line_1_48' title="bbox 479 5333 2138 5408; baseline 0.002 -25"><span class='ocrx_word' id='word_1_553' title='bbox 479 5335 554 5399; x_wconf 86' lang='lat' dir='ltr'><strong>periri</strong></span> <span class='ocrx_word' id='word_1_554' title='bbox 568 5335 593 5383; x_wconf 85' lang='grc' dir='ltr'><em>Β</em></span> <span class='ocrx_word' id='word_1_555' title='bbox 602 5334 644 5384; x_wconf 65' lang='lat'><strong>1⁷1.</strong></span> <span class='ocrx_word' id='word_1_556' title='bbox 746 5335 781 5386; x_wconf 76' lang='lat' dir='ltr'><strong>‘lli</strong></span> <span class='ocrx_word' id='word_1_557' title='bbox 798 5346 888 5402; x_wconf 83' lang='lat' dir='ltr'><strong>optato</strong></span> <span class='ocrx_word' id='word_1_558' title='bbox 901 5335 926 5385; x_wconf 88' lang='grc' dir='ltr'><em>Β</em></span> <span class='ocrx_word' id='word_1_559' title='bbox 1024 5333 1057 5385; x_wconf 70' lang='lat' dir='ltr'><strong>&#39;ll</strong></span> <span class='ocrx_word' id='word_1_560' title='bbox 1076 5338 1164 5389; x_wconf 75' lang='lat' dir='ltr'><strong>‹litlosa</strong></span> <span class='ocrx_word' id='word_1_561' title='bbox 1180 5336 1221 5385; x_wconf 79' lang='lat' dir='ltr'><strong>Va</strong></span> <span class='ocrx_word' id='word_1_562' title='bbox 1320 5336 1354 5389; x_wconf 73' lang='lat'><strong>29</strong></span> <span class='ocrx_word' id='word_1_563' title='bbox 1371 5337 1487 5405; x_wconf 74' lang='lat' dir='ltr'><strong>provide}</strong></span> <span class='ocrx_word' id='word_1_564' title='bbox 1506 5342 1611 5408; x_wconf 89' lang='lat' dir='ltr'><strong>proinde</strong></span> <span class='ocrx_word' id='word_1_565' title='bbox 1625 5340 1703 5392; x_wconf 71' lang='lat' dir='ltr'><strong>Siron.</strong></span> <span class='ocrx_word' id='word_1_566' title='bbox 1809 5338 1844 5390; x_wconf 84' lang='lat'><strong>30</strong></span> <span class='ocrx_word' id='word_1_567' title='bbox 1861 5338 1989 5399; x_wconf 74' lang='lat' dir='ltr'><strong>scismati</strong></span> <span class='ocrx_word' id='word_1_568' title='bbox 2008 5337 2138 5401; x_wconf 61' lang='lat' dir='ltr'><strong>totam</strong></span> 
     </span>
     <span class='ocr_line' id='line_1_49' title="bbox 480 5420 2137 5492; baseline 0.004 -23"><span class='ocrx_word' id='word_1_569' title='bbox 480 5422 550 5470; x_wconf 87' lang='lat' dir='ltr'><strong>lodix</strong></span> <span class='ocrx_word' id='word_1_570' title='bbox 565 5420 603 5469; x_wconf 66' lang='lat'><strong>11¹</strong></span> <span class='ocrx_word' id='word_1_571' title='bbox 741 5420 775 5472; x_wconf 79' lang='lat'><strong>32</strong></span> <span class='ocrx_word' id='word_1_572' title='bbox 797 5425 949 5490; x_wconf 73' lang='lat' dir='ltr'><strong>cogrrcrrrissc</strong></span> <span class='ocrx_word' id='word_1_573' title='bbox 967 5423 1046 5473; x_wconf 71' lang='lat' dir='ltr'><strong>Nirea.</strong></span> <span class='ocrx_word' id='word_1_574' title='bbox 1187 5422 1222 5474; x_wconf 82' lang='lat'><strong>34</strong></span> <span class='ocrx_word' id='word_1_575' title='bbox 1241 5426 1374 5491; x_wconf 83' lang='lat' dir='ltr'><strong>rragligens</strong></span> <span class='ocrx_word' id='word_1_576' title='bbox 1386 5424 1411 5475; x_wconf 88' lang='lat' dir='ltr'><em>B</em></span> <span class='ocrx_word' id='word_1_577' title='bbox 1550 5423 1584 5477; x_wconf 72' lang='lat' dir='ltr'><strong>[et</strong></span> <span class='ocrx_word' id='word_1_578' title='bbox 1601 5429 1711 5492; x_wconf 82' lang='lat' dir='ltr'><strong>gutturis</strong></span> <span class='ocrx_word' id='word_1_579' title='bbox 1724 5426 1749 5476; x_wconf 87' lang='lat' dir='ltr'><em>B</em></span> <span class='ocrx_word' id='word_1_580' title='bbox 1882 5420 1916 5474; x_wconf 77' lang='grc'><strong>33</strong></span> <span class='ocrx_word' id='word_1_581' title='bbox 1938 5423 2098 5475; x_wconf 84' lang='lat' dir='ltr'><strong>interneciuo</strong></span> <span class='ocrx_word' id='word_1_582' title='bbox 2112 5426 2137 5481; x_wconf 79' lang='lat' dir='ltr'><strong>b.</strong></span> 
     </span>
     <span class='ocr_line' id='line_1_50' title="bbox 480 5506 2135 5576; baseline 0.003 -22"><span class='ocrx_word' id='word_1_583' title='bbox 480 5506 657 5557; x_wconf 76' lang='lat' dir='ltr'><strong>iuter-uicino</strong></span> <span class='ocrx_word' id='word_1_584' title='bbox 678 5508 707 5561; x_wconf 86' lang='grc' dir='ltr'><strong>Β.</strong></span> <span class='ocrx_word' id='word_1_585' title='bbox 730 5510 864 5560; x_wconf 81' lang='lat' dir='ltr'><strong>internicio</strong></span> <span class='ocrx_word' id='word_1_586' title='bbox 881 5508 923 5559; x_wconf 89' lang='lat' dir='ltr'><strong>l&#39;l.</strong></span> <span class='ocrx_word' id='word_1_587' title='bbox 931 5508 999 5559; x_wconf 68' lang='lat'><em>&#39;1¹01’</em></span> <span class='ocrx_word' id='word_1_588' title='bbox 1109 5511 1263 5562; x_wconf 82' lang='lat' dir='ltr'><strong>certatrictus</strong></span> <span class='ocrx_word' id='word_1_589' title='bbox 1281 5530 1357 5576; x_wconf 81' lang='lat' dir='ltr'><strong>prop.</strong></span> <span class='ocrx_word' id='word_1_590' title='bbox 1377 5510 1471 5563; x_wconf 83' lang='lat' dir='ltr'><strong>llortcl</strong></span> <span class='ocrx_word' id='word_1_591' title='bbox 1582 5509 1615 5560; x_wconf 66' lang='lat' dir='ltr'><strong>:li</strong></span> <span class='ocrx_word' id='word_1_592' title='bbox 1633 5513 1738 5563; x_wconf 89' lang='lat' dir='ltr'><strong>rriuculn</strong></span> <span class='ocrx_word' id='word_1_593' title='bbox 1756 5510 1837 5561; x_wconf 66' lang='lat' dir='ltr'><strong>&#39;felt</strong></span> <span class='ocrx_word' id='word_1_594' title='bbox 1906 5516 2028 5575; x_wconf 78' lang='lat' dir='ltr'><strong>aeqttenrr</strong></span> <span class='ocrx_word' id='word_1_595' title='bbox 2044 5510 2135 5561; x_wconf 70' lang='lat' dir='ltr'><strong>mun</strong></span> 
     </span>
     <span class='ocr_line' id='line_1_51' title="bbox 478 5592 1918 5663; baseline 0.003 -22"><span class='ocrx_word' id='word_1_596' title='bbox 478 5592 585 5641; x_wconf 81' lang='lat' dir='ltr'><strong>exitium</strong></span> <span class='ocrx_word' id='word_1_597' title='bbox 603 5596 719 5658; x_wconf 79' lang='lat' dir='ltr'><strong>scqrritnr</strong></span> <span class='ocrx_word' id='word_1_598' title='bbox 737 5594 852 5645; x_wconf 73' lang='lat' dir='ltr'><strong>th&#39;cl’</strong></span> <span class='ocrx_word' id='word_1_599' title='bbox 958 5592 992 5643; x_wconf 77' lang='grc'><strong>33</strong></span> <span class='ocrx_word' id='word_1_600' title='bbox 1010 5595 1207 5645; x_wconf 75' lang='lat' dir='ltr'><strong>theinorosnsh&#39;</strong></span> <span class='ocrx_word' id='word_1_601' title='bbox 1316 5592 1352 5645; x_wconf 79' lang='lat'><strong>40</strong></span> <span class='ocrx_word' id='word_1_602' title='bbox 1369 5596 1529 5649; x_wconf 83' lang='lat' dir='ltr'><strong>habitantum</strong></span> <span class='ocrx_word' id='word_1_603' title='bbox 1542 5597 1619 5647; x_wconf 77' lang='lat' dir='ltr'><strong>Sicut.</strong></span> <span class='ocrx_word' id='word_1_604' title='bbox 1729 5595 1761 5647; x_wconf 76' lang='lat' dir='ltr'><strong>tl</strong></span> <span class='ocrx_word' id='word_1_605' title='bbox 1782 5594 1918 5663; x_wconf 82' lang='lat' dir='ltr'><strong>irnperiiB</strong></span> 
     </span>
    </p>
   </div>
   <div class='ocr_carea' id='block_1_5' title="bbox 0 0 2265 6228">
    <p class='ocr_par' dir='ltr' id='par_1_11' title="bbox 0 0 2265 6228">
     <span class='ocr_line' id='line_1_52' title="bbox 0 0 2265 6228; baseline 0 0"><span class='ocrx_word' id='word_1_606' title='bbox 0 0 2265 6228; x_wconf 95' lang='lat' dir='ltr'><strong> </strong></span> 
     </span>
    </p>
   </div>
  </div>
 </body>
</html>
