4500 6232
344 288 407 348 216
1001 278 1134 337 eenxlu
1152 277 1287 345 (OPUSC.
1306 278 1342 345 1).

344 455 487 535 cutiens,
516 456 635 541 quibus
664 456 773 521 fuerat
800 470 909 518 errore
939 453 1098 530 sociatus,
1128 450 1258 537 quando
1280 456 1359 516 nate
1381 457 1434 517 est
1455 452 1542 517 inter
1563 453 1742 519 sceleratos
1765 452 1806 519 de
1829 453 1893 521 hoe
1916 452 2013 541 quod

343 557 583 642 intellegebant
615 580 651 623 se
680 578 780 623 unum
812 556 898 621 velle
932 553 1105 621 discordia.
1156 553 1241 618 adsit
1273 554 1426 619 divinitas
1460 561 1495 620 et
1527 555 1688 622 beneficia
1719 577 1780 622 sue
1812 557 1847 623 in
1883 577 2010 624 aevum

346 660 515 748 producat,
542 682 607 747 qua
630 661 825 748 disponente
849 659 959 724 votive
982 659 1068 722 inter
1090 678 1166 721 reos
1190 674 1331 721 evenere
1354 658 1469 741 litigia.
1514 678 1590 723 nem
1613 658 1802 739 Fridiricus,
1824 665 2009 745 postquem

345 765 405 830 tibi
428 763 470 829 de
493 764 691 829 adversariis
714 764 779 828 tuis
801 763 929 847 peregit
952 761 1160 847 triumphum,
1184 759 1225 824 de
1249 782 1284 825 se
1307 760 1467 847 praebuit.
2021 790 2045 833 a
2059 782 2100 825 eor

291 870 333 930 56
453 866 513 931 Xl.
548 866 662 931 Trahit
684 888 736 930 me
760 866 801 931 ad
824 866 921 931 aliern
943 871 1072 951 partem
1096 864 1330 929 venerabilium
1354 885 1431 950 pers
1454 885 1574 949 magne
1597 868 1795 931 meritomm.
1833 864 1931 932 video
1954 866 2008 931 in·
2078 898 2091 931 a

346 977 511 1056 speratum
528 969 678 1034 decorem
694 970 823 1033 urbium
839 969 1003 1033 cineribus
1021 969 1173 1032 evenisse
1191 974 1224 1031 et
1240 967 1301 1031 sub
1318 968 1483 1032 civilitatis
1499 968 1702 1054 plenitudine
1718 969 1864 1056 palatina
1879 969 2009 1055 ubique

345 1081 434 1139 tecta
446 1074 589 1138 rutilare.
624 1073 718 1138 video
731 1083 806 1137 ante
820 1074 966 1159 perfecta
978 1071 1137 1153 aedificia,
1155 1093 1252 1157 quem
1268 1092 1319 1136 me
1332 1071 1525 1157 contigisset
1540 1071 1708 1159 disposita.
1742 1074 1799 1138 ille
1812 1075 1886 1160 ipse
1896 1080 2011 1141 meter

347 1175 513 1240 civitatum
531 1174 633 1240 Roma
659 1178 832 1241 iuveniscit
854 1173 999 1240 marcida
1023 1175 1203 1240 senectutis
1226 1175 1373 1239 membra
1388 1175 1580 1240 resecando.
1618 1176 1694 1242 dete
1710 1177 1848 1257 veniam,
1872 1176 2007 1263 Luper-

294 1278 427 1343 5lcalis
457 1280 544 1365 genii
569 1301 664 1344 saera
687 1279 885 1344 rudimenta:
918 1280 991 1365 plus
1016 1285 1067 1343 est
1091 1299 1244 1343 occasum
1267 1279 1428 1364 repellere
1451 1300 1548 1364 quem
1572 1279 1701 1346 dedisse
1723 1280 1892 1368 principie.
1939 1278 2007 1346 huc

347 1380 487 1464 accedit,
522 1383 607 1469 quod
639 1405 790 1448 camenam
823 1384 932 1447 curiae
966 1383 1134 1447 innumero
1168 1382 1246 1446 flore
1278 1383 1404 1446 velasti.
1458 1382 1583 1447 nullum
1611 1382 1653 1448 de
1684 1381 1862 1450 honoribus
1891 1383 2008 1471 tetigit
2065 1414 2092 1453 a·

346 1484 542 1571 desperatio,
567 1506 664 1570 quom
688 1488 840 1550 iuverunt
862 1485 1095 1571 deprecantem
1119 1485 1206 1550 bone
1229 1486 1461 1549 conscientiae.
1501 1487 1608 1551 nescit
1630 1485 1672 1552 de
1695 1488 1815 1552 effectu
1832 1486 2007 1573 petitionis

346 1586 511 1670 dubitare,
544 1589 598 1672 qui
630 1588 812 1673 splendidis
842 1590 936 1675 inops
960 1589 1086 1653 meritis
1111 1608 1175 1652 non
1199 1588 1335 1673 mgavit.
1381 1594 1438 1652 aut
1460 1588 1538 1653 boni
1562 1610 1674 1655 sumus
1697 1590 1867 1676 proposito
1891 1596 2008 1654 uestro

294 1690 334 1752 58
347 1695 405 1753 aut
427 1698 483 1755 tuo
507 1691 719 1755 informamur
742 1692 906 1778 exemplo.
946 1697 1120 1755 creverunt
1142 1691 1343 1777 reipublicae
1368 1712 1448 1777 opes
1473 1712 1546 1756 cum
1568 1693 1768 1778 privatorum
1784 1693 2007 1779 profectibus:

345 1812 506 1879 nusquam
539 1796 571 1857 in
603 1796 679 1859 aule
707 1803 764 1858 tua
787 1795 929 1860 ambitus
954 1801 987 1858 et
1010 1815 1106 1880 opum
1130 1794 1253 1878 ubique
1277 1792 1407 1858 diffusio
1431 1800 1491 1859 est.
1537 1817 1633 1860 nemo
1656 1794 1829 1861 indonatus
1853 1794 2008 1861 abscedit

346 1904 379 1962 et
400 1897 510 1961 nullus
535 1898 743 1963 incommoda
765 1898 1012 1983 proscriptionis
1029 1897 1232 1981 ingemescit.
1272 1897 1493 1980 legationibus
1509 1900 1573 1963 tuis
1589 1900 1676 1964 inest
1692 1899 1787 1984 vigor
1802 1898 2004 1964 inmortalis:
2064 1930 2090 1968 as

344 2002 573 2066 mandatomm
609 2003 757 2068 ordinem
791 2004 933 2087 digeris,
967 2004 1156 2089 priusquam
1191 2004 1319 2087 legatos
1355 2002 1511 2087 aspicias:
1547 2023 1608 2066 nec
1643 2002 1906 2088 replicationibus
1937 2002 2007 2067 tuis

293 2108 335 2170 59
347 2106 556 2190 reperiuntur
586 2107 748 2171 contraria
779 2128 839 2171 nec
870 2106 1111 2170 obiectionibus
1140 2106 1244 2169 facilis
1273 2106 1414 2169 occurrit
1446 2106 1613 2172 resolutio.
1659 2106 1801 2171 excubat
1821 2126 1881 2191 pro
1904 2106 2007 2171 annis

348 2209 460 2294 opinio
488 2212 693 2296 principalis:
733 2212 797 2274 otia
831 2217 941 2275 nostre
973 2210 1083 2294 magni
1114 2209 1201 2293 regis
1234 2208 1416 2273 sollicitudo
1448 2207 1606 2282 custodit,
1639 2229 1700 2273 nec
1729 2214 1840 2273 temen
1870 2208 2007 2275 desistis

347 2313 484 2377 castella
522 2334 705 2399 propagare
742 2334 837 2377 curas
872 2320 945 2377 tuas
980 2314 1011 2377 in
1045 2313 1179 2396 longum
1214 2311 1409 2398 producens.
1462 2334 1523 2377 nee
1555 2313 1614 2376 viri
1649 2313 1742 2377 fortis
1775 2314 1809 2377 in
1841 2319 1875 2378 te
1908 2312 2008 2379 deest

347 2415 505 2479 securitas
535 2435 594 2479 nec
626 2417 757 2480 cautela
784 2418 972 2481 metuentis.
1017 2416 1222 2500 ogcminam
1254 2417 1287 2478 in
1315 2436 1380 2479 uno
1404 2416 1552 2500 principe
1576 2417 1731 2479 virtutum
1756 2416 2006 2502 plenitudinem,
2065 2448 2094 2485 :a

347 2537 431 2601 quae
454 2518 552 2584 deum
574 2521 721 2605 resignat
744 2526 920 2593 auctorem,
943 2520 1018 2604 quia
1042 2540 1105 2583 non
1129 2518 1228 2583 habet
1251 2520 1336 2583 inter
1357 2518 1505 2583 homines
1528 2539 1548 2581 a
1571 2539 1634 2603 quo
1651 2518 1802 2584 videatur
1824 2519 2008 2605 sumpsisse
2021 2512 2047 2555 ¹³·
2061 2506 2103 2545 ³⁰⁸

349 2620 434 2706 quod
459 2622 608 2687 exhibet!

294 2726 336 2787 66
457 2725 536 2791 XII.
571 2724 635 2790 Sed
660 2747 736 2790 occe
761 2746 872 2790 rursus
896 2731 968 2810 pest
990 2725 1133 2809 quietem
1154 2725 1290 2789 solidam
1315 2724 1356 2789 ad
1378 2727 1465 2789 acics
1481 2725 1803 2790 verbarcvocamus:
1827 2727 1946 2792 iterum
1963 2725 2008 2792 ad

348 2852 384 2895 se
408 2830 488 2895 tube
510 2838 607 2895 vocet
630 2831 807 2915 eloquium.
853 2828 1090 2893 scaniensium
1113 2829 1227 2892 civitas
1251 2829 1327 2892 olim
1352 2829 1445 2892 limes
1468 2827 1585 2892 Italiae
1609 2827 1685 2901 fuit,
1715 2830 1748 2893 in
1771 2850 1835 2914 qua
1857 2830 2007 2895 seniores

348 2933 470 2998 domini
502 2934 726 3011 excubabant,
759 2953 800 2996 ne
832 2938 1026 2995 coacervate
1059 2930 1147 2995 illino
1177 2931 1386 2995 finitimamm
1417 2932 1553 2995 vulnere
1583 2932 1730 3015 gentium
1759 2934 1790 2996 in
1819 2930 2007 2997 Muranum
2067 2964 2094 3003 ·.·.·.

348 3059 466 3125 corpus
490 3045 714 3102 excurrerent.
761 3035 841 3101 hacc
872 3040 987 3122 postea
1016 3056 1075 3120 per
1103 3034 1288 3120 regentium
1316 3035 1504 3119 neglectum
1536 3035 1569 3096 in
1593 3032 1794 3120 Gepidamur
1823 3036 1896 3100 iura
1927 3057 2009 3101 oon·

348 3142 460 3217 cessit,
500 3139 586 3205 uude
627 3138 805 3204 cottidiana
844 3139 1011 3203 insultatio
1044 3146 1078 3202 et
1111 3139 1316 3223 inconposita
1350 3139 1551 3223 legationum
1587 3138 1772 3223 frequentia
1805 3138 2010 3205 mittebatur.

296 3249 333 3310 61
350 3245 490 3309 urebant
514 3246 657 3309 animum
681 3244 837 3330 principis
861 3242 966 3306 dolosi
991 3241 1217 3306 blandimenta
1240 3242 1402 3306 conmeuti
1428 3246 1461 3306 et
1484 3242 1570 3305 circa
1593 3242 1674 3305 alios
1691 3240 1846 3327 Gepidas,
1870 3262 2009 3327 quorum

348 3346 464 3411 ductor
498 3357 548 3411 est
578 3347 778 3421 Gunderith,
815 3346 1048 3431 intempestiva
1078 3345 1242 3410 Treserici
1277 3346 1490 3410 familiaritas.
1543 3345 1702 3411 credebas
1733 3348 1766 3409 in
1798 3353 1856 3411 tua
1887 3347 2010 3412 iniuria

347 3449 465 3536 perire,
489 3451 566 3535 quia
588 3450 643 3514 diu
669 3451 790 3516 licebat
805 3450 921 3515 Italiae
946 3450 1189 3535 possessiouem
1214 3455 1247 3512 te
1271 3448 1459 3513 dominante
1483 3448 1627 3525 retineri,
1652 3469 1712 3514 nec
1728 3448 1912 3515 sufficiebat
1926 3469 2008 3515 con·

348 3554 480 3628 solatio,
505 3553 590 3639 quod
615 3575 686 3619 eam
711 3562 746 3618 tu
771 3575 836 3619 non
859 3552 1068 3640 perdideras,
1100 3574 1173 3616 cum
1197 3555 1364 3618 inmensus
1389 3560 1478 3617 esset
1502 3552 1604 3625 dolor,
1635 3573 1693 3616 cur
1714 3552 1804 3618 illem
1827 3558 2011 3619 retentator

346 3677 410 3721 non
438 3657 524 3722 inter
555 3657 787 3723 dominationis
819 3665 897 3721 tuae
932 3655 1069 3721 exordia
1097 3655 1304 3721 reddidisset.
1353 3657 1456 3720 minui
1488 3658 1644 3721 aestimas
1677 3656 1764 3742 quod
1795 3677 1860 3721 non
1890 3658 2010 3722 crescit

295 3764 337 3826 62
351 3760 532 3846 imperinm.
571 3768 744 3846 postquam
767 3767 878 3825 tamen
900 3759 1024 3844 liquido
1042 3758 1203 3824 'fraserioi
1226 3765 1362 3845 patuere
1385 3767 1569 3841 conmenta,
1593 3760 1773 3825 Gothorum
1788 3759 2010 3825 nobilissimos

348 3863 453 3929 Pitzia
484 3864 631 3929 Herduic
663 3872 697 3929 et
728 3864 850 3950 pubem
882 3864 980 3928 nullis
1018 3862 1124 3926 adhue
1158 3862 1341 3928 dedicatam
1374 3864 1506 3948 proeliis
1539 3864 1726 3944 destinasti,
1764 3870 1802 3927 ut
1829 3863 1856 3926 si
1887 3861 2010 3927 oblatis

349 3967 556 4054 pactionibus
585 3968 830 4053 adquiesceret,
862 3967 963 4031 semel
995 3968 1109 4030 invasa
1139 3967 1281 4031 locorum
1311 3967 1472 4053 potiretur
1503 3967 1649 4032 arbitrio.
1695 3967 1753 4031 sed
1783 3987 1861 4032 usus
1890 3966 2007 4032 incon·
2064 4000 2093 4039 a«

350 4071 467 4136 stantis
497 4071 649 4136 felicitati
677 4078 753 4134 tuae
784 4069 960 4133 obsecutus
985 4076 1051 4134 est:
1087 4071 1170 4154 fugit
1194 4077 1310 4155 sponte
1334 4070 1442 4135 aliena
1465 4077 1499 4135 et
1523 4070 1593 4136 sine
1617 4071 1747 4156 inpulsu
1771 4071 1936 4136 exereitus
1958 4071 2009 4135 tui

349 4173 497 4238 deseruit
519 4172 605 4258 quod
629 4171 782 4238 debebat.
822 4171 975 4236 continuo
991 4172 1106 4251 Pitnia,
1131 4174 1185 4258 qui
1209 4180 1242 4237 et
1264 4173 1305 4238 dc
1329 4179 1361 4237 te
1386 4180 1523 4238 eventus
1547 4174 1644 4239 utiles
1666 4181 1849 4260 sumpserat
1871 4180 1905 4241 et
1926 4194 2006 4240 con·
2022 4211 2045 4253 p.
2058 4206 2104 4246 m

351 4277 497 4341 siliorum
528 4284 695 4342 momente
724 4277 880 4351 librabat.
917 4298 981 4341 non
1011 4277 1209 4362 adquisitam
1244 4300 1318 4342 esse
1352 4284 1471 4341 terram
1505 4276 1644 4340 credidit
1671 4277 1728 4342 sed
1756 4277 1913 4358 refusam,
1944 4298 2008 4343 nee

297 4385 338 4446 63
351 4379 475 4466 rapinis
504 4387 540 4443 ut
567 4381 726 4444 lucrativa
759 4381 934 4466 populatus
965 4388 1029 4457 cst,
1062 4380 1119 4444 sed
1149 4380 1448 4466 dispensationibus
1481 4381 1624 4445 servavit
1645 4387 1682 4443 ut
1705 4382 1844 4467 proprie.
1887 4379 2007 4467 quibus

350 4482 394 4545 ibi
429 4480 666 4547 ordinationem
701 4481 945 4549 moderantibus
986 4506 1044 4569 per
1076 4484 1236 4548 foederati
1271 4484 1443 4548 Mundonis
1478 4483 1748 4548 adtrectationcm
1779 4483 1920 4548 Graecia
1954 4488 2008 4546 est
2062 4516 2093 4555 «ο

451 4723 468 4776 2
486 4726 664 4793 intelligebant
676 4726 701 4776 Β
820 4723 837 4775 3
855 4727 960 4778 euenire
976 4723 1045 4775 V¹U
1156 4724 1173 4775 5
1191 4727 1274 4778 trahet
1287 4726 1312 4776 B
1390 4727 1541 4793 inspiratum
1554 4726 1579 4775 Β
1695 4722 1711 4774 7
1728 4727 1886 4792 contegisset
1898 4722 1923 4773 B
1940 4721 2007 4788 (scil.

350 4810 457 4877 videre),
476 4814 626 4879 contigisset
642 4810 732 4880 (senc)
747 4813 844 4864 Horret
863 4811 907 4877 (cf.
917 4830 946 4877 p.
962 4814 1044 4873 ml
1064 4815 1104 4873 97,
1117 4810 1157 4873 13)
1263 4811 1478 4865 iliuueuiscetB
1547 4812 1679 4864 resicando
1692 4811 1717 4862 B
1821 4809 1838 4863 9
1855 4812 2007 4879 repelleret

351 4900 396 4965 (cs.
412 4897 516 4950 eccll.
533 4898 588 4964 26),
612 4900 734 4966 repellere
746 4899 780 4962 B,
806 4897 930 4950 rebellare
948 4897 1031 4959 ceteri,
1057 4896 1186 4947 debellare
1204 4897 1300 4949 Hartcl
1439 4895 1472 4949 10
1489 4897 1587 4948 aceedit
1598 4896 1634 4961 Ι),
1654 4898 1753 4949 accidet
1764 4896 1798 4960 Β,
1820 4896 1914 4949 eccidit
1930 4897 2007 4949 ceteri

349 4986 440 5050 tetiget
456 4984 600 5052 desperatio
618 4985 645 5049 (o
662 5003 718 5052 sup.
732 4986 776 5036 lia.
795 5001 864 5033 marr.
880 4984 906 5043 2)
925 4982 950 5031 Β
1074 4980 1104 5032 11
1123 4982 1246 5034 iuberuut
1257 4982 1283 5033 B
1404 4981 1437 5032 14
1455 4983 1577 5035 abscedet
1588 4982 1613 5033 B
1736 4981 1768 5033 15
1786 4982 1938 5049 ingemescit
1948 4981 2008 5045 Be,

349 5071 495 5137 ingemiscit
512 5074 587 5123 ceteri
664 5068 739 5137 inest]
759 5079 858 5121 ou.est
870 5070 895 5120 Β
1011 5066 1042 5117 16
1060 5068 1160 5135 legatus
1172 5067 1198 5118 Β
1271 5071 1392 5136 aspicias,
1411 5086 1458 5121 nec
1476 5069 1663 5120 obiectionibus
1682 5067 1740 5131 (uec
1758 5069 1831 5120 obice
1847 5069 1876 5119 ia
1892 5066 1941 5133 lit.)
1959 5066 2009 5133 13¹,

349 5173 397 5207 uec
414 5156 476 5224 rspl.
497 5196 522 5208 ..
542 5159 680 5209 conareris
696 5158 781 5223 aqqu.
799 5157 886 5222 fernay.
900 5157 947 5222 ias.
961 5154 1005 5206 13²
1112 5154 1144 5206 17
1161 5159 1409 5225 repperiurrturBV
1474 5159 1628 5211 occurretB
1731 5156 1762 5208 21
1783 5153 1845 5210 dr'ir·
1862 5158 1901 5223 (irs
1913 5157 2009 5223 lit.)B,

350 5242 508 5294 dominumb
617 5240 652 5293 22
669 5239 747 5310 quod]
766 5258 817 5307 quar
830 5240 855 5290 Β
964 5237 999 5292 24
1017 5239 1090 5308 tuba]
1108 5242 1213 5293 cubeB
1282 5244 1489 5312 tlinnieusiump
1559 5246 1628 5296 limis
1640 5244 1666 5294 Β
1768 5243 1803 5297 25
1820 5242 2010 5297 wacerbatsB

350 5324 385 5377 26
406 5328 550 5394 regentium
572 5328 592 5393 (i
610 5327 678 5394 arcp.)
699 5327 721 5376 V
856 5322 890 5375 27
914 5326 982 5377 unde
999 5326 1034 5390 I),
1058 5344 1107 5378 uas
1119 5327 1153 5391 B,
1175 5346 1208 5381 ue
1229 5327 1282 5392 Vt,
1307 5347 1339 5382 ue
1357 5332 1403 5382 rel.
1542 5332 1669 5385 cotidiana
1690 5332 1714 5380 V
1812 5331 1965 5398 ligationum
1984 5330 2010 5381 B

349 5410 384 5463 29
401 5415 559 5480 gunderitB
677 5414 710 5465 31
730 5424 758 5466 tu
772 5430 821 5464 orn.
835 5412 890 5463 lu!
892 5411 942 5462 UD
1063 5411 1098 5465 32
1115 5416 1239 5467 reddisset
1256 5433 1313 5482 sup.
1325 5417 1371 5468 lira.
1384 5417 1410 5468 di
1423 5416 1448 5467 B
1569 5415 1604 5469 38
1621 5426 1740 5486 getarum
1752 5416 1809 5467 BV
1881 5415 2009 5467 nobilissi-

350 5514 409 5549 mus
426 5499 533 5564 aem,
555 5500 651 5553 eneae
659 5518 681 5565 p
792 5497 827 5551 34
845 5500 972 5552 distillasti
988 5498 1014 5549 B
1127 5497 1162 5552 36
1178 5502 1271 5556 inuata
1288 5501 1322 5568 Β,
1343 5503 1433 5556 invaso
1450 5504 1526 5557 oceri
1638 5501 1672 5557 31
1690 5500 1834 5559 demetet
1903 5502 1972 5573 phin
1983 5500 2010 5554 B

350 5582 460 5637 utilisB
562 5582 596 5641 40
612 5585 816 5641 mnieaeonem
833 5585 931 5641 codices
