4500 6232
651 297 809 363 eccnxrn
829 301 951 377 (crau.
969 306 994 375 a,
1014 307 1076 380 m)
1095 336 1126 347 -
1146 299 1327 363 eecnrrnv
1346 298 1467 376 (clau.
1486 305 1512 370 a,
1531 300 1602 374 m).

885 633 1086 704 cccuxxl
1109 639 1216 722 (canu.
1232 641 1263 720 2,
1283 638 1369 723 144).

884 814 1070 889 VERSVS
1096 815 1357 890 MESSALAE.

664 979 803 1067 Suscipo
828 981 1017 1061 versiculos,
1039 981 1170 1047 Ennodi
1193 983 1351 1069 proxime,
1376 990 1514 1061 nostros,

709 1085 754 1148 vt
777 1085 894 1150 librum
919 1087 1014 1151 nobis
1038 1085 1176 1152 reddere
1199 1108 1262 1152 non
1286 1085 1434 1151 desinas:

661 1186 710 1250 Ne
734 1188 847 1252 foedes
871 1191 1006 1265 cultum,
1030 1189 1107 1253 dum
1129 1188 1279 1269 reddero,
1304 1191 1456 1268 maxime,
1480 1212 1543 1254 non
1572 1191 1631 1270 vis,

708 1291 800 1366 Quae
824 1293 949 1379 pridem
973 1293 1067 1359 nobis
1091 1315 1126 1359 es
1149 1314 1278 1379 quoque
1301 1296 1476 1380 pollicitus.

875 1614 1093 1684 occnxxll
1116 1617 1221 1700 (canu.
1239 1623 1267 1696 2,
1288 1622 1374 1704 145).

937 1796 1090 1870 DOMNI
1117 1796 1306 1872 ENNODI.

662 1960 696 2023 Si
720 1967 763 2039 te,
788 1958 944 2043 Messala,
967 1963 1084 2027 studiis
1107 1962 1187 2027 mihi
1211 1966 1356 2049 pandere
1381 1964 1492 2043 velles,

707 2062 780 2127 Non
804 2062 941 2130 deerant
965 2067 1051 2145 libri,
1073 2088 1155 2152 quoa
1179 2067 1249 2146 tibi,
1273 2067 1379 2141 dulae,
1404 2067 1526 2131 darem.

661 2166 755 2230 Mena
779 2168 902 2231 iniusta
925 2169 1021 2233 nimis
1044 2168 1130 2253 quod
1154 2176 1286 2256 spernat
1309 2171 1394 2234 tollit
1418 2171 1551 2246 amanti,

707 2269 776 2334 Nee
800 2280 929 2355 gratum
952 2279 1004 2337 est
1026 2294 1155 2355 munus,
1178 2273 1264 2369 quod
1287 2274 1371 2359 fugit
1395 2275 1573 2359 ingenium.

863 2596 1101 2666 uacuum
1124 2598 1231 2683 (anau.
1248 2600 1279 2678 2,
1299 2596 1384 2681 llo).

936 2775 1089 2850 DOMNI
1115 2773 1305 2849 ENNODI.

660 2942 750 3008 Artis
773 2943 1007 3028 grammaticae
1030 2943 1149 3008 librum
1173 2941 1213 3007 de
1237 2942 1381 3006 earmine
1403 2942 1506 3007 fracto

707 3046 771 3121 Qui
794 3047 911 3132 poaeit,
936 3046 1058 3111 solidos
1081 3052 1187 3111 certat
1209 3045 1333 3110 habere
1356 3045 1469 3131 peden.

661 3147 830 3213 Outinam
854 3149 958 3214 Musis
983 3150 1175 3234 contingant
1196 3169 1333 3213 munere
1356 3155 1470 3213 nostro

708 3249 758 3316 De
783 3259 816 3316 te
838 3252 1035 3337 quandoque
1059 3251 1179 3337 gaudia
1201 3257 1302 3330 certa,
1324 3256 1420 3337 puer!

591 3369 602 3403 ⁵
660 3354 776 3419 vitant
798 3355 986 3441 loripedem,
1010 3356 1072 3420 nisi
1095 3356 1201 3437 lallor,
1224 3376 1369 3441 pangere
1392 3376 1533 3429 versum,

707 3458 769 3522 Vel
794 3479 873 3543 quos
895 3459 927 3523 in
950 3459 1073 3525 somnia
1096 3459 1278 3545 respiciunt
1301 3456 1420 3524 studia.

868 3782 1095 3853 ccanxxlv
1118 3785 1224 3871 (crau.
1242 3789 1272 3867 2,
1293 3788 1377 3871 147).

932 3965 994 4037 DE
1022 3962 1306 4040 HONORATO.

659 4130 754 4195 onr
775 4130 928 4196 llaaaonia
951 4132 1044 4218 eopia
1068 4130 1179 4197 dotata
1201 4131 1345 4211 Falerni,

661 4231 803 4320 Semper
824 4233 1022 4300 inexhausto
1046 4241 1163 4322 peetus
1186 4235 1314 4322 repleta
1336 4235 1459 4321 Lyaeo,

660 4336 754 4410 Quae
779 4337 946 4402 Bacchum
968 4337 1108 4403 madidis
1132 4338 1218 4404 colui
1239 4345 1397 4404 venerata
1418 4337 1559 4416 labellis,

660 4439 806 4527 Turgida
828 4447 955 4506 metato
977 4443 1184 4528 permulcens
1205 4443 1341 4507 numina
1362 4448 1479 4523 musto,

589 4558 600 4593 ⁵
660 4543 846 4610 Concludor
868 4546 947 4610 aieei
970 4546 1055 4611 bene
1079 4546 1211 4612 aonaeia
1233 4548 1379 4632 tegmine
1402 4545 1500 4611 busti.

659 4646 721 4713 ast
743 4654 853 4714 tamen
876 4647 918 4714 ad
941 4670 1075 4736 superos
1098 4651 1239 4715 coniunx
1261 4649 1342 4714 mihi
1363 4647 1492 4729 nobilis,
1516 4668 1610 4728 euoe,

660 4750 786 4818 Poeula
808 4773 906 4840 quam
929 4773 1105 4841 numquam
1129 4754 1257 4840 possint
1278 4753 1419 4819 transire
1441 4752 1550 4818 beata.

660 4855 765 4931 Quem
790 4857 819 4920 ai
842 4854 911 4921 iata
931 4857 1037 4922 virum
1061 4865 1203 4940 servant,
1224 4858 1284 4923 tibi
1306 4856 1445 4922 vivimus
1467 4854 1574 4922 ambo.

398 5098 581 5168 [COELXXII]
618 5119 642 5152 v.
663 5099 676 5152 l
696 5101 807 5153 Messala
818 5100 922 5164 Hand,
939 5101 1074 5154 meantium
1092 5102 1152 5154 libri
1220 5102 1335 5155 uellisB
1439 5118 1463 5154 v.
1483 5099 1500 5153 4
1518 5097 1578 5167 nae]
1596 5096 1666 5151 neB

396 5202 592 5272 [cccaxxm]
622 5201 676 5254 ml
696 5205 775 5255 traam
787 5201 821 5267 Β,
838 5206 994 5258 faotooeleri
1096 5202 1151 5258 ν.2
1168 5214 1249 5258 earm
1265 5204 1370 5275 habore]
1389 5214 1487 5259 eerrala
1505 5221 1566 5258 uara
1578 5203 1604 5254 B
1708 5199 1761 5253 ul
1779 5196 1943 5286 quaudoque]

292 5293 395 5358 quando
412 5291 585 5359 periturove,
602 5290 756 5357 quandoque
772 5290 808 5341 ah
820 5289 917 5343 Harrei

398 5390 592 5462 [cccuxxw]
628 5410 652 5442 v.
671 5389 689 5443 3
706 5393 813 5445 meeum
831 5394 930 5447 cadim
1032 5412 1057 5448 v.
1076 5393 1093 5446 6
1110 5411 1175 5448 auoe
1187 5396 1291 5462 Harrei,
1308 5413 1376 5448 euue
1389 5395 1449 5447 libri
1552 5412 1576 5446 v.
1594 5390 1612 5439 8
1629 5389 1787 5443 niuomuaB
