4500 6232
288 237 328 335 eo
993 272 1027 326 rs
1046 272 1180 341 (opusc.
1198 274 1234 341 a).

289 443 491 523 sectandum,
521 444 606 530 quod
631 445 801 511 statuisset
825 465 941 508 censor
964 444 1149 509 invalidus?
1195 446 1272 531 quid
1296 445 1478 533 praefatum
1501 426 1665 511 incessitis
1689 445 1807 511 canina
1829 445 1942 530 loqua-

288 547 407 612 citate?
453 548 530 634 quid
564 549 693 615 laeditis
727 571 790 613 non
825 554 1027 613 merentem?
1072 557 1182 614 votum
1216 549 1286 614 eius
1321 556 1372 615 est
1407 549 1491 634 quod
1529 556 1674 614 vestrum
1710 548 1832 635 putatis
1868 568 1943 613 esse

236 650 456 718 50terrorem.
500 651 558 716 sed
588 655 726 717 astutius
757 654 789 716 in
812 651 905 716 vobis
933 673 1030 737 quam
1059 653 1091 716 in
1113 651 1277 717 Athenaei
1300 653 1498 718 adversariis
1521 652 1643 718 novelli
1665 653 1754 716 virus
1776 651 1942 737 serpentis

285 752 442 820 insibilat.
480 754 528 817 illi
543 756 731 819 nescierunt
747 754 831 840 quod
848 775 904 817 vos
929 755 1049 840 optime
1073 755 1208 833 calletis,
1232 755 1371 839 qualiter
1393 756 1577 842 triumphus
1598 756 1771 821 tolleretur
1791 754 1942 840 inpetito.

286 856 332 920 illi
356 866 576 942 provocatum,
597 880 638 923 ne
662 857 842 922 audiendus
866 879 930 922 non
954 864 1148 935 occurreret,
1171 857 1403 923 formidabant:
1429 881 1486 924 vos
1507 882 1629 925 moram
1651 880 1749 945 quam
1772 857 1941 923 habebant
2007 871 2019 907 ἕ»

287 961 441 1026 examine
474 983 539 1025 non
575 962 719 1027 ferentes
751 962 937 1027 venientem
973 962 1087 1025 iaculis
1124 962 1312 1047 reppulistis
1346 969 1378 1026 et
1413 962 1558 1027 taedium
1589 962 1680 1027 vobis
1710 963 1750 1027 de
1779 960 1943 1027 sententia

289 1072 518 1150 praeparatum
541 1087 704 1129 armorum
728 1066 892 1129 ultricium
919 1064 1144 1150 adsumptione
1175 1066 1397 1142 conmutastis.
1442 1067 1639 1130 amalorum
1669 1064 1942 1146 commemoratio,

289 1187 374 1252 quae
391 1188 502 1231 vocem
520 1175 553 1232 et
568 1176 711 1253 praestat
735 1176 768 1232 et
791 1168 927 1247 subruit,
951 1167 1026 1231 dum
1052 1167 1149 1251 (illos)
1174 1189 1254 1252 quos
1279 1169 1310 1232 in
1334 1169 1507 1232 clamorem
1531 1170 1686 1254 coegerit,
1709 1189 1819 1233 eorum
1842 1168 1943 1232 etiam

288 1270 450 1355 gravitate
472 1272 550 1336 facti
574 1272 674 1335 verba
697 1269 877 1335 confundit.

236 1370 272 1430 51
397 1373 478 1447 Quis
512 1376 656 1460 patiatur
684 1396 742 1439 vos
777 1396 881 1458 aequo
912 1374 1018 1438 auimo
1051 1374 1252 1458 garrientes?
1306 1396 1384 1459 ergo
1416 1397 1473 1439 nos
1509 1374 1688 1439 secundum
1719 1374 1939 1440 adsertionem
1995 1385 2022 1423 ¹⁰

288 1484 431 1542 vestram
455 1479 605 1543 novellae
629 1478 778 1542 utilitatis
803 1476 1057 1541 commodanon
1080 1476 1241 1556 emamus,
1264 1476 1340 1540 doru
1364 1477 1506 1542 definitis
1530 1477 1712 1542 senioribus
1734 1482 1975 1564 praestemuss·
1991 1492 2029 1534 ³oe

289 1582 503 1666 obsequium?
542 1582 594 1646 hie
610 1588 678 1645 tota
694 1581 816 1665 ingenii
832 1581 905 1644 vela
922 1578 1132 1666 suspenditis,
1156 1579 1209 1643 hic
1227 1582 1399 1666 resupinae
1417 1581 1554 1646 cervicis
1578 1602 1620 1645 ex
1643 1601 1777 1647 secessu
1799 1580 1942 1667 pectoris

290 1684 444 1770 quidquid
466 1684 582 1749 habuit
603 1685 743 1749 flaminis
768 1692 877 1748 ructus
902 1684 1055 1747 evomuit.
1095 1684 1187 1747 aiunt
1209 1685 1313 1748 enim:
1343 1685 1462 1770 ‘Moysi
1478 1708 1497 1750 a
1513 1684 1604 1750 vobis
1626 1685 1747 1750 ieiunia
1763 1691 1796 1750 et
1810 1683 1941 1750 Helisei

287 1787 444 1852 miracula
460 1809 543 1872 quae
561 1789 636 1872 egit,
661 1787 736 1851 dum
752 1796 914 1851 mortuum
931 1787 1111 1864 suscitavit,
1130 1789 1156 1851 si
1175 1809 1299 1852 annosa
1315 1795 1440 1853 tantum
1457 1788 1640 1866 sectamini,
1663 1785 1941 1853 condemnantur'.

236 1889 367 1975 ecquid
391 1890 442 1954 hio
466 1892 601 1955 rationis
629 1892 754 1955 invenit
780 1897 942 1955 scrutator
971 1890 1105 1955 idoneus
1116 1898 1129 1954 ‘t
1175 1912 1240 1954 non
1268 1892 1295 1955 ei
1324 1892 1395 1957 auri
1421 1892 1561 1978 pallidus
1590 1892 1762 1978 inquisitor
1783 1898 1943 1972 occurrat,
1996 1915 2020 1953 tt·

287 1994 320 2056 in
351 1993 502 2058 sensibus
532 1995 651 2060 vestris
680 1995 852 2059 latentium
881 2016 1038 2059 venarum
1072 2002 1178 2058 motus
1203 1997 1349 2061 inveniat
1372 2003 1405 2060 et
1428 1997 1565 2061 insuetis
1588 1996 1696 2062 lucem
1718 1994 1852 2060 latebris
1875 2014 1944 2058 ser·

288 2117 419 2160 monum
443 2097 544 2161 fossor
567 2097 728 2162 admittat.
767 2096 886 2161 idcirco
910 2118 988 2181 ergo
1012 2118 1096 2161 cana
1118 2097 1276 2161 miracula
1298 2119 1362 2163 non
1384 2098 1571 2184 probamus,
1595 2098 1621 2162 si
1644 2096 1842 2163 iuvenilibus
1866 2116 1944 2161 con-

290 2221 423 2265 sensum
446 2222 509 2264 non
534 2201 728 2286 praebemus
752 2200 945 2265 excessibus
954 2208 967 2263 't
1013 2200 1040 2264 si
1064 2221 1194 2264 servum
1219 2199 1359 2280 domino,
1383 2201 1580 2288 discipulum
1602 2202 1758 2286 magistro
1782 2200 1945 2285 evangelii

289 2324 451 2369 memores
480 2305 715 2388 subiugamus,
740 2304 896 2389 quidquid
924 2305 1028 2390 potuit
1054 2303 1211 2389 prodesse
1242 2305 1447 2390 neglegimus
1456 2314 1470 2368 'l
1515 2306 1580 2369 alia
1604 2310 1693 2384 sunt,
1723 2303 1944 2390 inprobissimi

291 2405 466 2486 hominurn,
490 2426 573 2491 quae
597 2406 639 2471 ad
662 2428 755 2471 usum
779 2413 946 2472 recentem
970 2406 1039 2470 siue
1064 2407 1183 2471 iniuria
1206 2409 1378 2471 vetustatis
1402 2408 1605 2474 adhibemus.
1996 2430 2023 2467 aa

237 2507 278 2569 53
398 2508 524 2574 Novam
547 2509 666 2575 deinde
691 2511 819 2595 culpam
843 2518 876 2574 et
899 2531 996 2595 quam
1025 2510 1233 2594 investigatio
1262 2518 1374 2575 nostra
1403 2513 1576 2577 transierat
1602 2511 1796 2577 reclusistis:
1831 2512 1945 2595 ‘quare

291 2634 377 2700 papa
400 2614 470 2678 sine
499 2614 643 2700 exempli
676 2615 822 2678 instituto
853 2613 1081 2700 praecedentis
1110 2612 1270 2698 synodum
1302 2616 1505 2695 convocavit,
1538 2622 1574 2679 ut
1602 2615 1643 2680 de
1675 2614 1846 2678 eriminum
1875 2613 1945 2677 eius

290 2715 470 2781 obiectione
502 2714 746 2802 cognosceret‘t'
799 2722 872 2802 post
901 2717 982 2780 baec
1011 2737 1069 2780 noe
1100 2715 1254 2781 falsitatis
1287 2719 1437 2802 arguitis,
1473 2740 1530 2783 cur
1561 2719 1762 2804 aprincipe,
1796 2737 1881 2802 quae
1913 2716 1946 2781 iu

238 2820 440 2906 blpraefato
463 2821 594 2906 negotio
618 2821 739 2907 scripta
763 2827 848 2899 sunt,
872 2820 1008 2885 dicimus
1032 2820 1206 2905 postulata.
1251 2829 1394 2907 praesta,
1425 2821 1566 2903 domine,
1595 2829 1632 2887 ιιι
1650 2820 1825 2908 labyrinthi
1848 2819 1946 2885 buius

293 2924 363 2988 sine
387 2944 494 2989 errore
519 2924 668 2989 sinuosos
692 2945 884 3011 superemus
906 2924 1097 3000 amfractus;
1119 2923 1223 3010 dirige
1247 2924 1414 3006 semitam,
1438 2947 1535 3011 quam
1556 2926 1674 2991 flexilis
1700 2924 1834 2990 coluber
1852 2925 1947 2990 iuxta
1999 2946 2018 2985 a

136 3027 446 3093 escausfabriesm
478 3029 601 3115 proprii
634 3030 775 3116 corporis
806 3035 862 3093 aut
890 3028 1008 3093 mentis
1041 3034 1204 3114 operatur,
1237 3035 1273 3091 ut
1300 3050 1377 3093 vere
1408 3028 1567 3094 dieamus:
1601 3029 1763 3093 ‘dominus
1791 3028 1947 3093 virtutum

174 3125 254 3229 ffip
290 3130 471 3212 nobiscum,
507 3133 634 3197 adiutor
661 3139 771 3197 noster
797 3132 879 3197 deus
904 3131 1023 3203 Iacob',
1062 3139 1095 3197 et
1123 3153 1196 3196 cum
1220 3130 1398 3197 Solomone
1432 3134 1618 3199 exultemus
1651 3133 1795 3198 dicente:
1831 3137 1948 3219 ‘equus

237 3235 278 3295 55
291 3241 425 3320 paratur
447 3237 479 3300 in
497 3235 548 3300 die
565 3236 661 3301 belli:
685 3235 771 3322 apud
789 3236 952 3301 dominum
969 3243 1019 3300 est
1035 3243 1144 3301 autem
1161 3257 1255 3301 omne
1272 3234 1493 3322 praesidium'.
1533 3237 1799 3322 superforaneum
1815 3230 1948 3322 quidem

156 3350 270 3399 suast.
291 3344 343 3402 est
371 3337 520 3403 absurdis
550 3340 748 3426 respondere
779 3338 1054 3426 propositionibus
1078 3338 1206 3403 dicente
1230 3339 1369 3426 profeta:
1400 3342 1451 3404 ‘ue
1475 3338 1673 3425 respondeas
1695 3338 1882 3425 inprudenti
1904 3338 1948 3404 ad

291 3441 532 3528 inprudentiam
549 3442 640 3508 eius'.
679 3442 739 3509 sed
755 3445 782 3507 si
800 3443 878 3529 quid
898 3448 1104 3528 contemptus
1129 3442 1305 3524 transierit,
1327 3462 1443 3508 vereor
1465 3464 1506 3509 ne
1530 3444 1623 3529 quasi
1646 3441 1789 3508 validum
1811 3447 1947 3529 putetur
1998 3459 2024 3499 w

291 3565 355 3610 non
378 3546 525 3631 tetigisse
549 3546 694 3614 formido.
738 3546 856 3611 melius
880 3546 976 3611 nobis
1000 3552 1051 3610 est
1074 3566 1147 3610 cum
1170 3544 1268 3610 beato
1283 3545 1388 3611 Paulo
1412 3546 1633 3612 insultationis
1656 3567 1775 3611 causas
1799 3544 1980 3612 incideres·
1994 3562 2033 3604 ιιι

135 3643 227 3747 ¹{3fyfj
239 3647 280 3709 56
292 3655 325 3715 et
354 3649 452 3734 plena
476 3671 553 3714 voco
585 3653 713 3716 testari:
747 3652 865 3715 ‘laetus
894 3671 965 3713 sum
996 3649 1168 3735 insipiens,
1200 3671 1259 3713 vos
1287 3671 1339 3714 me
1368 3649 1542 3735 coegistis'.
1586 3650 1722 3715 hoccine
1750 3670 1828 3734 ergo
1856 3648 1946 3713 nullo

291 3752 463 3818 constabat
495 3754 660 3840 exemplo,
698 3763 734 3819 ut
769 3754 973 3820 sacerdotum
1009 3776 1094 3841 papa
1126 3754 1299 3819 concilium
1328 3760 1535 3832 convocaret,
1571 3753 1663 3818 cuius
1696 3752 1867 3817 arbitrium
1895 3757 1949 3817 est

396 4100 409 4151 l
434 4101 566 4153 lacessatis
583 4101 621 4165 B,
648 4100 788 4151 incessistis
806 4099 863 4150 OPb
960 4098 1122 4167 loquacitate]
1147 4101 1279 4152 atacinus
1297 4097 1410 4164 BV¹S,
1437 4097 1611 4151 colaudated
1751 4096 1879 4149 ‘dledites
1896 4094 1949 4161 13¹,

290 4185 307 4238 3
328 4188 441 4239 estodus
461 4187 604 4239 mocesario
628 4204 686 4238 cum
711 4186 770 4238 edit.
792 4186 879 4237 Coton.
904 4186 1066 4238 embadum
1087 4195 1135 4249 est,
1161 4187 1270 4239 astutior
1288 4186 1348 4237 libri
1433 4185 1530 4236 amnesi
1546 4184 1585 4248 B,
1608 4185 1716 4237 emenii
1732 4183 1760 4248 V,
1776 4184 1903 4236 sthennii
1922 4182 1948 4235 Δ

201 4276 213 4296 “
290 4270 307 4323 4
332 4273 437 4324 tolletur
453 4271 478 4323 B
616 4269 634 4322 8
656 4272 714 4324 illos
738 4281 783 4323 out
804 4272 945 4324 οἱσίοιιὰιιιιι
967 4281 1012 4322 aaa
1035 4273 1063 4322 ia
1084 4273 1129 4323 illa
1154 4272 1334 4338 corripendum
1474 4268 1507 4321 12
1528 4271 1684 4337 suspenditis
1700 4268 1754 4334 Ba,
1785 4270 1949 4337 suspendites

292 4357 351 4424 (sic)
376 4357 418 4409 Βὁ
560 4355 591 4408 13
615 4358 738 4424 quicquid
760 4358 784 4407 V
878 4358 969 4409 habuit
995 4358 1099 4424 spiritus
1126 4359 1236 4409 flaminis
1254 4358 1305 4408 Art
1405 4358 1504 4423 moysin
1528 4354 1678 4424 (moysiuii)
1695 4356 1720 4407 B
1818 4355 1905 4407 elisaei
1922 4354 1947 4405 A

293 4443 325 4495 16
343 4452 427 4496 motus
439 4443 521 4506 ΑΒΕ,
538 4452 620 4495 motos
637 4444 712 4495 ceteri
818 4441 849 4494 ll
868 4445 1008 4496 iuuenibus
1019 4445 1046 4494 B
1151 4445 1183 4497 le
1201 4446 1291 4497 bemus
1309 4445 1458 4496 excessibus
1471 4484 1476 4496 .
1492 4482 1497 4495 .
1512 4481 1518 4493 .
1533 4483 1539 4496 .
1551 4446 1673 4511 magistro
1686 4461 1734 4495 ons.
1751 4442 1817 4493 Μ
1823 4440 1841 4506 ¹,
1858 4444 1886 4493 ia
1898 4460 1948 4509 ary.

290 4526 534 4597 isytsuppwffl
587 4530 769 4596 euuangeliiB
865 4528 898 4581 19
909 4531 1098 4597 subiungamus
1109 4528 1184 4581 (7le
1236 4530 1394 4597 quioquidV
1484 4527 1678 4597 23arguetisB
1772 4527 1806 4581 24
1819 4528 1950 4581 scribtsB

290 4617 413 4668 labereuti
426 4613 500 4678 Bm,
517 4616 634 4667 laberiuti
646 4615 721 4667 ester-i
816 4615 851 4666 ‘25
868 4617 988 4667 sinuosus
1001 4616 1026 4666 B
1086 4621 1224 4670 amfractus
1242 4618 1342 4679 Vale,
1360 4621 1493 4669 umt'ractos
1503 4617 1536 4680 B,
1553 4618 1683 4668 anfractus
1694 4617 1741 4667 rel.
1835 4611 1948 4667 2'lsolo·

291 4701 411 4765 moueB,
428 4702 556 4753 salomom
569 4703 643 4753 ceteri
742 4700 776 4752 ‘28
795 4702 942 4764 dieBOPb,
959 4702 1025 4754 diem
1038 4704 1084 4754 rel.
1147 4702 1365 4770 superforaneum]
1384 4720 1574 4770 superuacuum
1588 4701 1639 4752 AB
1737 4699 1772 4752 29
1790 4700 1948 4769 prophetui

290 4785 327 4841 30
343 4788 478 4840 transierat
494 4786 626 4838 VLTOPb
731 4786 763 4838 31
782 4796 821 4840 est
839 4788 912 4839 uobis
926 4788 1004 4840 Siras.

433 4946 467 4951 --
492 4945 694 4951 ------·-·—-·-·
718 4944 969 4951 ----—·-——---
990 4945 1058 4950 ----
1082 4946 1159 4952 --.-
1181 4946 1221 4952 -.-
1238 4946 1281 4953 -,
1304 4946 1339 4951 -.
1363 4946 1549 4953 .-.-.....-.,-,
1592 4947 1596 4951 .
1661 4946 1669 4952 .
1702 4946 1769 4951 ..—.
1782 4944 1822 4949 ---
1853 4942 1942 4953 --0--

393 5059 496 5112 ‘lActo
517 5073 575 5127 aya.
593 5075 613 5112 c.
628 5064 659 5113 3:
689 5062 801 5114 sanctus
825 5078 900 5131 papa
923 5060 1105 5128 Symmachus
1129 5102 1134 5114 .
1156 5103 1162 5115 .
1181 5103 1187 5116 .
1209 5104 1215 5115 .
1240 5061 1275 5115 dc
1302 5062 1465 5117 evocatione
1492 5060 1618 5130 synodali
1646 5056 1862 5114 clementissimo
1888 5056 1949 5128 regi

289 5145 396 5214 gestias
414 5144 525 5199 rettulit
544 5146 572 5198 et
590 5160 646 5197 rem
665 5145 795 5200 desiderii
815 5145 855 5200 sui
875 5147 999 5201 evenisse
1017 5151 1136 5202 testatus
1155 5152 1204 5202 est.

393 5233 410 5283 6
426 5230 486 5285 ibid.
506 5248 527 5284 c.
541 5238 571 5284 6:
597 5248 672 5301 papa
690 5235 722 5285 ιιι
739 5249 852 5286 causam
871 5231 976 5287 diceret
1001 5234 1171 5288 occurrebat.
1208 5235 1257 5304 qui
1276 5235 1391 5290 veniens
1409 5235 1444 5289 ab
1468 5232 1644 5288 inruentibus
1665 5230 1755 5287 turbis
1777 5231 1951 5286 aemulorum

291 5333 403 5371 suorum
421 5315 463 5370 itu
482 5319 619 5372 tractatus
638 5320 693 5383 est,
712 5320 744 5371 ut
762 5317 859 5372 multis
877 5319 1058 5388 presbyteris,
1077 5320 1126 5389 qui
1146 5338 1207 5375 cum
1227 5321 1288 5391 ipso
1307 5321 1411 5385 ierant,
1430 5338 1480 5390 per
1497 5319 1609 5375 caedem
1627 5319 1717 5387 ipsam
1735 5316 1834 5372 mortis
1851 5316 1951 5373 suimet

290 5401 397 5457 occasio
416 5405 468 5456 etc.
505 5402 679 5472 Qnmadsrss
700 5404 753 5472 ipsse
774 5403 806 5456 ia
828 5405 952 5458 rdatione
977 5406 1156 5473 memorum
1180 5406 1217 5460 ad
1241 5423 1324 5476 reyes
1346 5407 1438 5473 (Tlsiel
1454 5423 1482 5474 p.
1497 5410 1571 5474 677).·
1600 5421 1661 5459 cum
1689 5402 1865 5459 convenirem
1887 5420 1951 5458 curn

291 5487 364 5541 clero
382 5503 451 5549 meo,
470 5487 621 5544 crudeliter
638 5489 813 5545 demactatus
830 5507 891 5544 sum
909 5496 932 5544 et
948 5491 979 5543 ia
991 5492 1090 5560 apotoy.
1102 5490 1228 5546 adsersus
1239 5493 1380 5547 Anactes.-
1405 5492 1480 5546 inter
1496 5491 1599 5547 imbres
1617 5489 1745 5562 lapidum
1762 5491 1843 5546 tutus
1861 5488 1950 5547 evasit

290 5570 427 5627 iudicavit
444 5571 513 5627 deus
530 5575 609 5642 (quac
626 5575 702 5630 verbu
718 5576 770 5631 suc
786 5581 900 5644 spectum
920 5575 1099 5646 maidunensi
1115 5582 1193 5648 nepot
1214 5577 1291 5632 Tltisl
1303 5594 1332 5648 p.
1347 5583 1399 5632 702
1415 5582 1468 5631 not.
1486 5579 1538 5647 10).
