4500 6232
746 292 1071 369 carcanensem
1091 294 1475 371 -eecrrnrrsraao
1876 304 1939 371 aaa

288 469 533 557 praestiterunt.
578 493 715 558 quorum
741 494 826 537 nunc
848 474 1046 539 abstinentia
1069 495 1133 538 nou
1165 473 1272 539 adfert
1302 475 1484 555 tristitiam,
1515 474 1575 540 sed
1603 477 1691 561 cogit
1720 477 1762 541 ad
1792 479 1939 544 exitium.

290 575 395 659 potuit
419 577 506 639 enim
530 576 628 640 saluti
652 598 747 662 opem
778 577 938 651 tribuere,
969 575 1055 662 quod
1083 586 1159 641 ante
1186 577 1337 641 militavit
1359 577 1502 644 affectui.
1548 579 1697 643 abiurata
1720 589 1772 645 est
1793 582 1939 646 caritatis

289 679 416 762 religio,
441 679 568 764 qnando
593 680 762 764 profutura
784 701 878 744 meae
902 679 1075 744 valitudini
1098 679 1198 744 verba
1221 679 1436 764 denegantur.
1482 683 1659 766 agnovistis
1683 683 1761 768 quid
1788 685 1937 749 lecerunt

290 783 421 846 silentia
445 791 568 859 vestra,
598 783 714 868 quibus
745 784 974 849 emendatione
1006 785 1201 853 succurrite:
1232 806 1306 849 nam
1336 785 1424 871 apud
1448 807 1504 849 νοο
1528 787 1556 850 si
1579 786 1643 849 mci
1666 807 1729 849 non
1754 786 1939 851 dominatur

225 906 237 941 a
290 886 422 963 oblivio,
447 887 622 973 scriptione
647 895 822 951 mutantur.
860 888 990 952 domine
1015 890 1067 965 mi,
1091 889 1228 953 salntem
1253 891 1469 974 largissimam
1493 891 1641 954 reserens
1658 889 1754 954 dcum
1770 890 1970 977 deprecor,3

289 994 324 1052 nt
347 989 494 1053 aestibus
518 991 599 1054 meis
624 991 755 1075 superni
780 990 990 1076 dispositione
1016 992 1137 1056 favoris
1154 999 1302 1056 occurrat
1325 1001 1357 1056 et
1381 994 1412 1056 in
1437 994 1560 1057 solacio
1583 1015 1766 1057 maerorum
1791 1014 1936 1058 meorum

288 1092 345 1156 illa
367 1114 387 1156 a
411 1093 504 1157 vobis
528 1091 665 1157 indicari
689 1094 799 1174 laciat,
823 1115 907 1179 quac
931 1095 1075 1159 delectet
1097 1096 1243 1180 agnosci.

947 1383 1023 1452 000
1046 1386 1154 1469 (cerer.
1172 1388 1202 1466 6,
1219 1385 1285 1470 33).

658 1579 894 1654 nnuonrvs
921 1579 1202 1654 uonursnrn
1229 1581 1289 1653 ur
1316 1537 1570 1654 mescone.

409 1728 493 1821 Scio
531 1756 765 1820 conscientiam
802 1756 987 1840 religiosam
1025 1756 1149 1839 grande
1187 1757 1363 1821 aestimare
1398 1756 1644 1844 compendium,
1684 1757 1710 1821 si
1747 1756 1963 1842 praestandit

288 1869 442 1925 nascatur
464 1860 605 1929 occasio,
629 1859 678 1922 bis
702 1859 847 1923 maxime
865 1880 945 1945 quos
966 1858 1100 1924 devotos
1120 1861 1271 1924 extitisse
1295 1860 1523 1925 meminerunt.
1561 1881 1639 1945 crgo
1663 1860 1811 1946 quamvis
1835 1861 1938 1946 prima

289 1965 493 2028 reverentiae
517 1969 645 2026 vestrae
670 1983 770 2027 cansa
793 1965 835 2026 sit
858 1964 981 2050 scripta
1004 1963 1154 2028 mittendi
1179 1971 1212 2029 et
1234 1965 1385 2029 utilitatis
1403 1964 1558 2048 allegatio
1581 1963 1623 2027 sit
1647 1963 1840 2029 subicienda
1863 1962 1937 2028 dili-

287 2069 431 2152 gcntiac,
455 2072 600 2130 attamen
624 2066 743 2130 anxius
767 2066 894 2129 animus
919 2087 1018 2151 saepe
1041 2067 1231 2131 necessaria
1247 2067 1419 2153 praeponit
1434 2067 1579 2131 allectui.
1613 2066 1733 2130 rctiuet
1748 2067 1969 2132 fraternitam

287 2179 397 2234 vestra
420 2169 572 2233 domnum
597 2189 714 2256 papam
742 2167 783 2231 de
813 2190 977 2255 expensa,
1009 2190 1104 2253 quam
1135 2170 1307 2256 episeopus
1336 2191 1430 2233 meus
1460 2169 1547 2255 apud
1570 2169 1762 2233 Ravennam
1785 2191 1843 2255 pro
1866 2171 1937 2234 eius

287 2274 429 2337 utilitate
454 2294 505 2336 mc
530 2271 712 2359 spondente
735 2271 870 2349 fecerat,
893 2272 1132 2336 restitutionem
1156 2273 1260 2337 luisse
1285 2273 1476 2359 pollicitum.
1520 2271 1578 2336 sed
1601 2278 1708 2336 actum
1733 2277 1799 2351 est,
1822 2277 1858 2335 ut
1882 2273 1937 2336 vix

222 2397 233 2433 ο
287 2376 327 2440 ad
352 2397 408 2438 vos
432 2375 591 2460 dirigendi
623 2382 807 2461 praestaret
835 2375 993 2455 indutias,
1024 2383 1058 2440 ct
1084 2375 1125 2440 de
1155 2398 1228 2441 mea
1256 2377 1317 2440 sibi
1348 2375 1614 2441 satisfaciendum
1647 2396 1721 2439 esse
1752 2374 1937 2439 substantia

286 2484 496 2563 protestatur.
534 2500 619 2542 nunc
643 2480 719 2565 quia
740 2478 873 2564 grandis
897 2500 1024 2544 summa
1046 2501 1110 2544 nou
1135 2489 1187 2544 cst
1202 2502 1285 2565 quae
1301 2481 1494 2567 reposcitur,
1518 2487 1552 2543 et
1576 2499 1736 2543 summum
1761 2485 1812 2542 est
1835 2477 1937 2543 bene·

287 2581 392 2645 licium
415 2602 468 2645 me
492 2582 532 2645 ab
557 2581 788 2667 ingratitudine
812 2583 901 2657 eius,
930 2602 1015 2668 quae
1039 2581 1166 2647 videtur
1189 2583 1291 2661 iusta,
1322 2582 1533 2657 subtrahere,
1565 2580 1712 2646 ordinate
1735 2580 1821 2667 quod
1845 2580 1937 2644 vobis

287 2686 457 2750 retributio
488 2706 629 2771 superna
657 2694 858 2771 compenset.
911 2686 1034 2750 domiui
1064 2687 1124 2768 mi,
1155 2687 1293 2751 salutem
1325 2685 1639 2750 abundantissimam
1669 2684 1809 2750 reddens
1839 2683 1968 2750 deum3

286 2809 419 2873 quaeso,
443 2790 498 2874 qui
521 2789 639 2853 animis
662 2791 782 2854 νοοῖτὶο
805 2790 890 2875 quod
914 2812 966 2854 mc
989 2789 1162 2855 sublevare
1179 2791 1283 2877 possit
1300 2790 1445 2877 inspiret.
1481 2810 1544 2874 ego
1560 2797 1668 2853 autem
1685 2787 1773 2853 adlui
1790 2786 1936 2874 partibus

208 2918 219 2954 ·.
287 2892 383 2965 mois,
412 2893 466 2977 qui
495 2912 568 2956 cum
597 2894 835 2958 contestatione
863 2894 1020 2958 maeroris
1043 2913 1102 2981 per
1128 2895 1264 2981 paginas
1292 2894 1425 2958 indicati
1450 2893 1555 2958 direxi
1577 2892 1802 2957 fidelissimum
1826 2892 1934 2978 perla-

288 3002 401 3061 torem.
425 2996 479 3079 qui
504 2995 599 3059 nobis
622 2995 818 3083 perferenda
840 2997 910 3061 sine
934 2997 1158 3061 imminutione
1182 2997 1346 3081 suscipiat.

931 3285 1027 3355 0001
1050 3291 1159 3369 (rerer.
1176 3290 1206 3367 o,
1223 3288 1289 3371 34).

800 3481 1036 3556 ENNODIVS
1063 3480 1251 3555 FAVSTO
1279 3480 1420 3555 ALBO.

395 3626 567 3737 Quamvis
590 3656 904 3742 magnitudovcstra
922 3659 1127 3744 perlongum
1146 3657 1310 3723 silentium
1329 3656 1525 3721 oblivionem
1547 3655 1610 3720 mei
1633 3654 1733 3720 fuerit
1755 3657 1964 3718 contestatat

286 3770 333 3843 et,
363 3761 504 3825 dumah
529 3760 759 3846 epistolaribus
781 3761 900 3825 muniis
924 3766 1101 3848 temperat,
1131 3761 1321 3826 memoriam
1346 3759 1558 3845 obsequentis
1588 3757 1760 3837 abiecerit,
1790 3763 1935 3821 attamen

206 3889 231 3927 a
284 3864 492 3950 providentia
523 3864 675 3929 caelestis
706 3863 877 3929 desideriis
908 3865 990 3930 meis
1020 3884 1177 3950 prospera
1205 3871 1317 3929 restra
1344 3884 1409 3928 non
1438 3862 1562 3949 patitur
1593 3861 1748 3925 occultari
1778 3866 1812 3925 ct
1841 3859 1937 3924 variis

284 3967 413 4032 indiciis
437 3988 625 4032 successum
649 3968 738 4033 cirea
755 3989 814 4032 νοο
838 3968 984 4054 resignat
1006 3973 1162 4055 optatum.
1197 3988 1282 4033 nunc
1306 3974 1415 4032 tamen
1439 3967 1567 4031 animus
1583 3986 1676 4031 meus
1692 3985 1796 4049 usque
1812 3962 1854 4027 ad
1870 3964 1967 4027 hcet

284 4069 490 4135 devinctione
514 4069 691 4157 perductus
715 4076 781 4151 est,
808 4076 844 4135 ut
866 4073 1032 4159 proprium
1055 4070 1097 4135 ad
1120 4092 1178 4136 vos
1200 4070 1373 4156 dirigerem
1395 4071 1609 4157 perlatorem,
1637 4068 1691 4154 qui
1714 4068 1798 4133 viris
1821 4072 1935 4154 pastus

284 4173 474 4261 aspectibus
497 4172 584 4238 bona
607 4173 649 4237 ad
677 4196 729 4239 me
756 4174 931 4240 manifesta
960 4174 1128 4262 perducat.
1175 4173 1314 4253 credite,
1345 4173 1481 4254 domini,
1514 4193 1635 4257 magua
1661 4191 1713 4236 me
1740 4169 1835 4235 vobis
1863 4190 1936 4234 esse

284 4277 485 4361 obligatione
508 4279 722 4343 constrictum
746 4299 807 4343 uec
831 4279 915 4344 ullas
938 4279 1064 4366 pectori
1086 4299 1160 4344 meo
1184 4277 1283 4344 ferias
1298 4276 1377 4349 dari,
1401 4276 1519 4363 quibus
1535 4276 1695 4340 visionem
1711 4278 1854 4339 vestram
1871 4292 1937 4336 non

287 4381 385 4466 plena
408 4381 589 4446 intentione
612 4380 799 4468 disquiram.
842 4390 1004 4469 superest,
1028 4390 1064 4447 ut
1087 4382 1222 4448 reducta
1245 4381 1278 4445 in
1301 4380 1441 4447 ecclesia
1454 4379 1604 4444 Romana
1627 4376 1803 4443 concordia
1824 4396 1937 4441 oecur-

285 4482 376 4547 rendi
395 4483 487 4547 vobis
510 4485 678 4569 confingat
695 4486 835 4551 occasio.
869 4484 1000 4551 domine
1016 4485 1070 4566 mi,
1094 4485 1324 4551 salutationem
1342 4483 1548 4549 reverentiae
1565 4488 1695 4546 vestrae
1711 4479 1934 4566 plenissimam
1950 4478 1969 4540 3

284 4585 398 4651 dicens
422 4585 593 4673 deprecor,
615 4594 653 4652 ut
676 4589 920 4674 suggestionem
943 4590 1113 4676 portitoris
1136 4589 1276 4654 hominis
1296 4588 1359 4652 mei
1375 4593 1468 4673 grato
1492 4583 1677 4672 suscipiatis
1699 4581 1814 4648 auditu
1835 4586 1872 4646 et
1895 4580 1937 4645 de

284 4689 444 4754 felicitate
467 4696 578 4756 restra
600 4690 652 4755 vel
676 4692 777 4757 totins
800 4691 916 4758 domus
940 4698 1027 4757 statu
1050 4691 1230 4758 recurrenti
1254 4712 1313 4756 uos
1336 4688 1504 4756 instruatis
1526 4686 1679 4773 alloquio.

387 4969 548 5022 lexitumb
659 4966 864 5021 dualstudinib
934 4970 1068 5024 fecerintb
1177 4966 1256 5034 brui]
1275 4968 1338 5020 mihi
1354 4964 1415 5017 nc
1483 4962 1571 5031 deum]
1591 4961 1749 5016 dominumb
1853 4957 1937 5011 lidia·

283 5056 407 5124 positione
420 5057 443 5120 h,
460 5056 592 5123 dispositio
609 5055 688 5120 VLT,
705 5056 860 5123 dispensatio
872 5055 969 5109 Horret

386 5157 468 5227 [CCC]
497 5159 655 5212 8hormisds
671 5158 700 5225 V,
717 5160 869 5212 ormisdseb
928 5163 1050 5215 diachoro
1067 5160 1127 5211 nc
1227 5152 1261 5208 10
1277 5156 1422 5208 meminerit
1426 5156 1493 5223 sort.
1590 5149 1623 5203 13
1640 5147 1799 5203 dominamb
1859 5147 1938 5214 quob

283 5244 316 5298 14
332 5255 418 5298 actum
436 5256 476 5300 est
492 5247 573 5299 om.b
707 5244 740 5297 16
757 5247 802 5298 sed
820 5248 920 5299 nuncb
1018 5262 1100 5314 qnare
1118 5242 1262 5314 poscituri>
1396 5239 1427 5292 17
1446 5238 1580 5306 eiusqneb
1718 5233 1752 5286 18
1769 5234 1938 5302 compensat>

281 5333 410 5386 demiueb
503 5331 548 5402 mi]
574 5332 717 5385 mihim
812 5330 897 5398 deum]
922 5333 1084 5386 dominumb
1215 5325 1248 5380 19
1271 5328 1347 5395 quib
1372 5326 1416 5392 (cf.
1431 5345 1460 5393 p.
1479 5328 1535 5389 193,
1550 5323 1592 5389 a),
1616 5340 1668 5389 qno
1684 5320 1742 5385 Vt,
1767 5337 1817 5372 om.
1839 5317 1884 5384 Tl,
1909 5328 1940 5372 ut

281 5418 465 5487 nap.1ia.T²
567 5418 602 5472 20
618 5419 857 5472 contestatiouemb

386 5521 481 5590 [CCCI]
516 5521 550 5574 27
568 5523 707 5591 perductus
724 5521 816 5587 VLOb,
836 5522 976 5591 modestus
988 5520 1067 5574 aaa.
1205 5515 1241 5570 28
1257 5515 1391 5570 dominat
1529 5510 1676 5578 asquinus
1693 5506 1829 5577 nisicnenr]
1849 5508 1939 5576 prim

277 5611 394 5681 pratas*
404 5611 470 5678 folii
485 5610 564 5663 cerba
581 5619 642 5662 sant
657 5611 685 5662 ia
700 5609 725 5661 Β
828 5606 865 5660 30
881 5609 984 5677 ptem
996 5607 1022 5660 B
1123 5602 1158 5658 31
1176 5605 1273 5657 domini
1289 5602 1355 5655 ema.
1367 5599 1463 5651 Hcrtcl
1532 5594 1578 5665 mi]
1597 5596 1661 5649 milri
1672 5593 1750 5649 BVL
