4500 6232
947 301 1081 356 CDLXIV
1101 301 1205 368 (DIC'l'.
1223 303 1259 365 6).
1341 311 1344 317 “
1867 303 1930 366 393

276 472 514 559 subripientem
544 472 690 538 scandali
722 476 928 542 occasionem
954 474 1076 541 Christi
1099 476 1219 541 milites
1243 475 1299 538 ille
1324 474 1568 539 contentionum
1593 495 1726 561 campus
1750 473 1928 554 examinat,

276 577 359 642 sicut
390 578 544 664 scripturn
574 586 637 642 est:
670 585 809 664 ‘oportet
841 601 915 644 esse
943 581 1138 660 certamina,
1173 585 1208 642 ut
1237 578 1364 664 probati
1388 577 1551 642 manifesti
1575 576 1676 642 fiant’.
1722 576 1810 663 apud
1832 581 1961 663 queml
1996 573 2076 678 llil.

278 678 531 745 Calcedonensis
567 701 631 744 non
663 682 744 746 vivit
779 685 1045 749 commemoratio
1078 682 1267 750 veneranda
1299 681 1446 760 concilii,
1482 682 1514 745 in
1549 702 1612 765 quo
1644 679 1825 746 Dioscorus
1860 702 1932 746 cum

277 784 491 847 sectatoribus
525 785 591 848 suis
626 784 699 848 stilo
733 786 808 870 piae
838 785 1049 851 districtionis
1082 785 1232 851 addictus
1265 791 1317 849 est
1348 791 1380 847 et
1411 790 1544 850 sanctae
1575 785 1753 850 memoriae
1783 784 1932 849 Flaviani

210 938 216 950 .
275 885 442 950 adoranda
470 896 682 952 monumenta
710 889 861 953 exultans
885 888 1249 975 Constantinopolitano
1276 889 1393 952 civitas
1425 889 1564 975 recepit,
1596 888 1688 953 ouius
1719 888 1781 950 iam
1807 886 1932 974 pridem

276 989 484 1054 firmaverant
523 992 680 1055 caelestia
719 990 853 1057 decreta
887 994 1106 1059 sententiam?
1157 993 1214 1058 ubi
1248 993 1395 1078 gentium
1429 991 1622 1057 Timotheus
1658 992 1837 1077 ignoratur,
1878 990 1963 1076 quib

276 1102 408 1179 propter
431 1094 659 1181 suspiciendae
682 1095 919 1161 recordationis
935 1097 1064 1162 Proteri
1087 1097 1223 1163 caedem
1245 1097 1316 1161 fieri
1339 1097 1412 1182 plus
1430 1118 1528 1182 quam
1543 1095 1688 1182 paricida
1704 1116 1769 1159 non
1787 1095 1933 1160 horruit?

276 1217 351 1261 nam
379 1197 463 1262 sacri
495 1198 725 1285 persecutione
755 1199 919 1285 pontificis
944 1206 977 1264 st
1000 1220 1124 1285 genera
1152 1199 1322 1264 criminum
1346 1201 1424 1265 vicit
1446 1206 1479 1263 et
1501 1200 1644 1264 nomina.
1690 1200 1792 1264 scitur
1813 1199 1932 1265 Petrus

276 1306 309 1363 et
328 1299 432 1384 Cyrus
456 1308 490 1365 et
505 1301 709 1381 Timotheus,
732 1303 786 1385 qui
810 1304 887 1367 dum
911 1303 1033 1369 iacenti
1055 1324 1187 1368 manum
1204 1303 1364 1368 Dioscoro
1388 1304 1569 1389 porrigunt,
1594 1310 1808 1367 conruerunt:
1833 1301 1866 1365 hi
1891 1302 1931 1367 de

276 1425 489 1489 praecessore
520 1427 579 1470 suo
610 1411 643 1470 et
675 1406 855 1472 studiorum
883 1406 1099 1473 hereditatem
1129 1406 1238 1493 adepti
1270 1415 1345 1471 sunt
1372 1417 1406 1471 et
1440 1407 1564 1470 ruinae.
1614 1406 1765 1492 proinde,
1803 1405 1964 1485 fratres,6

275 1515 463 1573 manentem
490 1509 523 1573 iu
553 1510 704 1595 supernis
734 1516 862 1596 patmm
893 1519 926 1576 et
957 1512 1192 1577 adhaerentem
1221 1501 1322 1577 beato
1344 1511 1442 1575 Petro
1475 1517 1587 1575 tenete
1612 1510 1826 1587 sententiam,
1856 1509 1931 1593 quia

275 1632 336 1675 nos
364 1611 505 1677 mundae
537 1613 699 1677 ecclesiae
723 1622 756 1678 et
783 1635 847 1678 non
876 1613 1027 1680 habentis
1059 1615 1220 1680 maculam
1255 1621 1405 1700 optamus
1437 1614 1606 1678 unitatem.
1651 1611 1816 1697 patienter
1844 1611 1930 1676 ferre
1956 1610 2036 1708 {¹³ng

275 1735 339 1778 non
367 1736 538 1800 possumus
560 1736 646 1779 vana
674 1717 706 1781 in
730 1716 897 1782 Christum
926 1726 1073 1784 nostrum
1097 1725 1130 1784 ot
1152 1718 1313 1785 blasfema
1336 1724 1511 1784 ructantes.
1557 1717 1692 1798 scimus,
1723 1716 1798 1802 quia
1822 1716 1875 1799 qui
1900 1715 1931 1779 in
1980 1694 1985 1715 ’
2040 1779 2044 1794 ,

276 1817 425 1904 putribus
448 1818 603 1883 membris
627 1840 691 1884 non
715 1821 817 1886 utitur
833 1821 910 1886 lerri
927 1821 1101 1904 medicina,
1126 1822 1336 1910 serpentibus
1354 1822 1477 1886 morbis
1497 1826 1645 1907 praestat
1661 1819 1833 1905 obsequia;
1856 1839 1931 1882 narn

211 1952 222 1986 r.
275 1920 339 1984 nisi
369 1928 522 1986 secentur
548 1922 729 2002 tabefacta,
760 1926 994 1991 contaminant.
1039 1927 1178 2012 pacifica
1208 1935 1259 1992 est
1285 1947 1357 1990 curn
1388 1926 1453 2004 his,
1486 1925 1541 2009 qui
1566 1931 1691 1989 rectum
1713 1923 1859 1986 nituntur
1883 1921 1931 1985 in-

274 2044 432 2109 pugnare,
456 2027 657 2111 congressio.
694 2028 766 2113 quis
789 2049 809 2093 a
833 2028 929 2095 bellis
953 2031 1074 2096 talibus
1098 2031 1222 2095 timoris
1247 2037 1420 2094 revocetur
1441 2027 1623 2102 obstaculo,
1647 2025 1822 2111 dequibus
1839 2024 1962 2088 vitalil

274 2127 378 2213 possit
393 2135 497 2194 morte
513 2129 678 2214 gaudere?
714 2131 833 2216 quibus
849 2131 962 2196 mundi
980 2132 1076 2197 huius
1091 2130 1319 2218 potestatibus,
1343 2131 1394 2195 vel
1412 2131 1438 2193 si
1455 2130 1628 2209 minentur,
1653 2126 1928 2212 adquiescendum

274 2230 449 2311 credimus,
473 2232 602 2316 quando
626 2234 714 2298 aliud
736 2237 875 2322 imperat
898 2236 953 2320 qui
977 2257 1080 2321 regna
1102 2234 1299 2313 moderatur,
1324 2233 1452 2298 dicente
1476 2233 1640 2319 apostolo:
1664 2235 1741 2294 ‘uon
1756 2236 1831 2294 sunt
1847 2248 1925 2294 oon·
1942 2245 2003 2288 mm.
2017 2252 2036 2298 s,
2053 2252 2085 2292 rs.

274 2331 392 2419 dignae
422 2336 593 2420 passiones
617 2336 711 2402 huius
735 2338 845 2403 mundi
868 2339 910 2403 ad
933 2349 1204 2426 superventuram
1227 2338 1375 2423 gloriam,
1407 2358 1491 2421 quae
1515 2335 1714 2402 revelabitur
1740 2335 1773 2398 in
1796 2331 1929 2398 nobist'

196 2473 201 2485 ·
274 2435 362 2501 fluxa
395 2439 694 2506 ecelesiasticorum
724 2441 823 2506 corda
853 2451 909 2508 aut
938 2444 1072 2508 turbant
1100 2463 1185 2528 quae
1214 2443 1246 2506 in
1275 2441 1441 2527 praesenti
1467 2439 1534 2503 vita
1565 2443 1641 2503 sunt
1668 2445 1724 2502 aut
1752 2435 1929 2501 delectant.

273 2540 350 2624 quid
363 2541 516 2622 Aeacius,
542 2543 596 2628 qui
619 2544 691 2608 diro
715 2544 836 2609 diaboli
854 2567 874 2609 a
891 2547 1055 2611 sententia
1078 2566 1138 2610 sua
1154 2551 1261 2610 motus
1277 2545 1412 2630 imperio
1429 2542 1559 2608 erubuit
1575 2541 1632 2606 diu
1647 2544 1926 2628 propugnatorem
1940 2545 1959 2608 8

273 2664 309 2709 se
332 2644 433 2709 luisse
458 2647 603 2711 veritatis
626 2656 659 2712 et
682 2649 762 2724 clari
785 2648 943 2714 deserens
968 2655 1160 2714 ornamenta
1192 2647 1380 2713 certaminis
1410 2646 1577 2710 triumfum
1606 2664 1718 2722 suum,
1749 2663 1846 2727 quem
1870 2641 1931 2706 sub

272 2744 434 2813 Basilisco
468 2749 522 2835 pio
551 2749 668 2815 sudore
703 2758 885 2832 meruerat,
920 2752 1115 2818 debellavit:
1154 2752 1209 2836 qui
1244 2751 1333 2814 solus
1367 2748 1521 2835 praemiis
1555 2747 1624 2812 suis
1663 2766 1746 2832 pene
1784 2752 1932 2829 tempore

273 2849 459 2937 adeptionis
486 2852 624 2933 invidet,
653 2876 745 2940 spem
775 2856 934 2920 bonorum
963 2855 1128 2921 fructuum
1158 2854 1316 2941 perfidiae
1349 2853 1434 2918 falce
1458 2849 1643 2916 succidens!
1689 2847 1821 2933 gravius
1844 2845 1931 2911 enirn

210 3008 214 3019 .
274 2962 326 3018 est
355 2953 530 3040 degustata
563 2958 648 3023 bona
682 2979 778 3044 quam
811 2960 935 3025 intacta
970 2959 1130 3034 calcasse;
1167 2959 1248 3023 nihil
1283 2955 1485 3022 defensionis
1520 2958 1672 3040 superest
1702 2949 1825 3017 homini
1855 2956 2085 3036 postremam.

273 3055 403 3124 dulcem
439 3060 583 3125 iustitiae
618 3083 769 3148 saporem
803 3063 845 3127 sd
879 3064 1049 3129 mortifera
1082 3064 1273 3128 scismatum
1307 3080 1434 3125 venena
1470 3055 1631 3123 redeunti.
1683 3053 1724 3119 de
1759 3053 1810 3118 his
1845 3063 1962 3139 quasa

274 3162 413 3248 praelati
437 3184 549 3227 sumus
573 3172 684 3229 natum
708 3172 769 3246 est,
793 3166 880 3252 quod
904 3166 1318 3252 inConstantinopolitaua
1341 3184 1446 3248 nuper
1467 3160 1609 3227 ccclesia
1624 3159 1727 3224 fertur
1743 3157 1929 3234 admissum,

272 3264 359 3330 unde
382 3267 526 3351 patimur
552 3269 623 3333 sine
647 3270 737 3334 vocis
768 3292 868 3335 usura
896 3272 1073 3335 tristitiam.
1118 3271 1171 3355 qui
1199 3271 1285 3335 enim
1313 3267 1432 3332 oblatis
1461 3262 1616 3330 remediis
1645 3283 1711 3326 non
1741 3259 1929 3340 oboediunt,

272 3369 388 3432 merito
412 3370 492 3434 nihil
518 3372 749 3436 consolationis
772 3380 919 3460 tempore
944 3397 1008 3460 quo
1031 3382 1224 3461 premuntur
1247 3372 1442 3437 habuerunt.

376 3611 391 3663 1
409 3615 480 3665 cristi
492 3612 517 3664 B
607 3612 625 3665 2
642 3616 766 3667 scribtum
779 3615 804 3667 B
889 3613 907 3667 3
924 3609 1222 3669 calcidonensis'codicer
1275 3616 1348 3666 uiuet
1360 3614 1385 3664 B
1471 3609 1489 3662 4
1506 3611 1612 3662 fleuhui
1624 3607 1650 3659 B
1737 3605 1754 3658 6
1771 3607 1892 3659 timoteus
1905 3605 1930 3657 B

271 3697 287 3749 'l
306 3700 483 3766 suspiciendae
496 3700 592 3766 Miqrre,
609 3703 786 3769 suscipiendae
797 3704 895 3756 codices
948 3705 1056 3755 Proterii
1067 3703 1145 3755 Siren
1198 3703 1310 3770 paricids
1319 3700 1352 3765 B,
1369 3697 1537 3768 pnrrioideV,
1556 3695 1706 3764 patricidab
1792 3692 1809 3743 8
1827 3692 1930 3745 uiostB

273 3784 290 3836 9
308 3787 440 3839 dioscorus
452 3786 477 3836 Β
537 3797 690 3840 canuerunt
706 3788 730 3837 V
824 3788 857 3842 10
874 3792 1008 3844 studerem
1020 3789 1066 3841 B⁶
1162 3787 1196 3841 12
1212 3790 1320 3842 sufferre
1334 3787 1393 3838 CPb
1493 3782 1525 3835 13
1542 3783 1648 3836 eristum
1660 3780 1686 3831 B
1746 3779 1895 3847 blasphema
1910 3777 1934 3829 V
1952 3850 1957 3855 ⁸

271 3873 317 3939 qni
334 3889 391 3939 ΝΡ·
404 3873 450 3924 Βῆ.
464 3872 489 3922 Β
593 3872 626 3924 15
642 3883 766 3927 secuntur
778 3876 811 3938 B,
828 3885 949 3931 secantur
959 3878 1027 3943 forr.
1093 3883 1189 3928 rectam
1201 3874 1274 3926 BV⁰
1374 3868 1405 3923 16
1423 3872 1454 3923 de
1471 3871 1566 3936 quibus
1578 3867 1628 3931 Bb,
1645 3868 1702 3934 deq.
1718 3865 1771 3929 Vs,
1788 3865 1871 3933 deque
1882 3865 1929 3916 rel.

274 3953 308 4009 17
326 3959 468 4026 potestibus
480 3959 532 4023 13⁰,
550 3962 724 4027 potentatibus
738 3961 805 4024 CPb,
823 3963 970 4029 potentibus
984 3961 1063 4014 Siras.
1175 3960 1208 4011 19
1226 3961 1351 4029 passionis
1364 3958 1389 4009 B
1463 3957 1541 4008 huius
1559 3973 1608 4007 om.
1621 3954 1646 4005 Β
1753 3947 1790 4003 20
1807 3951 1878 4002 fluxa
1896 3977 1928 3988 —

271 4044 316 4110 sui
334 4045 389 4096 diro
407 4046 491 4111 mml-
509 4045 537 4096 in
554 4064 603 4112 ms·
621 4047 669 4113 inf.
685 4044 728 4097 aa
810 4049 932 4100 onaan
944 4048 970 4099 n
1093 4046 1127 4099 ar
1146 4047 1208 4113 qun
1220 4045 1254 4109 a,
1275 4045 1461 4113 quibuscum·
1544 4041 1680 4093 maru.
1693 4038 1726 4103 a,
1746 4037 1869 4090 aaran
1884 4034 1930 4087 rs

270 4129 326 4180 (lita
341 4129 381 4178 V‘
460 4131 559 4182 diaboli
570 4130 596 4181 B
602 4129 612 4166 ¹
726 4131 760 4184 22
778 4134 973 4201 triumphan
1079 4132 1114 4185 23
1131 4134 1250 4185 sudorem
1261 4132 1286 4183 Β
1364 4132 1435 4184 eolus
1452 4129 1551 4195 mirari,
1569 4128 1630 4179 solis
1648 4127 1718 4190 libri,
1734 4124 1822 4176 solidis
1834 4122 1931 4174 Horret

270 4211 306 4266 24
323 4217 417 4269 inuidit
429 4217 525 4270 Hartel
594 4221 707 4272 fructum
720 4219 745 4270 B
849 4219 883 4272 28
901 4223 961 4274 inde
973 4221 1052 4274 Simu.
1122 4238 1174 4272 non
1192 4237 1249 4287 susp.
1263 4221 1307 4271 lin.
1321 4219 1346 4269 B
1449 4214 1484 4268 ‘29
1502 4211 1563 4281 qno]
1581 4213 1650 4280 quod
1662 4210 1701 4264 13¹

374 4422 442 4475 dib.
455 4430 484 4476 2:
502 4422 550 4477 ubi
569 4426 704 4478 terrarum
725 4443 780 4479 non
799 4424 977 4495 praedicatur
995 4424 1176 4495 congregatio
1190 4423 1422 4479 Calchedonensis
1441 4419 1531 4476 sancti
1549 4417 1671 4480 concilii,
1690 4432 1762 4486 quae
1774 4414 1929 4484 Eutychen

272 4509 301 4560 et
318 4506 491 4576 Dioscoron,
516 4509 571 4564 duo
591 4510 704 4565 nomina
722 4510 829 4566 famosa
847 4515 877 4566 et
894 4528 1014 4583 magnae
1032 4511 1177 4582 perfidiae,
1203 4511 1286 4565 unius
1305 4509 1462 4565 sententias
1481 4505 1647 4575 integritate
1666 4503 1830 4557 damnavit?
1866 4501 1929 4571 quie

272 4592 384 4648 Petrum
404 4597 432 4648 et
445 4594 625 4649 Timotheum
643 4597 832 4666 praelatorum
852 4598 981 4652 aemulas
999 4597 1149 4668 ignoravit,
1168 4600 1390 4668 propugnatores
1409 4593 1576 4649 intentionis
1594 4589 1733 4654 addictae,
1751 4592 1878 4643 auctores
1896 4604 1929 4641 ac

271 4679 419 4749 magistros
438 4697 501 4735 suos
520 4698 602 4735 saevo
620 4699 710 4736 errore
724 4681 876 4738 vincentes.
905 4685 986 4739 illum
999 4684 1178 4740 Timotheum
1192 4685 1334 4752 loquimur
1345 4681 1521 4755 parricidam,
1540 4680 1589 4749 qui
1602 4681 1716 4732 sanctae
1729 4673 1929 4731 recordationis

271 4766 396 4821 Proterio
418 4768 569 4837 superstite
593 4786 648 4824 non
672 4770 763 4824 solum
782 4768 932 4825 ecclesiam
946 4788 1001 4826 non
1019 4770 1159 4840 religiosis
1177 4770 1338 4825 auctoribus
1356 4767 1518 4839 occupavit,
1542 4784 1638 4821 verum
1662 4763 1748 4818 etiarn
1767 4761 1928 4817 effusionem

270 4852 312 4921 pii
330 4853 475 4923 sanguinis
494 4855 530 4908 ad
549 4854 653 4909 crimen
672 4856 844 4925 pervasionis
863 4856 976 4911 adiecit.

373 4941 407 4994 21
425 4942 459 4995 is.
472 4950 501 4996 2:
525 4942 593 5011 quid
611 4943 764 4998 Acacium?
790 4944 839 5014 qui
863 4944 943 5014 quasi
967 4944 1033 4999 boni
1057 4944 1100 4998 sui
1126 4943 1232 4999 manino
1257 4944 1391 5013 gravatus
1414 4957 1487 5009 quae
1510 4938 1644 4993 Basilisco
1670 4936 1826 5005 imperante
1850 4947 1929 5002 pras·

270 5024 385 5080 miserat
413 5044 485 5083 novo
514 5029 640 5099 exemplo
670 5047 777 5100 poenae
801 5028 990 5100 deprehensus
1014 5033 1057 5085 est
1080 5030 1212 5085 adversm
1234 5045 1263 5084 se
1285 5029 1377 5099 ipsum
1400 5028 1495 5082 diceus
1519 5024 1701 5090 mutantium,
1729 5020 1793 5074 illos
1819 5021 1930 5072 mutale

273 5113 419 5168 voluntate
437 5114 588 5170 defendens
606 5133 676 5184 quos
695 5116 773 5186 prius
791 5117 944 5186 gloriosum
963 5117 1076 5188 putarit
1093 5116 1230 5171 addicere.

373 5200 406 5253 at
424 5200 458 5254 rb.
473 5209 499 5254 7:
526 5201 613 5256 donec
637 5202 732 5257 unitas
754 5219 811 5257 non
832 5203 939 5271 redeat,
970 5204 1064 5258 nullus
1093 5202 1220 5274 ambigat
1246 5201 1335 5256 nihilo
1359 5199 1452 5254 minua
1479 5213 1538 5253 ease
1560 5198 1679 5251 ventura
1707 5208 1781 5262 quae
1804 5192 1834 5246 in
1858 5190 1929 5246 Con·

270 5284 525 5356 stantinopolitana
549 5304 637 5357 nuper
655 5287 772 5343 ecclesia
790 5288 981 5358 contigerunt.
1005 5288 1040 5342 de
1058 5288 1160 5357 quibus
1178 5287 1248 5341 mihi
1266 5287 1372 5357 pariter
1390 5284 1573 5355 ingemiscere
1590 5297 1701 5336 necesse
1719 5283 1761 5334 est
1780 5281 1810 5333 et
1827 5281 1929 5332 tacere.

270 5388 335 5425 narn
354 5372 403 5440 qui
422 5374 594 5443 apostolicae
612 5374 686 5429 sedis
703 5374 924 5430 admonitionem
942 5372 1146 5444 neglegendam
1164 5389 1224 5428 esee
1242 5371 1430 5435 credidemnt,
1449 5369 1549 5424 merito
1568 5366 1729 5421 inciderunt
1745 5365 1776 5418 iu
1795 5380 1837 5424 ea,
1855 5378 1929 5431 quae

271 5457 383 5512 evenire
401 5459 493 5514 solent
510 5460 611 5515 solatio
630 5461 782 5516 destitutis.
802 5491 834 5501 -
852 5461 895 5515 De
911 5462 989 5515 rebar
1007 5461 1070 5530 aaa
1087 5461 1118 5526 qr
1133 5460 1251 5514 Mmuell.
1270 5475 1332 5512 com.
1351 5456 1388 5510 ad
1405 5473 1511 5510 annum
1528 5463 1580 5510 611·
