4500 6232
323 303 364 367 22
603 301 723 356 xxvru
741 299 863 372 (22202.
882 303 907 368 2,
924 302 979 371 aa,
997 301 1088 356 xxrx
1106 300 1229 371 (02202.
1249 303 1273 367 1,
1287 301 1341 366 222,
1359 300 1437 355 xxx
1455 300 1579 371 (02202.
1599 302 1623 368 2,
1640 299 1694 370 aa).

928 641 1093 710 XXVIII
1117 642 1227 731 (22202.
1253 649 1282 727 1,
1305 644 1373 732 21).

919 837 1156 913 ENNODIVS
1182 838 1384 914 FAVSTO.

296 993 310 1051 ¹
435 983 516 1076 Diu
545 1034 644 1098 super
672 1013 815 1078 adventu
844 1014 1068 1102 amplitudinis
1102 1020 1231 1080 vestrae
1259 1016 1393 1102 ancipiti
1424 1036 1517 1080 mens
1550 1036 1624 1080 mea
1656 1014 1815 1104 pependit
1848 1014 1979 1082 indicio.

326 1116 384 1181 sed
406 1123 580 1203 postquam
603 1137 655 1181 me
680 1115 790 1182 divina
812 1117 1037 1183 misericordia
1060 1118 1101 1183 ab
1126 1117 1311 1183 huiusmodi
1334 1112 1503 1184 anxietate
1524 1119 1660 1200 laxavit,
1683 1119 1794 1183 statim
1813 1119 1856 1184 ad
1872 1118 1980 1183 officia

325 1226 483 1286 consueta
505 1241 557 1285 me
582 1220 714 1300 contuli,
739 1242 932 1307 quamquam
954 1223 1146 1309 paginarum
1174 1222 1333 1308 obsequia
1360 1244 1420 1288 nec
1449 1222 1599 1309 digresso
1627 1221 1669 1287 ad
1696 1222 1877 1307 longinqua
1900 1222 1979 1287 sub-

325 1324 511 1410 presserim.
557 1324 608 1388 his
632 1345 710 1409 ergo
735 1326 947 1392 valitudinem
970 1349 1076 1392 meam
1099 1327 1245 1391 indicans
1275 1327 1517 1413 aegritudinem
1540 1325 1642 1390 animi
1664 1346 1788 1405 220220,
1817 1346 1915 1411 quam
1938 1325 1979 1390 de

325 1449 474 1493 maerore
498 1429 657 1494 contraxi.
703 1428 743 1493 de
766 1429 924 1493 luminum
953 1437 1137 1495 nostrorum
1168 1432 1273 1495 salute
1305 1431 1471 1510 sollicitor,
1501 1431 1534 1494 iu
1560 1449 1599 1494 eo
1623 1429 1686 1492 loci
1709 1428 1916 1511 constitutus,
1938 1428 1981 1493 ad

293 1531 422 1618 lquem
450 1531 580 1597 difficile
614 1533 745 1596 nuntius
782 1537 975 1618 expectatus
1009 1533 1181 1600 adlabitur.
1226 1532 1313 1619 quod
1346 1535 1378 1597 in
1410 1532 1532 1596 solacio
1565 1537 1626 1612 est,
1658 1529 1756 1595 deum
1785 1551 1911 1616 022202,
1944 1537 1982 1594 ut

288 1709 296 1724 ο
326 1635 416 1699 nulla
438 1656 568 1700 servum
592 1656 687 1699 suum
711 1635 854 1720 patiatur
877 1636 1015 1720 amplius
1039 1657 1118 1700 cura
1139 1637 1309 1718 macerari,
1338 1635 1394 1701 sed
1426 1635 1467 1700 de
1490 1633 1627 1700 reducta
1649 1654 1762 1699 eorum
1784 1635 1818 1698 in
1840 1633 1981 1698 solidum

325 1739 540 1824 prosperitate
564 1738 708 1802 aestibus
731 1737 811 1801 meis
835 1738 934 1801 celeri
956 1736 1098 1802 medella
1121 1739 1302 1804 subveniat.
1349 1738 1495 1802 salutans
1522 1736 1633 1802 debita
1664 1738 1821 1802 servitute
1851 1757 1979 1824 022202,

326 1847 362 1904 ut
385 1841 524 1928 cognitis
547 1841 606 1920 his,
631 1840 671 1904 de
695 1841 811 1926 quibus
835 1841 962 1905 animus
985 1862 1078 1905 meus
1100 1842 1192 1905 varia
1220 1840 1448 1906 aestimatione
1476 1841 1626 1924 iactatur,
1654 1840 1768 1906 sedulo
1791 1839 1872 1905 mihi
1893 1839 1978 1906 hila-

325 1943 457 2009 ritatem
480 1944 698 2009 deferentium
722 1945 905 2010 litterarum
928 1944 1088 2010 beneficio
1112 1944 1319 2009 succurratis.

950 2281 1076 2350 XXIX
1100 2283 1210 2370 (nrrsr.
1236 2287 1264 2364 1,
1288 2283 1355 2369 22).

913 2480 1149 2555 ENNODIVS
1176 2479 1397 2554 OPlLlONl.

297 2635 311 2694 ¹
441 2624 619 2740 Coeperat
640 2655 837 2739 parvitatem
851 2677 960 2720 meam
976 2652 1165 2738 magnitudo
1181 2660 1292 2718 vestra
1308 2674 1378 2738 spe,
1401 2673 1486 2737 qnae
1501 2659 1579 2717 vota
1595 2654 1759 2734 transiret,
1782 2653 1982 2740 dignationis

325 2757 484 2823 adtollere
518 2763 551 2822 et
581 2759 733 2824 caelestis
769 2759 908 2823 instituti
936 2780 1026 2823 more
1054 2759 1191 2822 clariora
1224 2758 1334 2822 facere
1363 2756 1526 2822 beneficia
1556 2779 1624 2840 sua,
1659 2757 1735 2823 dum
1762 2779 1837 2824 mea
1862 2760 1982 2825 merita

326 2861 417 2925 nulla
443 2859 554 2925 iudicii
582 2860 676 2925 lance
705 2861 875 2947 pensabat,
907 2862 960 2926 vel
991 2881 1149 2925 censurae
1178 2861 1360 2945 neglegens
1389 2861 1468 2925 dare
1498 2863 1639 2948 pretium
1668 2862 1869 2944 muneribus,
1898 2884 1982 2948 quae

328 2985 400 3028 esse
423 2963 626 3028 monstrabat
648 2964 805 3046 indebita,
834 2965 984 3050 quoniam
1008 2963 1149 3044 affectio,
1178 2983 1263 3049 quae
1295 2963 1382 3028 circa
1403 2963 1545 3030 humiles
1576 2963 1761 3046 exhibetur,
1788 2986 1854 3031 non
1882 2967 1984 3032 habet

296 3064 560 3133 222220012222222
584 3075 617 3132 22
640 3069 783 3154 speciem
806 3089 897 3132 suam
924 3088 984 3155 per
1015 3066 1129 3131 sudum
1153 3067 1300 3131 rutilanti
1324 3067 1499 3152 splendore
1524 3069 1696 3153 significat.
1742 3068 1799 3133 diu
1823 3089 1902 3154 ergo
1925 3068 1983 3133 tali

326 3172 427 3237 fultus
449 3176 525 3257 post
547 3170 644 3235 deum
666 3171 931 3257 praesumptione
954 3192 1019 3237 uon
1044 3171 1137 3235 timui
1160 3170 1315 3256 quidquid
1341 3171 1585 3257 obloquentium
1610 3174 1718 3237 toxica
1733 3164 1981 3261 promittebant.

327 3283 376 3340 ast
397 3277 454 3341 ubi
477 3297 529 3340 me
552 3275 594 3339 ad
618 3277 787 3361 antiquum
809 3277 979 3362 pulverem
1003 3276 1104 3340 vestri
1127 3275 1257 3341 reduxit
1280 3275 1413 3358 oblivio,
1437 3276 1524 3361 quod
1546 3277 1580 3340 in
1603 3277 1725 3342 solacio
1751 3277 1836 3341 solet
1850 3274 1981 3340 nudatis

327 3379 501 3444 defensore
526 3380 726 3464 contingere,
750 3379 843 3464 quasi
865 3380 1085 3464 querellarum
1108 3379 1300 3464 perlatrices
1322 3380 1449 3445 litteras
1474 3382 1659 3466 prorogavi,
1682 3381 1876 3468 promittens
1898 3378 1980 3443 mihi

328 3483 369 3549 de
394 3505 505 3549 earum
535 3483 771 3569 inportunitate
800 3504 1003 3569 responsum.
1050 3482 1109 3548 sed
1137 3504 1197 3569 per
1225 3485 1475 3569 occupationum
1503 3484 1640 3549 forsitan
1667 3482 1848 3570 amplitudo
1872 3488 1984 3548 restra

329 3587 612 3676 praepedientium
636 3588 840 3652 incrementa
863 3588 1025 3672 significet
1048 3586 1194 3653 adhaec
1223 3609 1283 3652 vos
1311 3587 1419 3652 0111212
1446 3609 1511 3652 nou
1539 3590 1662 3654 venire.
1706 3587 1883 3673 replicabo,
1906 3586 1984 3672 quia

297 3684 414 3755 3idem
438 3696 544 3755 status
567 3691 629 3754 fnit
645 3682 794 3756 culminis
810 3692 911 3756 vestri
928 3689 1049 3755 dudum
1065 3691 1203 3776 paginas
1220 3689 1424 3757 destinantis.
1468 3690 1510 3754 ad
1524 3711 1648 3755 morem
1664 3698 1775 3756 tamen
1797 3689 1984 3775 scriptionis

327 3795 537 3880 epistulariae
561 3815 613 3858 me
636 3793 767 3875 reduco,
791 3815 832 3858 ne
857 3792 956 3858 addat
978 3793 1150 3879 prolixitas
1175 3795 1304 3878 ingesta
1321 3793 1489 3859 fastidium
1506 3801 1539 3858 ct
1554 3793 1712 3880 denegari
1727 3794 1866 3880 paginas
1882 3792 1983 3857 iaciat

325 3898 430 3983 magis
454 3898 608 3982 allegatio
632 3918 714 3982 quae
737 3899 899 3984 poposcit.
945 3896 1075 3961 domine
1098 3896 1153 3977 mi,
1185 3898 1389 3961 salutationis
1420 3898 1611 3982 obsequium
1643 3897 1733 3961 solvo
1762 3903 1796 3961 et
1825 3896 1865 3961 de
1899 3894 1982 3959 vali·

326 4001 440 4067 tudine
473 4007 581 4063 vestra
617 4007 653 4063 ut
688 4002 796 4065 animo
832 4002 995 4087 obligatus
1031 4002 1215 4084 interrogo,
1251 4002 1386 4086 cupiens
1421 4001 1591 4065 relationis
1624 3999 1742 4065 indicio
1777 3999 1819 4064 ad
1850 3999 1983 4085 gemina

327 4104 491 4170 desideria
513 4103 695 4191 pervenire.

964 4372 1069 4439 XXX
1092 4374 1202 4460 (22202.
1230 4379 1256 4457 1,
1280 4375 1347 4461 23).

914 4570 1151 4646 ENNODIVS
1179 4573 1399 4647 SENARIO.

298 4715 311 4774 1

446 4717 487 4808 P
488 4747 572 4813 erdit
600 4746 731 4811 allectio
760 4745 971 4810 valitudinem
1000 4747 1121 4810 silentii
1148 4744 1319 4811 debilitata
1347 4754 1477 4833 torpore
1505 4768 1567 4812 uec
1596 4747 1637 4813 ad
1666 4769 1760 4812 usum
1789 4769 1884 4812 suum
1908 4748 1984 4813 dili·

327 4849 459 4937 gentiae
484 4871 597 4914 cursus
621 4850 792 4932 exuberat,
815 4851 843 4914 si
865 4849 1007 4914 nudetur
1029 4849 1256 4914 communione
1280 4851 1451 4936 conloquii.
1492 4858 1582 4915 muta
1598 4853 1715 4917 caritas
1738 4871 1822 4939 pene
1846 4871 1980 4937 reprae-

330 5029 397 5036 —-—

430 5159 566 5229 [XXVIII]
604 5161 730 5213 [Fausto
749 5162 882 5212 Ennodius
893 5160 990 5211 Horat
1113 5158 1271 5213 4002200012
1287 5162 1372 5212 officia
1391 5161 1470 5214 Simu.
1548 5177 1695 5226 quanquam
1711 5158 1738 5209 V
1852 5156 1983 5226 breeero]

327 5261 383 5298 sero
395 5245 450 5311 13⁰,
467 5249 576 5300 releroh
681 5244 696 5296 1
714 5246 835 5298 allabitur
851 5245 875 5295 V
974 5245 992 5297 8
1009 5264 1098 5298 eorum
1107 5246 1141 5310 B,
1158 5264 1272 5298 meorum
1284 5248 1360 5299 ceteri
1463 5246 1480 5298 9
1497 5247 1601 5299 medilla
1612 5246 1645 5309 B,
1663 5246 1761 5298 medela
1777 5244 1803 5295 V

431 5346 542 5418 [XXIX]
588 5348 621 5401 12
643 5349 755 5416 00111021
776 5350 910 5401 Ennodius
927 5348 1023 5399 Horret
1155 5347 1188 5399 14
1208 5350 1325 5401 attollam
1344 5349 1369 5398 V
1495 5346 1528 5398 16
1549 5348 1654 5399 humilis
1671 5346 1717 5398 13⁶
1808 5347 1940 5400 exhibitur
1957 5347 1984 5399 B

328 5431 362 5484 18
379 5435 501 5502 quioquid
518 5436 543 5485 V
651 5433 685 5486 19
703 5433 777 5502 solet]
795 5435 871 5487 dehet
884 5435 962 5486 Sim».
1074 5432 1110 5486 ‘20
1127 5436 1289 5503 querelarum
1305 5435 1330 5485 V
1438 5433 1472 5485 21
1491 5436 1683 5501 occupationem
1695 5433 1738 5485 Β1
1851 5431 1887 5485 22
1904 5435 1984 5503 signi·

327 5520 394 5658 3302
394 5519 589 5676 ι113088οι1ιὶ22121130222
609 5522 684 5575 022221
814 5519 847 5573 23
865 5521 1010 5574 222211211οηὶ0
1026 5521 1052 5573 Β
1181 5519 1217 5572 24
1234 5522 1394 5594 epistolariae
1412 5519 1438 5588 (o
1456 5537 1487 5573 22
1505 5520 1533 5591 u)
1553 5520 1578 5570 V
1704 5517 1741 5572 25
1758 5517 1804 5594 nri]
1823 5521 1888 5573 mihi
1904 5519 1984 5573 BVL

2036 2878 2062 2918 1⁵
