4500 6232
756 270 1009 326 PANEGYRICVS
1028 272 1158 327 DICTVS
1176 272 1417 328 uuuonaulco.
1852 278 1915 340 207

169 466 191 507 p.
206 460 245 497 sao
263 437 464 503 iuventutem
497 447 588 505 certa
613 441 655 505 de
683 443 842 507 mortibus
871 445 976 530 optio,
1008 467 1081 511 eum
1111 447 1201 511 nulla
1223 446 1390 512 videratur
1418 448 1578 513 securitas
1604 445 1645 510 da
1675 447 1792 511 salute.
1839 448 1915 533 quid
1929 450 1969 512 30

261 538 421 610 Critonem
446 543 624 625 extulistis,
652 547 759 633 prisca
782 549 993 627 monimenta,
1017 550 1104 634 quod
1126 572 1186 636 per
1207 550 1349 636 Libycas
1372 549 1486 635 Syrtes
1509 550 1603 616 duxit
1624 551 1817 630 exercitum,
1840 550 1918 616 dum

262 643 421 710 humanas
444 667 544 712 neces
568 648 709 714 ludibria
730 652 855 717 iaceret
878 675 952 718 esse
978 661 1179 740 serpentum,
1203 655 1256 719 vel
1280 675 1353 719 cum
1377 655 1448 719 sine
1464 655 1593 719 virtutis
1616 655 1720 739 pretio
1744 654 1918 719 educatum

263 748 346 812 caeli
376 751 552 835 vaporibus
582 755 700 819 veneni
728 755 831 841 frigus
861 764 1016 843 expertus
1044 764 1113 821 est?
1158 758 1323 822 neminem
1347 759 1487 843 contigit
1510 756 1683 842 chelydros
1706 766 1782 822 ante
1806 757 1917 822 videre
1950 754 2042 851 ,Effl-

197 900 201 907 .
264 871 359 934 quam
392 854 545 931 exitium,
577 856 652 920 dum
681 860 881 944 peritomen
905 860 1127 945 prodigiosum
1151 863 1351 946 etcorporis
1375 863 1514 941 fabrica,
1545 867 1582 924 ut
1604 859 1755 926 adsolent
1777 861 1919 937 animae,

264 955 297 1018 in
319 976 416 1022 auras
440 960 596 1025 evolaret.
634 983 700 1026 non
724 984 797 1027 cum
813 964 870 1027 viri
895 964 988 1028 tortis
1010 964 1108 1029 lauda
1130 965 1312 1049 perimitur,
1336 966 1391 1049 qui
1414 964 1500 1030 unde
1518 964 1629 1029 veniat
1647 965 1752 1029 nescit
1771 985 1918 1029 occasus.

264 1080 324 1122 nec
354 1058 441 1124 illius
472 1063 584 1126 militis
615 1067 727 1131 cuneis
757 1068 820 1130 tuis
849 1067 1005 1132 fortitudo
1035 1067 1243 1153 conparanda
1265 1075 1316 1132 est
1339 1090 1400 1133 nec
1424 1089 1483 1154 par
1506 1073 1559 1132 cst
1581 1067 1615 1131 in
1638 1067 1723 1133 duce
1747 1067 1919 1154 sapientia.

264 1162 354 1226 illum
385 1163 490 1228 civilis
520 1166 598 1233 belli
626 1167 715 1233 furor
744 1171 915 1255 agitabat,
934 1179 966 1236 te
995 1171 1084 1235 orbis
1114 1171 1247 1236 domina
1273 1171 1314 1235 ad
1342 1178 1445 1236 status
1476 1171 1526 1234 sui
1550 1171 1792 1256 reparationem
1814 1169 1921 1234 Roma

265 1267 433 1351 poscebat.
472 1270 531 1333 sed
554 1270 632 1356 quid
655 1271 780 1348 differo,
805 1274 891 1359 quod
914 1275 972 1338 tibi
989 1283 1127 1340 eventus
1144 1274 1261 1339 dexter
1276 1274 1446 1340 exhibuit?
1483 1273 1970 1340 cesseruntoonlertisaimis31

200 1396 214 1425 o
266 1369 407 1434 hostium
435 1380 564 1437 tuorum
593 1376 708 1441 turmis
736 1399 817 1462 quos
844 1380 979 1444 ulterior
1009 1380 1080 1465 ripa
1103 1384 1305 1464 susceperat.
1351 1378 1574 1463 urguebantur
1596 1379 1672 1444 telis
1695 1399 1776 1464 quos
1798 1396 1921 1461 vorago

265 1480 320 1537 aut
351 1475 495 1561 inruptio
527 1498 590 1541 non
622 1480 775 1557 tenebat;
808 1482 935 1547 ieiunas
967 1489 1135 1568 pectorum
1165 1488 1271 1548 crates
1301 1490 1375 1547 aeta
1404 1481 1616 1547 validioribus
1647 1481 1777 1546 lacertis
1807 1481 1924 1546 lancea

265 1578 500 1659 transmeabat,
525 1601 598 1645 cum
622 1582 710 1648 inter
732 1586 905 1671 naufragia
927 1594 1060 1652 terrena
1076 1593 1111 1651 et
1125 1588 1248 1652 cruoris
1263 1583 1367 1650 undas
1382 1584 1615 1650 invictissimus
1632 1583 1749 1652 ductor
1762 1585 1923 1671 apparuit,

266 1681 323 1744 tali
346 1681 497 1747 muniens
519 1683 688 1751 adstantes
712 1688 869 1773 alloquio:
905 1691 1026 1775 ‘quiin
1050 1691 1159 1754 hostili
1184 1690 1255 1755 acic
1279 1691 1364 1753 viam
1388 1688 1554 1754 desiderat
1576 1709 1628 1753 me
1651 1694 1822 1773 aequatum
1853 1691 1972 1753 non32

266 1785 423 1869 respiciat
453 1787 593 1853 alterum
624 1790 679 1875 qui
712 1788 887 1856 dimicandi
917 1795 1024 1879 poscit
1046 1795 1249 1880 exemplum!
1294 1793 1395 1857 virtus
1419 1791 1660 1856 multitudinem
1684 1812 1749 1855 non
1772 1791 1923 1877 requirit;

191 1906 214 1944 ιι
267 1886 309 1952 ad
334 1908 455 1973 paucos
477 1890 601 1957 vadunt
623 1893 720 1974 bella,
744 1894 904 1960 bellomm
928 1897 1053 1961 fruetus
1077 1895 1119 1961 ad
1142 1897 1311 1983 plurimos.
1356 1895 1397 1960 de
1421 1916 1473 1960 me
1498 1882 1725 1961 aestimabitur
1746 1894 1923 1975 exereitus,

267 1997 301 2056 ot
327 1992 361 2055 in
390 1991 455 2074 his,
487 2015 571 2079 quae
597 2017 751 2083 gessero,
781 2021 864 2084 gens
895 2000 1083 2088 triumphat.
1129 2000 1279 2066 adtollite
1307 2000 1416 2084 signa,
1445 2019 1505 2084 per
1532 2019 1616 2084 quae
1639 2019 1681 2063 ne
1705 1999 1825 2064 lateam
1847 2018 1923 2085 pro·

177 2120 196 2161 r·
210 2113 248 2151 ³0¹
268 2092 410 2165 videtur:
445 2099 597 2163 noverint
630 2121 726 2185 quem
760 2108 875 2188 petant
908 2112 964 2168 aut
997 2106 1089 2169 cuius
1120 2103 1241 2189 iugulis
1269 2101 1497 2187 adquiescant!
1543 2101 1599 2187 qui
1629 2101 1819 2187 congressui
1850 2119 1924 2164 meo

268 2199 484 2276 occurrerint,
514 2202 728 2268 nobilitantur
752 2205 876 2271 exitio?
921 2207 973 2271 his
997 2208 1091 2271 dictis
1114 2207 1268 2293 poculum
1293 2226 1392 2271 causa
1414 2206 1566 2291 poposcit
1588 2206 1725 2292 auspicii
1747 2211 1782 2269 et
1803 2204 1924 2269 laxatis
1937 2207 1978 2269 33

267 2301 300 2365 in
327 2302 487 2388 proelium
516 2305 651 2371 habenis
686 2309 810 2374 effusus
834 2316 896 2376 est.
941 2318 976 2375 ut
998 2317 1128 2376 torrens
1151 2316 1239 2387 sata,
1270 2315 1308 2372 ut
1329 2309 1383 2373 leo
1406 2315 1556 2373 annenta
1579 2310 1730 2385 vastasti;
1760 2328 1822 2374 nec
1845 2326 1923 2371 con·

191 2425 216 2465 ao
270 2425 405 2472 currens
436 2409 606 2495 quisquam
636 2410 783 2477 substitit
808 2434 870 2480 neo
899 2414 1039 2480 evadere
1069 2415 1174 2500 potuit
1203 2414 1439 2497 insequentem.
1484 2412 1660 2498 portabare
1691 2431 1751 2499 per
1772 2410 1926 2476 universa

269 2509 334 2572 iam
361 2509 592 2578 deficientibus
622 2515 698 2581 telis
726 2516 833 2582 adhue
856 2519 905 2583 ira
928 2526 1107 2584 crescente.
1153 2518 1321 2603 extemplo
1344 2516 1545 2604 Gepidarum
1570 2537 1665 2581 versa
1686 2515 1834 2582 condicio
1858 2521 1925 2579 cst:

270 2611 421 2697 palantes
444 2614 506 2679 visi
530 2624 606 2681 sunt
629 2626 754 2685 mumta
775 2628 862 2687 sorte
886 2623 1039 2689 victores.
1082 2644 1156 2688 nam
1180 2629 1227 2703 tu,
1252 2621 1462 2701 venerabilis,
1485 2621 1540 2706 qui
1563 2620 1771 2685 incomitatus
1793 2621 1926 2703 gustum

270 2715 456 2781 luctaminis
472 2716 674 2805 adripueras,
698 2723 838 2788 vallatus
854 2726 987 2791 milibus
1005 2726 1192 2791 incedebas.
1231 2745 1328 2791 caesa
1344 2731 1396 2790 est
1411 2722 1586 2788 multitudo
1602 2721 1800 2802 adversaria,
1822 2719 1927 2785 donec
1939 2721 1980 2785 34

270 2839 393 2904 paucos
417 2821 560 2909 eriperet
583 2844 650 2889 nox
673 2827 788 2903 vicina,
812 2828 889 2893 dum
911 2829 953 2894 ad
976 2850 1060 2916 vaga
1084 2830 1202 2895 horrca
1224 2828 1328 2914 copiis
1351 2828 1480 2893 urbium
1505 2829 1627 2893 referta
1642 2827 1818 2905 veniretur,
1841 2843 1926 2909 quae

193 2946 211 2983 c.
272 2944 336 2987 non
360 2924 464 2989 solum
477 2926 718 3004 ,saasfeeerent
740 2933 941 3011 necessitati,
966 2933 1025 2998 sed
1049 2934 1261 2999 sublevarent
1276 2932 1363 2996 inter
1378 2931 1569 2996 deliciarum
1587 2929 1734 2996 secunda
1748 2926 1925 2992 fastidium.

270 3027 317 3092 ita
339 3030 506 3114 prosperis
530 3032 594 3095 tuis
610 3034 762 3099 militavit
777 3037 960 3103 adversitas
977 3047 1010 3104 et
1026 3046 1141 3104 contra
1155 3039 1275 3104 famem
1292 3044 1422 3101 tuorum
1440 3055 1600 3099 excursus
1615 3033 1772 3119 pugnavit
1787 3030 1925 3096 hostilis.

270 3130 348 3196 vicit
370 3131 512 3199 inediam
534 3135 667 3201 inimica
689 3142 894 3224 congressi03
917 3164 979 3208 neo
1001 3142 1145 3208 redisses
1166 3141 1208 3207 ad
1223 3141 1450 3219 valitudinem,
1478 3140 1506 3202 si
1531 3138 1711 3203 certamina
1734 3134 1925 3200 defuissent.

270 3233 354 3301 haec
377 3235 418 3301 de
442 3237 621 3304 innumeris
645 3242 773 3308 actibus
796 3243 830 3307 in
846 3244 992 3310 ordinem
1008 3244 1138 3330 digesta
1154 3245 1327 3309 sufficiant.
1365 3250 1495 3308 transeo
1513 3240 1679 3306 Sarmatas
1695 3260 1769 3304 cum
1786 3238 1926 3303 statione
1939 3245 1980 3307 35

271 3338 461 3424 migrantes,
486 3348 519 3406 at
541 3344 673 3429 plebem
698 3346 904 3412 conflictuum
929 3357 1135 3413 numeratam
1159 3348 1240 3413 sileo
1264 3346 1305 3411 de
1329 3346 1463 3432 tropeis.

195 3461 221 3499 ω
380 3441 476 3507 VIII.
512 3443 585 3510 Tibi
602 3467 673 3510 cum
689 3456 817 3515 rectore
832 3471 916 3528 mco,
933 3449 1115 3530 Odovacar,
1139 3470 1283 3523 occurro,
1308 3448 1364 3534 qui
1380 3447 1549 3511 universas
1562 3450 1674 3509 contra
1686 3463 1759 3508 eum
1775 3440 1925 3506 nationes
1939 3451 1981 3516 36

273 3546 367 3633 quasi
392 3548 480 3613 orbis
504 3569 681 3615 concussor
703 3553 885 3619 exciveras.
923 3562 971 3619 tot
996 3575 1092 3639 reges
1116 3561 1223 3619 tecum
1247 3553 1288 3617 ad
1312 3552 1398 3617 bella
1415 3555 1646 3624 convenerant,
1671 3554 1749 3633 quot
1765 3546 1928 3612 sustinere

273 3651 472 3735 generalitas
495 3653 614 3719 milites
630 3656 685 3720 vix
702 3658 837 3725 valeret.
873 3658 1115 3744 deprehensum
1139 3663 1190 3723 cst
1206 3658 1313 3721 varias
1337 3676 1411 3719 esse
1434 3660 1562 3718 mentes
1585 3656 1796 3717 coacervatae
1818 3647 1929 3713 multi·

183 3772 256 3821 aaa
274 3753 395 3820 tudinis
418 3776 480 3821 nec
503 3778 596 3843 spem
619 3760 774 3824 victoriae
798 3761 910 3826 venire
933 3760 975 3827 de
998 3783 1144 3828 numero.
1191 3760 1298 3826 adhue
1321 3765 1448 3823 tuorum
1473 3755 1631 3822 dexterae
1654 3756 1695 3821 de
1719 3751 1929 3840 praecedenti
1941 3764 1981 3827 37

275 3857 352 3924 taba
376 3859 564 3925 titubabant
586 3883 648 3928 nec
671 3862 853 3949 peragebat
875 3865 1004 3930 votivos
1027 3866 1169 3950 impetus
1192 3863 1413 3928 membrorum
1437 3859 1650 3926 inbecillitas:
1675 3857 1797 3922 sufficit
1818 3863 1930 3922 tamen

198 3982 222 4021 a
275 3981 375 4027 unum
405 3964 491 4029 velle
525 3986 584 4050 pro
614 3965 752 4046 viribus,
788 3974 822 4032 et
856 3966 1068 4033 indiscretum
1103 3966 1273 4031 consilium
1307 3966 1348 4030 de
1383 3963 1523 4029 inimicis
1557 3963 1630 4027 loco
1665 3961 1792 4027 roboris
1821 3958 1932 4025 attulit

274 4064 441 4130 ultionem.
478 4089 542 4132 uon
567 4075 598 4134 te
623 4076 730 4134 castra
752 4071 850 4156 longo
868 4072 992 4136 munita
1007 4078 1167 4157 tempore,
1191 4091 1255 4134 non
1271 4069 1414 4133 fluminis
1430 4065 1591 4154 protunda
1605 4070 1794 4130 tenuerunt:
1818 4063 1930 4128 datum

276 4174 328 4232 cst
353 4168 503 4234 hostibus
531 4171 596 4235 tuis
619 4173 740 4237 vallum
772 4180 981 4249 construere,
1012 4196 1076 4238 non
1105 4173 1199 4239 tucri.
1244 4179 1382 4259 repente
1412 4191 1556 4256 aequora
1578 4168 1740 4254 fugacium
1763 4166 1930 4231 discursus
1942 4178 1983 4241 38

277 4272 429 4354 obnubit,
458 4297 517 4361 per
545 4298 629 4358 quaa
657 4278 876 4364 superandam
899 4280 1112 4344 domesticam
1136 4284 1367 4364 tempestatem
1391 4274 1589 4340 abeuntibus
1612 4270 1774 4336 indixisti:
1805 4270 1932 4335 interea

277 4376 366 4441 acies
390 4383 466 4443 tuae
489 4386 625 4465 aspectu
648 4390 875 4447 consummant
898 4384 1040 4471 proelia,
1068 4403 1133 4447 non
1156 4381 1280 4447 laboro.
1326 4380 1392 4444 illio
1416 4378 1475 4443 tibi
1498 4379 1586 4442 iores
1609 4376 1770 4440 reseravit
1791 4374 1932 4440 felicitas

220 4508 225 4537 ι
279 4481 452 4546 manifesto
489 4481 665 4570 detegens,
701 4484 786 4570 quod
816 4488 872 4571 qui
902 4488 1044 4574 primore
1074 4487 1144 4551 loco
1176 4490 1361 4563 cesserant,
1396 4480 1542 4547 secunda
1572 4501 1630 4544 cos
1660 4478 1838 4543 luctamina
1866 4498 1931 4542 non

278 4593 459 4652 manerent.
505 4585 563 4652 sed
591 4588 744 4654 instruxit
772 4611 882 4657 rursus
914 4591 947 4655 in
976 4589 1170 4676 deceptione
1199 4588 1250 4653 sui
1279 4607 1371 4652 mens
1395 4605 1480 4670 vaga
1509 4582 1710 4661 conflictum,
1740 4579 1816 4645 dum
1844 4577 1930 4665 apud
1944 4592 1985 4653 39

279 4765 399 4773 ———
413 4767 417 4771 -
428 4767 435 4771 -
447 4766 678 4775 --——--—-..-

382 4880 398 4933 d
422 4886 535 4952 contigat
550 4884 574 4935 Β
678 4886 793 4952 cylidrus
808 4884 845 4947 Β,
867 4884 994 4937 chelidros
1014 4884 1039 4933 V
1173 4882 1190 4935 5
1207 4879 1242 4949 at]
1262 4900 1308 4947 sp
1449 4877 1466 4931 6
1483 4880 1623 4947 peremitur
1640 4877 1666 4927 Β
1767 4874 1842 4926 uenit
1854 4871 1934 4925 aava

280 4967 295 5019 7
319 4972 412 5023 militas
428 4971 506 5023 BVL
646 4970 679 5024 10
701 4974 859 5040 urgebantur
879 4972 903 5021 V
1002 4972 1061 5023 talis
1088 4986 1185 5038 uorago
1212 4977 1258 5021 aut
1284 4985 1349 5034 quos
1378 4967 1490 5033 inruptio
1506 4964 1533 5015 B
1676 4962 1708 5013 lb'
1733 4958 1902 5026 triumphabit
1913 4975 1935 5024 p
2036 4958 2040 4963 '

278 5057 386 5109 attollite
403 5057 477 5107 hav
619 5059 650 5109 le
671 5068 806 5111 occurrant
820 5058 845 5108 B
949 5058 1119 5110 unbilitsntur
1134 5057 1159 5108 B
1262 5056 1352 5122 aspicii
1367 5053 1401 5117 B,
1425 5053 1502 5104 offleii
1519 5050 1569 5114 V‘,
1591 5065 1639 5100 aus
1662 5048 1721 5115 picii
1738 5062 1864 5112 super-scr.
1880 5042 1936 5106 Vb,

280 5145 409 5213 poposcito
427 5154 473 5195 aut
489 5146 567 5196 officii
579 5144 604 5195 Β
725 5142 757 5194 19
774 5145 866 5196 auersis
879 5143 903 5193 B
1023 5140 1059 5195 20
1080 5143 1197 5194 subsistit
1209 5141 1234 5191 B
1314 5139 1457 5208 portanaria
1469 5137 1503 5201 B,
1526 5135 1666 5204 pomoeria
1679 5152 1698 5200 p
1819 5129 1854 5182 21
1872 5131 1936 5198 tapi-

279 5234 369 5284 darum
382 5230 408 5280 B
414 5228 424 5265 ¹
544 5228 578 5282 23
595 5234 740 5299 arripueras
758 5231 780 5280 V
857 5247 944 5281 massa
955 5228 980 5279 B
1100 5225 1135 5278 24
1153 5227 1236 5294 capiis
1247 5227 1273 5277 Β
1392 5223 1428 5276 25
1446 5223 1589 5275 diliciarum
1602 5219 1627 5270 Β
1747 5216 1782 5269 26
1799 5213 1936 5283 excursus]

280 5319 378 5370 esurias
390 5316 468 5367 Sira.
573 5314 606 5366 27
625 5316 732 5367 uicatB
795 5316 899 5367 radissis
911 5313 955 5364 Β(ι
1059 5310 1094 5363 99
1112 5313 1225 5379 trophaia
1241 5311 1265 5360 V
1363 5310 1395 5361 31
1416 5315 1589 5361 conuenerant
1609 5308 1629 5369 (t
1646 5306 1674 5356 ia
1685 5306 1732 5369 lit.)
1743 5304 1769 5355 B
1829 5304 1899 5371 quod
1911 5303 1938 5354 B

280 5400 314 5454 32
332 5404 480 5455 coaocrhate
493 5402 518 5452 Β
632 5400 667 5453 33
684 5402 788 5453 ἀοκῑηο
801 5400 879 5451 Sir-aa
996 5396 1031 5449 34
1048 5398 1199 5450 titubantB
1273 5399 1376 5450 uotiuos
1384 5416 1414 5463 p,
1432 5397 1536 5448 notibus
1553 5393 1650 5444 codices
1728 5392 1831 5444 sutiam
1845 5391 1937 5442 malim

279 5487 314 5541 35
330 5489 501 5542 iudesorstum
515 5489 541 5539 Β
651 5485 685 5539 36
702 5487 780 5552 longa
794 5486 821 5537 Β
928 5485 964 5536 38
978 5485 1095 5539 obnuuat
1107 5484 1133 5537 Β
1205 5485 1379 5552 anparandmn
1392 5482 1417 5533 Β
1526 5476 1561 5529 39
1577 5487 1729 5531 consumant
1745 5476 1860 5544 ΤΜΒΒ,
1875 5494 1936 5531 aon·

281 5575 389 5627 aumarit
400 5573 477 5625 BVL
546 5580 757 5627 consummarunt
770 5590 848 5640 prop.
860 5572 957 5625 Horret
