4500 6232
302 263 364 325 014
978 253 1284 326 aerumnosae).

301 433 398 499 lacio.
442 431 623 518 quantisvis
655 432 818 495 actionum
854 430 1000 496 tenebris
1027 429 1173 494 involuto
1203 428 1261 491 lux
1291 426 1424 503 suffieit,
1458 446 1555 512 quam
1582 427 1749 512 loquendo
1778 427 1960 492 contulero.

301 557 363 621 ago
388 556 458 599 sum
482 555 661 622 perquam
690 540 868 620 expectant
895 535 1045 599 homines
1075 538 1202 598 reatum
1232 531 1273 597 de
1301 530 1434 595 turbida
1462 537 1497 595 et
1519 531 1741 596 innocentiam
1764 530 1806 596 de
1829 552 1958 597 serena.

301 660 360 724 per
383 661 435 704 me
459 638 552 702 lusca
574 637 747 723 splendore
771 637 982 716 conscientia,
1005 658 1065 722 per
1087 656 1140 700 ma
1164 636 1236 699 luce
1260 655 1321 698 sua
1345 632 1476 699 radians
1499 634 1687 700 adventicia
1708 642 1806 700 nocte
1823 635 1958 719 tegitur,

251 741 353 805 lbvel
377 743 403 806 si
429 742 470 805 sit
492 742 606 826 ignara
635 740 861 804 tenebrarum:
894 747 944 805 est
975 739 1063 825 quod
1092 759 1153 804 nec
1184 736 1318 802 confidit
1346 739 1471 823 puritas
1499 758 1560 802 neo
1590 738 1687 823 culpa
1717 738 1869 824 suspirat.
1916 737 1958 802 ad

303 865 413 909 meum
437 844 654 930 conpendium
677 844 875 928 ubicumque
906 851 956 908 001
978 843 1145 908 Romanus
1175 841 1333 926 invigilat.
1378 841 1486 905 fasces
1516 840 1646 905 divitiae
1677 841 1818 907 honores
1842 842 1870 906 si
1893 863 1959 906 nen

302 969 465 1028 ornamus,
489 946 618 1011 abiecta
642 953 727 1012 sunt.
763 966 824 1011 nos
848 968 949 1032 regna
972 947 1117 1032 regimus
1141 953 1174 1011 et
1197 946 1377 1031 inperantis
1403 945 1548 1010 salubria
1568 944 1731 1011 iubemus.
1773 944 1848 1031 quid
1873 944 1960 1031 quod

302 1050 579 1116 declamationum
602 1054 787 1113 nostrarum
811 1049 986 1114 oblectatio
1016 1051 1118 1114 vincit
1144 1049 1300 1113 universa
1329 1069 1413 1133 quae
1438 1049 1576 1136 sapiunt·
1594 1054 1627 1112 et
1650 1049 1838 1135 opinionem
1861 1070 1960 1135 quam

303 1154 515 1218 conciliamus
539 1159 675 1217 aeterna
698 1158 763 1216 est!
807 1159 883 1217 ante
908 1153 1071 1237 scipiones
1094 1158 1128 1216 et
1151 1152 1282 1215 trabeas
1307 1157 1358 1215 est
1380 1170 1540 1236 pomposa
1561 1150 1719 1216 recitatio.
1754 1150 1794 1215 de
1819 1151 1960 1216 virorum

303 1256 435 1322 fortium
464 1257 560 1320 factis
591 1255 676 1342 quod
706 1257 856 1320 volumus
891 1256 1050 1332 creditum
1085 1262 1194 1320 actum
1226 1276 1322 1320 nemo
1352 1257 1506 1320 aestimat
1535 1256 1621 1340 quod
1652 1257 1802 1322 silemus:
1835 1258 1960 1323 nobilia

253 1359 291 1421 17
305 1362 453 1447 germina
476 1382 519 1425 ex
542 1359 637 1423 nobis
660 1361 733 1423 fusa
758 1360 871 1424 orbem
895 1366 999 1423 totum
1023 1359 1092 1423 sole
1117 1359 1224 1423 clarae
1253 1359 1463 1444 perfeetionis
1496 1359 1667 1423 inradiant.
1712 1361 1853 1447 poetica,
1876 1361 1958 1426 iuris

303 1464 431 1550 peritia,
455 1462 637 1543 dialectica,
667 1463 884 1538 arithmetica,
914 1484 988 1526 cum
1010 1484 1063 1526 me
1087 1468 1219 1526 utantur
1249 1463 1343 1547 quasi
1367 1463 1545 1547 genetrice,
1575 1485 1626 1528 mc
1650 1471 1761 1529 tamen
1784 1464 1961 1530 adserente

304 1571 380 1631 sunt
402 1567 521 1652 pretio.
568 1564 678 1630 audite
702 1572 812 1630 tamen
836 1572 869 1629 et
893 1587 1035 1643 carmen,
1059 1565 1159 1629 alieni
1182 1564 1269 1648 quod
1293 1565 1388 1630 nobis
1414 1567 1562 1651 suggerit
1585 1566 1680 1631 ludus
1704 1566 1823 1633 officii’

993 1752 1270 1818 RHETORIOA.

675 1876 723 1941 Sit
745 1883 858 1941 noster
881 1882 1019 1952 tanturn,
1043 1896 1109 1940 non
1133 1875 1297 1960 stringunt
1321 1876 1456 1939 crimina
1478 1895 1684 1962 quemquam.

716 1980 785 2043 Nos
809 1982 895 2045 vitae
919 1981 1065 2045 maculas
1088 1979 1248 2064 tergimus
1272 1979 1351 2044 artis
1375 1999 1448 2065 ope.

671 2085 705 2149 Si
728 2086 825 2150 niveo
849 2091 978 2150 constet
1001 2085 1118 2149 merito
1142 2083 1214 2168 quis
1228 2089 1322 2171 ,teste
1347 2091 1475 2161 senatu,

723 2187 879 2273 Cogimus
904 2188 989 2252 hunc
1013 2209 1128 2252 omnes
1152 2185 1261 2252 dicere
1284 2193 1380 2251 nocte
1405 2193 1522 2251 satum.

671 2291 714 2355 Et
737 2313 812 2356 reus
836 2300 869 2357 et
893 2299 1025 2357 sanctus
1048 2292 1090 2357 de
1113 2297 1227 2356 nostro
1250 2292 1397 2356 nascitur
1420 2313 1494 2356 ore:

717 2396 804 2460 Dum
828 2397 998 2482 loquimur,
1022 2403 1153 2482 captum
1177 2395 1305 2460 ducitur
1328 2396 1509 2461 arbitrium.

670 2499 764 2564 Lana
786 2498 984 2565 Tarentinae
1008 2501 1080 2564 laus
1104 2500 1206 2581 urbis,
1230 2521 1370 2584 gemma,
1395 2507 1542 2585 potestas

717 2600 804 2676 Quid
827 2609 902 2666 sunt
925 2603 966 2667 ad
990 2609 1136 2667 nostrum
1160 2602 1272 2666 iuncta
1296 2603 1531 2688 supercilium?

673 2705 738 2780 Qui
762 2707 884 2771 nostris
908 2708 1011 2773 servit
1034 2706 1163 2786 studiis,
1186 2727 1262 2770 mox
1285 2707 1424 2792 imperat
1447 2706 1528 2771 orbi.

719 2811 773 2876 Nil
797 2811 931 2877 dubium
954 2819 1105 2877 metuens
1129 2832 1181 2875 ars
1204 2810 1284 2874 mihi
1308 2832 1411 2896 regna
1434 2810 1533 2876 dedit.

254 2958 292 3020 18
415 2947 508 3012 Haec
532 2970 622 3035 ergo,
645 2948 835 3028 dulcissimi,
861 2955 894 3013 et
915 2948 1051 3034 adsequi
1074 2948 1263 3014 contendite
1288 2955 1321 3013 et
1342 2949 1464 3035 adepta
1489 2947 1664 3014 custodite.
1704 2948 1761 3014 sed
1777 2949 1960 3034 replicetis:

305 3053 424 3138 quibus
454 3052 495 3116 ad
524 3054 588 3117 ista
614 3053 791 3138 magistris,
829 3052 948 3137 quibus
977 3058 1108 3116 utamur
1136 3051 1391 3127 institutoribus,
1427 3073 1564 3137 quorum
1595 3053 1762 3137 erigamur
1790 3053 1961 3138 exemplis,
2029 3094 2035 3106 ·

304 3178 378 3222 oum
408 3156 567 3220 Faustum
601 3163 635 3221 et
667 3156 841 3236 Avienum,
876 3155 1001 3220 saeculi
1037 3155 1139 3220 nostri
1170 3154 1408 3220 beatitudinem
1438 3161 1472 3221 et
1501 3155 1642 3221 Latiaris
1676 3156 1797 3220 flumen
1828 3155 1963 3242 eloquii,

304 3261 419 3326 aulicis
443 3259 625 3323 districtum
648 3265 760 3325 teneat
787 3258 855 3323 fors
884 3256 1030 3323 secunda
1057 3257 1219 3323 consiliis?
1251 3279 1331 3343 quos
1355 3258 1431 3323 dum
1455 3265 1568 3324 manet
1590 3280 1723 3340 cura,a
1745 3259 1963 3344 generalitate

304 3365 460 3443 nescitur,
492 3384 629 3448 quorum
652 3370 813 3450 temptare
843 3363 1019 3448 praeconia
1045 3361 1132 3427 idem
1160 3368 1211 3428 est
1240 3384 1277 3427 ao
1307 3364 1334 3427 si
1362 3363 1469 3428 lucem
1496 3363 1576 3427 solis
1605 3369 1639 3426 et
1668 3363 1849 3448 potentiam
1878 3363 1963 3428 velis

256 3471 294 3532 19
307 3467 486 3532 divinitatis
502 3466 666 3532 adserere.
690 3465 829 3530 sedistis
845 3466 878 3528 in
894 3465 981 3530 bono
999 3466 1131 3552 publico
1148 3465 1386 3532 desudantibus
1402 3468 1532 3552 patricii
1549 3465 1669 3532 Festus
1686 3474 1719 3531 et
1736 3467 1962 3552 Symmachus,

305 3571 447 3636 omnium
483 3569 726 3656 disciplinarum
761 3569 899 3633 materia
928 3575 962 3633 et
990 3568 1168 3632 constantis
1199 3570 1304 3635 forma
1334 3571 1525 3656 sapientiae,
1558 3572 1599 3635 ab
1631 3571 1713 3635 urbe
1740 3571 1963 3636 sacratissima

305 3695 370 3738 non
401 3672 568 3737 recedunt.
614 3674 646 3736 in
668 3673 749 3758 ipsis
774 3678 824 3737 est
847 3672 967 3736 nobilis
998 3673 1107 3736 curiae
1135 3673 1347 3758 principatus,
1379 3693 1460 3758 quoa
1487 3672 1611 3738 vidisse
1644 3673 1764 3738 erudiri
1793 3681 1852 3738 est.
1897 3695 1964 3739 non

306 3776 393 3863 apud
423 3798 480 3840 eos
511 3796 619 3839 sermo
650 3774 691 3839 de
721 3774 853 3842 ludicris
884 3798 945 3842 nec
968 3778 1238 3863 pantomimorum
1273 3780 1329 3842 uix
1362 3779 1565 3864 ignoscenda
1597 3780 1870 3844 commemoratio.
1916 3780 1964 3845 illi

307 3901 419 3947 auram
441 3881 632 3965 popularem
664 3900 723 3964 per·
748 3880 880 3965 pudoris
910 3879 1106 3944 detrimenta
1133 3901 1199 3945 non
1227 3882 1370 3967 capiunt,
1399 3883 1544 3946 contenti
1572 3884 1671 3949 rectis
1699 3884 1804 3969 magis
1831 3883 1964 3969 placere

182 3979 270 4076 ἓξὲξ
307 4004 404 4070 quam
436 3982 604 4069 plurimis,
644 3982 823 4045 sortiuntur
857 3980 897 4047 de
932 3984 1096 4048 innocenti
1130 3987 1259 4050 actione
1295 3986 1527 4052 testimonium.
1579 3987 1713 4050 istorum
1748 3986 1896 4071 quamuis
1929 3985 1961 4053 in

307 4088 457 4153 omnibus
487 4088 578 4150 iussa
607 4084 774 4170 sequenda
805 4086 878 4164 sint,
911 4094 962 4151 est
994 4095 1102 4152 tamen
1132 4089 1164 4151 in
1194 4087 1260 4152 illis
1291 4095 1324 4152 et
1356 4089 1514 4174 magistra
1547 4089 1754 4154 taciturnitas
1782 4095 1817 4153 et
1844 4089 1963 4155 eruditi
2016 4129 2035 4144 «ι

254 4192 412 4256 20101100
442 4189 573 4254 01100111.
619 4197 670 4253 001
699 4189 797 4252 oliam
825 4187 988 4254 Probinus
1021 4191 1189 4275 patricius,
1224 4191 1348 4255 Placidi
1383 4193 1538 4277 germinis
1573 4193 1761 4257 examinata
1794 4193 1964 4274 claritudo,

308 4315 405 4380 quem
430 4292 632 4358 eruditorum
655 4292 795 4357 familiae
819 4314 927 4357 mores
950 4293 990 4357 ad
1014 4315 1158 4380 unguem
1183 4295 1272 4359 ducti
1296 4274 1516 4377 contulerunt,
1540 4296 1593 4381 qni
1618 4301 1650 4359 et
1673 4294 1713 4359 de
1736 4296 1839 4382 petris
1863 4296 1962 4363 etde

308 4397 415 4463 soceri
437 4396 547 4461 hausit
579 4396 680 4474 fonte,
711 4395 795 4480 quod
825 4397 963 4461 mundus
988 4403 1048 4462 est.
1094 4406 1145 4464 est
1175 4399 1330 4484 patricius
1359 4396 1537 4482 Cethegus,
1573 4399 1643 4463 eius
1676 4399 1774 4478 filius,
1810 4399 1858 4464 vir
1884 4420 1962 4464 con-

308 4501 434 4583 sularis,
466 4500 520 4584 qui
544 4519 658 4563 canam
689 4498 896 4585 prudentiam
926 4501 1029 4565 minor
1056 4502 1303 4587 transgrediens
1332 4502 1400 4567 sine
1430 4503 1549 4567 aetatis
1579 4502 1779 4588 praeiudicio
1808 4501 1908 4567 habet
1929 4508 1963 4567 01

254 4606 291 4665 21
308 4608 536 4688 provectorum
569 4623 717 4688 saporem
741 4608 774 4667 et
798 4604 897 4667 mella
922 4605 1095 4689 pueritiae.
1141 4611 1193 4670 est
1219 4605 1356 4671 Boetius
1384 4607 1550 4691 patricius,
1584 4606 1617 4670 in
1647 4627 1711 4692 quo
1734 4607 1789 4670 vix
1817 4605 1963 4672 discendi

413 4880 425 4932 1
446 4881 548 4932 sufficet
559 4879 584 4929 Β
704 4878 722 4930 ‘2
739 4897 829 4931 serena
846 4898 877 4931 00
895 4882 1003 4932 serentis
1021 4890 1049 4930 ut
1065 4881 1114 4931 oid.
1128 4880 1153 4930 B
1274 4879 1290 4930 3
1309 4882 1444 4948 splendore
1461 4882 1560 4946 0001001,
1583 4881 1744 4947 splendorem
1762 4881 1830 4944 libri,
1847 4881 1966 4948 splendet

308 4966 404 5019 Hartel
524 4963 541 5016 4
558 4966 668 5018 confidet
679 4965 704 5016 B
825 4965 841 5016 6
859 4985 980 5018 orrramus
993 4966 1026 5030 B,
1043 4968 1176 5018 oruaueris
1195 4968 1270 5018 celeri
1361 4978 1480 5033 rogemus
1492 4967 1517 5016 Β
1604 4968 1745 5034 inperantis
1758 4965 1791 5030 B,
1808 4967 1965 5032 imperante·

307 5055 383 5107 ceteri
477 5052 492 5104 7
511 5056 598 5106 uincet
609 5053 634 5104 Β
729 5053 746 5104 8
764 5062 866 5105 traueas
878 5054 903 5103 B
1000 5052 1030 5103 11
1050 5054 1198 5104 manastica
1210 5052 1235 5102 Β
1291 5051 1339 5118 me]
1360 5061 1412 5105 mel
1424 5050 1465 5103 Β1
1521 5054 1696 5105 adserentaae
1709 5052 1734 5101 B
1831 5048 1863 5100 13
1880 5051 1964 5102 retho-

307 5143 361 5194 rica
372 5140 450 5192 BVL
566 5138 599 5190 14
616 5136 732 5206 crimina]
752 5140 865 5191 carmina
878 5140 957 5190 Sirm.
1082 5136 1113 5188 17
1132 5140 1214 5190 noctis
1232 5147 1302 5190 atum
1316 5138 1341 5188 B
1464 5137 1496 5189 18
1514 5138 1669 5190 0000010οΒ
1790 5134 1825 5187 22
1842 5137 1966 5188 001001Β

307 5225 343 5278 25
360 5227 485 5279 maimtria
497 5225 522 5275 B
641 5223 676 5276 27
694 5227 822 5278 districtos
834 5226 931 5277 Hartel
1016 5227 1068 5276 loro
1081 5224 1182 5289 131VL,
1200 5227 1252 5276 fros
1265 5223 1316 5289 132,
1339 5241 1393 5274 sors
1408 5224 1466 5275 OPd
1554 5243 1570 5276 a
1588 5242 1637 5275 om.
1652 5223 1677 5273 Β
1798 5221 1833 5274 28
1850 5222 1928 5274 uallis
1939 5222 1966 5274 B

307 5310 342 5364 29
366 5313 461 5380 pullieo
474 5312 499 5362 B
637 5308 672 5362 30
689 5313 779 5364 matari
794 5309 797 5376 Ι
813 5330 828 5362 a
851 5321 877 5363 ct
898 5313 1058 5379 principatur
1083 5310 1119 5376 (01
1137 5310 1199 5376 olet)
1212 5311 1249 5375 B,
1273 5319 1299 5363 01
1321 5318 1468 5362 0000100100
1485 5337 1518 5346 -
1536 5311 1623 5362 curiae
1646 5310 1729 5376 nrppl.
1747 5310 1776 5360 ia
1792 5325 1841 5375 atq.
1860 5308 1909 5375 ios.
1922 5307 1967 5360 32

308 5399 448 5451 comtantie
465 5396 560 5449 Usener
579 5396 680 5462 (anecd.
700 5397 781 5448 Hold
795 5415 824 5463 p.
837 5395 883 5460 35)
901 5406 925 5448 et
937 5398 1034 5450 Hartel
1166 5396 1201 5449 36
1218 5399 1342 5466 propinus
1361 5396 1388 5464 (p
1407 5414 1438 5448 aa
1456 5396 1483 5459 b)
1496 5396 1522 5446 B
1619 5398 1714 5465 placidi
1729 5397 1851 5456 editorem
1872 5412 1967 5448 nonen

304 5486 444 5551 proprium
460 5484 703 5550 camporeperto
720 5483 815 5536 Usener
834 5480 864 5548 (l.
881 5482 956 5548 011)
1077 5481 1276 5551 118ογ10ςοοΒ
1396 5480 1431 5535 39
1454 5479 1555 5550 000010]
1578 5479 1688 5535 cumB¹
1808 5477 1844 5532 40
1860 5481 1966 5551 puerine

308 5588 364 5638 nep.
376 5571 421 5621 lin.
442 5571 462 5621 ti
478 5569 502 5621 B
573 5572 678 5624 boecius
690 5569 715 5620 Β
782 5568 905 5638 patricius
922 5586 977 5637 nup.
990 5569 1035 5621 lin.
1048 5568 1075 5620 B
