4500 6232
596 282 702 338 ccuvl
719 282 840 347 (CARM.
857 283 884 341 2.
903 282 973 349 107),
991 282 1109 336 CCLVll
1129 281 1250 347 (caum.
1267 284 1293 343 2,
1313 281 1370 335 108.
1391 280 1458 347 109).

823 572 954 640 ucuvl
977 579 1085 660 (esau.
1099 575 1131 652 2,
1151 573 1237 657 107).

545 769 731 843 VERSVS
758 769 880 842 MISSl
907 768 1133 842 AGNELLO
1160 766 1278 840 VIRO
1307 767 1510 840 SVBLlMl.

873 950 936 1015 EX
958 948 1183 1014 TEMPORE.

667 1087 826 1154 Lucidum
850 1086 950 1150 tinxit
971 1085 1158 1149 maculante
1180 1085 1257 1150 fuco

668 1190 1012 1277 Quisquisaffectum,
1035 1189 1120 1253 ferat
1142 1187 1218 1253 inde
1241 1189 1387 1273 linguam

665 1297 787 1362 Iudicis
812 1295 935 1361 Christi
957 1294 1085 1359 facibus
1108 1300 1287 1380 perustam,
1390 1346 1393 1351 .

926 1396 992 1462 Ore
1016 1397 1175 1483 sepultus.

498 1518 510 1554 δ
568 1500 694 1567 Scindit
716 1521 861 1587 urguens
885 1500 1002 1565 foedus
1025 1520 1121 1565 omne
1144 1498 1259 1564 fraude
1283 1501 1381 1565 vivax
1406 1501 1545 1587 perpeti,

568 1605 679 1691 Aegre
702 1611 837 1691 portans
860 1604 1011 1689 quicquid
1035 1603 1114 1669 ordo
1137 1604 1263 1690 flagitat
1287 1605 1442 1669 serenior.

568 1709 696 1794 Linque
719 1729 853 1793 quaeso,
877 1708 992 1788 amice,
1017 1730 1125 1774 mores
1148 1709 1246 1794 plebe
1270 1708 1387 1795 dignos
1411 1710 1536 1790 ultima,

570 1813 747 1899 Sanguinis
770 1813 887 1877 callem
912 1818 1045 1876 secutus
1070 1833 1165 1877 serra
1187 1812 1275 1897 quod
1298 1811 1457 1898 depectus
1481 1835 1527 1878 es.

955 2103 1107 2212 cern

782 2283 1019 2358 uuuoulvs
1045 2283 1283 2357 AGNELLO.

310 2452 398 2516 Ante
427 2451 598 2538 imperium
633 2449 827 2535 diligentiae
856 2455 988 2514 restrae
1016 2447 1229 2514 valitudinem
1259 2470 1350 2514 suam
1381 2451 1525 2516 iniuncta
1553 2457 1739 2516 tenuemnt.
1784 2471 1858 2514 nam

203 2577 244 2620 no
268 2556 319 2619 cui
348 2555 430 2620 haec
459 2554 616 2619 darentur
638 2554 689 2618 vel
720 2552 862 2638 legendo
886 2553 938 2617 vel
962 2553 1210 2618 transcribendo
1239 2556 1478 2638 praemonitus,
1507 2555 1620 2620 obvias
1648 2543 1859 2640 poscentibus

203 2680 318 2723 manus
341 2658 496 2746 opposui:
529 2678 615 2722 nunc
638 2657 744 2722 vietus
769 2656 816 2720 tui
840 2656 974 2720 caritate
998 2656 1174 2721 transmisi.
1220 2656 1323 2722 facies
1348 2678 1456 2722 meum
1479 2657 1638 2743 pudorem
1661 2659 1693 2722 in
1716 2657 1859 2722 stetioue

140 2780 151 2815 ³
205 2783 290 2841 csse,
313 2761 340 2825 si
364 2763 504 2847 relegas,
527 2761 560 2825 in
584 2760 814 2847 profligatione
838 2759 990 2835 maxima,
1015 2759 1041 2823 si
1065 2760 1274 2825 transcribas.

905 3036 1011 3120 (cns.
1028 3036 1058 3113 s,
1077 3034 1162 3120 ros).

570 3173 714 3239 Vincula
737 3174 832 3238 solvit
854 3194 956 3253 amor,
979 3194 1064 3259 quae
1088 3172 1252 3260 qnondam
1275 3176 1391 3240 nexuit
1413 3176 1511 3240 alter:

572 3277 646 3343 Non
670 3279 734 3342 nisi
756 3299 816 3363 per
837 3279 946 3363 legem
971 3277 1058 3342 cedit
1079 3279 1136 3343 lex
1160 3279 1268 3364 prisea
1291 3284 1492 3363 sequentem.

903 3552 1009 3637 (cusu.
1026 3554 1057 3633 2,
1076 3552 1161 3638 109).

573 3692 759 3777 Numquam
781 3689 950 3775 frugiferis
973 3710 1033 3775 per
1056 3692 1190 3755 saeeula
1213 3692 1311 3777 longa
1334 3691 1515 3776 thyrambis

620 3795 660 3861 In
684 3816 735 3861 mc
758 3794 924 3859 fluxerunt
948 3793 1119 3859 commoda
1142 3794 1287 3859 Castalii.

574 3899 695 3964 Tristia
718 3898 836 3963 ieiunis
860 3906 1060 3983 pungentem
1084 3899 1228 3963 earmina
1251 3898 1362 3964 labris.

622 4002 705 4089 Spes
729 4023 824 4082 nova,
848 4001 927 4087 quid
950 4001 1111 4075 stimulas,
1133 4002 1272 4088 gurgitis
1294 4002 1414 4067 Aonii?

504 4124 516 4159 ⁵
574 4106 640 4172 Sed
664 4107 691 4171 si
713 4111 839 4171 mutato
862 4105 1039 4170 Parcarum
1063 4106 1202 4170 stamine
1226 4105 1361 4190 gaudes,

620 4208 751 4274 Exhibe
777 4208 987 4295 cornipedem
1011 4230 1106 4290 nuno,
1129 4209 1290 4296 Pegason,
1315 4210 1404 4289 mihi,

575 4310 637 4384 Qui
661 4313 747 4377 ferat
769 4311 930 4396 aligerum
953 4332 1012 4397 per
1035 4312 1182 4397 gramina
1205 4312 1334 4378 roscida
1357 4334 1475 4399 corpus

622 4414 692 4480 Nee
715 4423 847 4480 teneras
871 4415 983 4480 flectat
1007 4416 1152 4500 vestigiis
1175 4423 1317 4500 segetes,

575 4517 756 4584 Sublimem
781 4518 925 4584 validum
949 4519 1126 4584 formosum
1149 4519 1301 4604 passibus
1325 4526 1452 4605 aptum:

493 4640 518 4678 1⁰
622 4621 684 4695 Qui
709 4623 737 4687 si
761 4624 940 4710 continget,
963 4645 1039 4687 mox
1063 4622 1151 4699 mibi,
1175 4623 1280 4705 Musa,
1302 4623 1423 4709 places.

575 4725 717 4790 llitteris
742 4725 783 4790 ad
807 4727 934 4812 largum
958 4727 1154 4812 locupletem
1178 4746 1315 4812 poscere
1339 4746 1450 4812 parva.

624 4828 667 4893 Ni
691 4829 839 4915 gaudens
861 4828 989 4903 redeas,
1013 4829 1065 4895 die
1088 4826 1178 4908 rnihi,
1201 4828 1307 4909 Musa,
1331 4831 1413 4894 vale.

315 5090 436 5159 [ctum]
463 5090 518 5143 md
536 5091 639 5143 iudicib.
656 5090 705 5154 Va,
722 5090 860 5144 iudicilsL
923 5091 993 5142 cristi
1006 5089 1031 5140 B
1125 5089 1181 5141 ub
1198 5088 1332 5156 urgsusV
1421 5106 1446 5140 r.
1459 5086 1474 5138 ἲ
1487 5089 1579 5156 dignos
1592 5088 1680 5151 sim„
1697 5088 1864 5156 diguuslr‘dri

314 5194 448 5262 [convii]
484 5195 588 5247 Btruus
603 5191 608 5258 Ι
623 5194 795 5246 seribendaB
898 5192 1027 5262 broligas
1040 5193 1065 5244 B
1133 5193 1300 5246 transscribes
1312 5190 1368 5242 BV

315 5300 400 5350 cumr.
414 5302 438 5361 2,
450 5303 498 5350 109
525 5298 556 5349 de
574 5298 692 5349 uersibus
715 5299 770 5349 suis
793 5299 869 5349 inam
883 5296 975 5357 δίνης
996 5314 1084 5349 nerem
1101 5296 1210 5364 rignello
1233 5296 1322 5347 muros
1343 5312 1395 5347 cure
1416 5295 1485 5361 epist.
1500 5292 1633 5345 occult·
1648 5302 1671 5344 et
1690 5291 1865 5345 ucc'u'uulr

210 5387 330 5438 docentur
457 5403 481 5436 v.
502 5383 514 5434 l
535 5385 659 5451 tyrambis
677 5384 745 5449 turi,
762 5385 891 5452 corymbis
904 5382 992 5435 δώσει
1009 5385 1037 5435 in
1053 5401 1103 5450 mg.
1231 5399 1255 5433 v.
1274 5380 1292 5433 3
1310 5383 1389 5434 ieiuni
1405 5380 1433 5445 Κ
1451 5381 1539 5432 ieiunii
1552 5378 1576 5430 J,
1662 5387 1817 5446 pungentem
1830 5377 1864 5442 Β,

210 5480 372 5546 spargentem
385 5471 460 5523 ceteri
563 5487 587 5520 r.
607 5466 622 5518 'l
640 5470 743 5523 nunide
754 5470 838 5538 m,
856 5470 952 5523 rustica
966 5468 1012 5523 ΟΡ
