4500 6232
540 291 593 354 xv
610 289 734 369 (seren.
752 299 777 362 1,
796 297 849 366 ro),
868 290 933 352 xm
951 289 1074 365 (nersr.
1094 296 1117 355 1.
1137 295 1189 360 m,
1208 289 1287 353 svn
1305 291 1429 368 (cerer.
1448 299 1472 362 1,
1491 295 1544 367 rs).
1828 296 1864 366 ῆι

217 494 258 540 ea
279 494 345 561 qua
366 473 529 540 insinuavi
551 474 740 540 sinceritate
757 473 967 561 conplectere
984 479 1017 538 et
1033 493 1177 537 amorem
1192 494 1301 538 meum
1317 473 1350 537 in
1367 469 1595 538 admonitionis
1611 473 1675 540 fide
1691 474 1868 561 perpende.

216 578 296 642 scito
318 576 477 663 epistulas
499 584 573 642 tuas
595 579 676 643 nulli
699 578 869 643 doctorum
892 597 912 640 a
934 599 986 642 me
1010 599 1085 642 esse
1110 576 1336 662 denegandas,
1368 583 1404 640 ut
1432 576 1518 662 quod
1545 599 1597 642 me
1626 599 1685 664 per
1707 579 1900 644 inscitiamti
2013 656 2017 663 ¹

216 681 339 768 fugerit
361 702 421 766 per
443 702 511 759 eos,
534 682 588 765 qui
611 680 653 745 ad
676 701 819 765 unguem
843 681 928 745 docti
951 688 1035 755 sunt,
1059 681 1264 755 emendetur;
1289 690 1321 745 et
1343 680 1415 745 ideo
1440 680 1481 744 ad
1505 683 1687 767 scriptionis
1710 684 1869 747 ruituram

216 787 319 850 multo
347 785 465 850 sudore
488 791 520 848 te
543 806 719 870 praepara,
749 792 785 847 ut
808 792 899 853 vota.
931 806 1015 870 quae
1046 785 1132 848 eirca
1155 792 1188 847 te
1212 805 1270 870 pro
1294 784 1472 848 venerandi
1495 785 1597 869 patris
1620 786 1667 847 tui
1691 786 1813 848 meritis
1837 792 1870 849 et

151 905 163 939 ⁵
217 909 327 953 arnone
350 889 495 974 concepi,
518 887 559 952 ad
583 889 735 952 effectum
759 888 904 951 subhac
929 889 1084 952 claritatis
1107 896 1183 953 tuae
1207 889 1387 952 intentione
1410 887 1615 973 perveniant.

865 1179 952 1246 xvl
975 1181 1085 1266 (neser.
1111 1185 1138 1253 l,
1165 1181 1228 1264 11).

642 1376 885 1450 CASTORIO
913 1377 973 1448 ET
1001 1374 1164 1449 FLORO
1194 1375 1442 1450 ENNODlVS.

326 1524 515 1617 Amantem
539 1553 640 1616 vestri
664 1554 768 1636 gratia
792 1552 958 1617 deberetis
982 1553 1129 1615 relevare
1153 1551 1313 1636 conloquii
1338 1558 1370 1614 et
1393 1551 1532 1614 amicam
1557 1549 1757 1633 diligentiam
1780 1550 1899 1616 testi-l

215 1657 325 1719 monio
348 1676 495 1720 reserare
518 1657 686 1729 sermonis,
708 1657 785 1740 quia
808 1665 898 1721 muta
913 1658 1029 1721 caritas
1048 1677 1153 1742 paene
1170 1657 1297 1741 optinet
1312 1657 1401 1719 vices
1418 1655 1538 1738 ingrati
1554 1662 1586 1716 et
1605 1674 1664 1740 per
1679 1655 1872 1739 paginarum

216 1758 447 1823 abstinentiam
471 1758 673 1844 intercipitur
695 1759 740 1821 vis
765 1760 892 1822 arnonis.
938 1758 1110 1823 absentum
1134 1758 1249 1821 animis
1273 1759 1342 1822 sola
1365 1758 1546 1822 litterarum
1569 1757 1718 1822 medetur
1741 1758 1872 1831 oblatio,

216 1881 300 1946 quae
329 1861 469 1946 quodam
497 1862 615 1925 mentis
643 1861 780 1925 artifieio
806 1863 911 1947 pingit
941 1863 1114 1948 scriptione
1145 1860 1230 1946 quod
1258 1863 1410 1946 loquitur.
1457 1861 1538 1925 haee
1569 1860 1657 1948 apud
1680 1882 1736 1924 sos
1759 1864 1905 1947 super-2

214 1986 352 2029 vacuum
375 1972 526 2051 putamus
549 1963 718 2045 adserere,
749 1986 828 2049 quos
859 1967 1006 2030 instituta
1036 1967 1160 2031 nobilia
1188 1973 1323 2038 acuunt,
1355 1964 1474 2050 quibus
1507 1971 1639 2051 praesto
1671 1971 1721 2028 cst
1743 1966 1874 2050 sanguis

215 2067 361 2132 doctrina
384 2069 592 2133 consortium.
639 2069 719 2132 nihil
743 2075 792 2132 est
816 2068 974 2133 bonarum
1004 2070 1138 2141 artium,
1170 2067 1256 2153 quod
1280 2067 1407 2131 nescire
1432 2067 1502 2131 sine
1526 2067 1754 2151 neglegentiae
1779 2068 1874 2154 culpa

215 2172 359 2259 possitis,
396 2192 475 2256 quos
506 2179 578 2259 post
609 2172 715 2236 lucem
752 2172 910 2236 natalium
939 2172 1124 2236 Romanum
1154 2171 1252 2235 decus
1283 2170 1424 2235 Faustus
1459 2171 1606 2235 instituit.
1660 2192 1737 2255 ergo
1771 2171 1875 2256 magis

214 2275 381 2340 latendum
405 2282 456 2339 est
478 2294 530 2338 mc
560 2295 623 2338 non
652 2276 769 2339 mereri
801 2274 886 2360 quod
915 2276 1063 2361 postulo,
1096 2296 1192 2361 quam
1222 2296 1280 2338 vos
1310 2274 1434 2338 nescire
1465 2272 1542 2359 quid
1573 2273 1721 2338 debeatis
1748 2274 1875 2341 offerre.

150 2402 163 2437 r.
217 2379 337 2444 domini
360 2379 419 2457 mi,
443 2379 650 2442 salutationis
675 2377 786 2443 debita
809 2379 1006 2443 effusissima
1029 2379 1213 2442 humilitate
1236 2377 1424 2463 persolvens
1447 2399 1577 2463 precor,
1601 2385 1637 2442 ut
1659 2377 1790 2442 tandem
1814 2379 1906 2442 ali-3

215 2481 344 2567 quando
368 2502 432 2546 non
455 2482 652 2546 inmemores
681 2480 909 2547 admonitionis
940 2492 973 2546 et
1001 2481 1142 2547 foederis
1170 2481 1374 2557 rescribatis,
1407 2482 1494 2546 eirca
1522 2502 1606 2566 quae
1635 2503 1735 2568 opera
1764 2482 1875 2567 pigros

214 2607 272 2650 vos
304 2607 378 2651 esse
406 2606 471 2649 non
499 2585 667 2664 convenit,
702 2586 777 2669 quia
806 2606 867 2650 nee
898 2585 1137 2651 conversationi
1172 2592 1302 2650 uestrae
1336 2591 1449 2649 saneta
1477 2586 1677 2649 conscicntia
1705 2605 1765 2648 nec
1793 2584 1876 2649 uber

215 2710 322 2754 sermo
345 2695 455 2776 potest
477 2688 592 2754 deesse
617 2688 807 2774 conloquiis.

851 2944 959 3012 xvll
983 2946 1091 3032 (nrrsr.
1119 2950 1146 3023 1,
1174 2946 1237 3030 12).

814 3138 991 3213 AVIENO
1022 3138 1270 3212 ENNODlVS.

332 3282 376 3377 Si
391 3334 538 3398 quaeras,
562 3336 619 3379 eur
634 3317 763 3381 silentio
780 3323 889 3380 vestro
905 3316 1042 3379 multata
1062 3336 1126 3378 non
1148 3315 1264 3378 reticet
1286 3312 1423 3398 prodiga
1445 3313 1535 3376 frons
1558 3312 1701 3400 pudoris,
1725 3320 1758 3376 et
1780 3313 1884 3377 malet

212 3416 456 3503 interpretando
481 3419 671 3505 inpudentia
693 3427 829 3485 vocetur
851 3420 995 3498 affectio,
1026 3420 1052 3482 si
1075 3418 1298 3503 garrulitatem
1327 3437 1433 3480 meam
1462 3417 1568 3481 fructu
1599 3416 1688 3479 dieas
1717 3421 1867 3479 cessante

212 3517 363 3585 debuisse
387 3523 553 3607 conpesci:
585 3543 647 3607 ego
669 3530 720 3599 te,
750 3522 975 3587 inlustrissime
1005 3522 1186 3599 hominum,
1214 3521 1270 3584 illa
1299 3541 1382 3605 quae
1405 3522 1437 3584 in
1464 3520 1587 3584 familia
1610 3528 1667 3582 tua
1689 3518 1868 3582 domestica

212 3629 264 3687 est
285 3624 474 3688 sinceritate
497 3627 665 3704 convenio,
689 3646 750 3710 ego
773 3624 978 3689 foederatam
1000 3623 1251 3710 promissionem
1268 3624 1360 3707 quasi
1377 3622 1523 3687 obsidem
1540 3623 1658 3685 mentis
1675 3623 1864 3708 amplector.

213 3724 309 3800 doleo
330 3726 461 3811 quidem
478 3735 668 3812 procuratas
685 3728 774 3813 longi
791 3748 906 3791 causas
924 3726 1055 3804 silentii,
1079 3724 1155 3788 dum
1179 3732 1212 3789 et
1236 3727 1355 3790 caritas
1379 3733 1412 3790 et
1435 3724 1645 3790 necessitudo
1668 3723 1901 3809 neglegitur32

149 3853 162 3888 ε.
215 3828 273 3893 sed
296 3830 373 3914 quia
394 3850 446 3894 me
471 3835 575 3894 toturn
599 3832 661 3896 sibi
684 3840 873 3895 emortuus
897 3828 1058 3908 vindieat,
1081 3828 1187 3892 adhuc
1211 3830 1308 3894 credo
1333 3829 1578 3894 exeusationem
1602 3849 1700 3915 posse
1725 3828 1872 3913 recipere

213 3931 300 4016 quod
331 3931 437 3997 fecisti
461 3940 493 3997 et
520 3936 723 4021 purgationis
753 3942 830 3999 tuae
854 3934 885 3997 in
909 3934 970 3998 hae
994 3939 1087 4018 parte
1111 3954 1228 3996 causas
1252 3932 1390 3995 aestimo
1414 3952 1504 4006 esse,
1534 3952 1614 4017 quas
1638 3931 1784 3997 invenire
1808 3950 1873 3994 non

212 4056 357 4121 possum.
407 4038 439 4101 in
469 4037 556 4102 bona
585 4046 619 4103 te
648 4039 828 4103 valitudine
859 4037 981 4122 degere
1011 4038 1078 4101 voti
1109 4058 1243 4123 compos
1273 4057 1402 4122 semper
1432 4035 1551 4099 audivi.
1599 4034 1750 4099 sudorem
1781 4040 1873 4098 tuum

214 4138 300 4203 eirca
330 4148 523 4206 ornamenta
554 4143 685 4226 generis
716 4164 817 4229 saepe
847 4142 1034 4228 epistularis
1069 4140 1202 4225 alloquii
1232 4140 1305 4204 luce
1337 4140 1471 4205 tersisti.
1525 4139 1604 4204 nihil
1635 4145 1767 4226 praeter
1795 4158 1873 4201 con·

214 4248 374 4326 temptum
396 4250 566 4326 monstrat,
590 4247 740 4330 quotiens
763 4247 968 4311 taciturnitas
989 4266 1054 4309 non
1075 4244 1176 4308 habet
1200 4244 1443 4311 necessitatem.
1492 4264 1554 4328 ego
1580 4252 1689 4307 tamen
1720 4263 1811 4328 spem
1831 4238 1904 4304 dea

217 4362 375 4428 responso
408 4347 542 4432 capiens
569 4369 698 4434 semper
729 4349 846 4433 scripsi
879 4355 913 4411 ct
943 4346 1004 4411 sub
1041 4346 1179 4431 quadam
1214 4348 1373 4412 claritatis
1406 4354 1481 4411 tuae
1513 4347 1702 4432 praesentia
1735 4342 1875 4429 legenda

216 4445 348 4510 dictavi.
393 4449 464 4512 visa
487 4457 538 4514 est
561 4451 655 4529 mihi,
680 4450 755 4515 dum
779 4452 905 4535 loquor,
929 4451 1049 4537 pagina
1071 4472 1145 4514 mea
1168 4459 1201 4515 te
1225 4450 1424 4530 reddidisse,
1448 4459 1481 4516 te
1505 4472 1623 4537 sapere
1646 4459 1681 4516 et
1703 4451 1766 4513 tuis
1788 4449 1876 4536 picta

214 4550 412 4636 imaginibus
443 4553 545 4618 verba
578 4554 736 4622 conferre.
786 4553 864 4640 quid
898 4563 989 4620 esset
1021 4555 1052 4618 in
1087 4555 1228 4641 epistula
1262 4562 1318 4618 tua
1349 4554 1543 4636 dulcedinis,
1580 4555 1607 4618 si
1642 4574 1713 4618 eam
1746 4550 1878 4615 daretur

218 4655 377 4741 accipere,
401 4676 523 4740 quaeso
546 4656 722 4743 diligenter
746 4659 909 4744 expcnde,
932 4659 1061 4744 qnando
1086 4659 1163 4723 licet
1186 4681 1205 4723 a
1229 4658 1324 4723 nobis
1347 4658 1571 4747 procedentia,
1595 4665 1704 4723 tamen
1728 4678 1812 4743 qnae
1835 4653 1876 4719 ad

215 4763 249 4822 te
265 4759 400 4823 veniunt
416 4760 517 4826 verba
532 4763 779 4848 conplectirnur.
817 4765 892 4845 iam,
916 4784 1005 4848 rogo,
1028 4762 1070 4827 ad
1086 4762 1251 4828 adfectum
1273 4763 1456 4849 scriptionis
1481 4762 1608 4848 erigere
1633 4769 1667 4827 ct
1689 4759 1905 4825 ariditatemd

218 4930 382 4940 ——..

316 5049 333 5102 3
351 5051 455 5119 fugerit]
475 5057 564 5121 lugere
576 5054 602 5105 B

318 5153 398 5221 [XVI]
438 5155 606 5209 6Ennodius
623 5160 651 5209 C.
672 5168 698 5210 et
715 5160 787 5210 Fld
905 5158 1039 5212 Sobtinet
1054 5159 1078 5208 V
1157 5157 1239 5225 uices]
1258 5158 1397 5211 roccella
1516 5156 1754 5224 dintercipeturB
1829 5155 1874 5206 ab

215 5238 331 5307 sentum]
355 5243 487 5294 absentem
507 5241 562 5308 B0,
587 5252 613 5296 ct
632 5246 777 5296 absentium
797 5244 856 5297 CPd
1005 5245 1038 5298 10
1058 5248 1195 5298 seribtione
1213 5244 1240 5296 Β
1326 5243 1404 5312 qnod]
1427 5263 1492 5312 qnos
1510 5243 1550 5308 Β,
1572 5260 1681 5310 quocum
1706 5241 1814 5298 Hartel‚·
1840 5242 1875 5305 cf.

214 5328 364 5379 cccnxffl
383 5326 416 5379 17
532 5329 565 5382 13
583 5331 696 5400 possitis]
715 5335 829 5400 possides
842 5332 869 5384 Β
888 5332 1123 5398 (commeares.)
1196 5333 1253 5383 luce
1267 5330 1294 5382 Β
1405 5331 1437 5382 14
1455 5331 1553 5397 postolo
1571 5327 1607 5377 1'1
1716 5326 1749 5377 li)
1766 5325 1874 5393 ‹lonrinil

216 5413 328 5465 durnPb
398 5417 434 5467 mi
452 5416 545 5484 Haupt
562 5436 649 5484 operae.
668 5418 722 5469 III
736 5424 800 5483 450,
817 5421 880 5470 milri
899 5421 996 5470 codices
1065 5416 1312 5484 decidissem
1418 5417 1450 5468 le
1468 5419 1558 5484 pigrus
1571 5413 1598 5465 Β

319 5516 412 5584 [xvn]
448 5518 482 5570 19
499 5522 633 5572 Ennodius
651 5522 779 5572 Auienod
892 5520 927 5573 90
944 5540 990 5574 cur
1007 5540 1023 5574 a
1039 5524 1141 5574 silentio
1155 5518 1215 5572 CPb
1331 5519 1366 5571 ‘25
1384 5521 1503 5570 rrerrdicat
1515 5517 1553 5568 Pb
1662 5515 1696 5568 27
1713 5520 1835 5586 degerere
1848 5516 1876 5569 Β

215 5600 250 5655 28
266 5604 409 5671 epistolaris
427 5605 454 5672 (o
471 5624 503 5657 ατ
521 5625 537 5658 ιι
556 5606 635 5672 cosa.)
653 5607 677 5656 l'
786 5605 822 5657 30
838 5610 928 5659 scribsi
947 5607 974 5659 Β
1042 5610 1181 5661 dulcidinis
1194 5605 1222 5658 Β
1326 5604 1361 5656 34
1378 5606 1524 5657 seribtionis
1537 5603 1565 5656 Β
