4500 6232
776 292 876 351 coru
893 291 1015 361 (uersu
1035 294 1060 361 s,
1077 295 1132 364 ar),
1150 294 1263 350 coxru
1281 292 1404 362 (mur.
1422 295 1448 359 s,
1465 292 1520 359 ss).

952 602 1086 672 cuxll
1110 605 1218 691 (rrrsr.
1236 606 1266 687 8,
1283 604 1349 692 35).

699 798 936 874 ENNODIVS
963 799 1242 874 AVRELIANO
1270 799 1600 874 PRESBYTERO.

295 961 308 1021 ¹
429 950 625 1041 Inamabilis
657 975 788 1061 quidem
817 974 990 1041 desideriis
1019 975 1100 1040 meis
1129 975 1282 1040 militavit
1310 977 1439 1041 occasio
1468 985 1502 1041 et
1528 976 1612 1041 votis
1640 975 1764 1040 aditum
1794 974 1977 1041 necessitas

323 1083 379 1147 vix
401 1079 537 1146 ferendo
560 1079 725 1166 patefecit.
770 1078 941 1164 amplexus
968 1078 1124 1163 paginam
1154 1079 1357 1165 praefatione
1386 1078 1609 1145 blandientem
1640 1078 1790 1164 sequenti
1812 1078 1884 1142 eius
1906 1078 1976 1143 elo·

324 1186 455 1250 cutione
480 1184 634 1248 confusus
659 1202 741 1246 sum.
786 1201 861 1244 nam
884 1180 980 1246 dulce
1004 1182 1198 1268 principium
1218 1189 1251 1248 et
1267 1183 1375 1248 sereni
1391 1183 1490 1248 mella
1508 1183 1670 1268 conloquii
1684 1183 1790 1248 relata
1805 1183 1977 1248 calamitas

325 1288 419 1374 quasi
441 1294 534 1352 veste
558 1286 662 1350 noctis
687 1283 834 1349 obnubit.
880 1305 956 1350 vere
980 1284 1189 1370 loquentibus
1212 1284 1304 1350 vobis
1326 1286 1456 1371 ingesta
1479 1293 1555 1351 sunt
1577 1286 1680 1351 oculis
1703 1306 1787 1371 quac
1810 1284 1977 1371 legebam.

292 1399 400 1459 anam
424 1388 501 1454 dum
524 1388 692 1454 absentiae
714 1386 904 1452 felicitatem
920 1388 1042 1473 pagina
1060 1388 1218 1474 sapientis
1235 1389 1417 1477 intercepit,
1443 1396 1576 1454 coaetus
1591 1410 1663 1454 snm
1680 1389 1770 1453 illam
1784 1387 1978 1454 Aetheriarn

324 1495 419 1558 nimis
449 1493 571 1559 vidisse
600 1499 765 1557 terrenam
789 1497 823 1555 et
845 1514 865 1555 a
887 1491 1086 1556 sublimitate
1114 1491 1265 1556 vocabuli
1293 1493 1326 1555 in
1354 1498 1513 1556 tartarum
1544 1490 1625 1557 duce
1658 1492 1755 1579 culpa
1782 1491 1978 1578 depositam.

323 1605 416 1662 tacco
441 1596 517 1682 quid
541 1595 691 1661 debuerit
714 1592 916 1681 parentibus,
941 1593 1018 1678 quid
1038 1593 1164 1679 pudori.
1198 1617 1241 1660 ex
1265 1616 1328 1680 qua
1351 1595 1446 1659 domo
1470 1594 1585 1660 infelix
1607 1596 1771 1681 prooessit
1791 1594 1833 1660 ad
1855 1595 1977 1660 scelus!

324 1701 411 1788 quod
435 1707 548 1765 secuta
572 1708 622 1764 est
645 1699 767 1764 relictis
791 1698 844 1763 dai
867 1698 1046 1762 cultoribus
1063 1698 1228 1785 lupanaris
1245 1699 1317 1763 vice
1335 1699 1534 1782 coniugium!
1560 1697 1684 1763 credite
1704 1698 1793 1779 mihi,
1816 1698 1977 1764 ultionem

324 1803 479 1880 criminis,
502 1802 579 1866 dum
602 1801 743 1866 admittit
766 1801 899 1879 crimen,
929 1807 1087 1864 exsecuta
1109 1807 1170 1881 est,
1202 1807 1236 1865 et
1263 1802 1350 1885 turpi
1381 1822 1489 1865 mersa
1517 1801 1731 1866 contubernio
1757 1808 1791 1866 et
1817 1801 1978 1887 flagitium

327 1917 360 1973 et
383 1928 523 1994 poenam
542 1906 658 1990 flagitii
681 1905 828 1992 repperit
849 1905 882 1969 in
906 1905 1030 1968 marito.
1077 1924 1188 1968 secum
1212 1905 1260 1969 rei
1289 1925 1464 1990 personam
1492 1905 1636 1990 portavit
1658 1911 1692 1969 et
1714 1902 1829 1969 iudicis
1851 1904 1980 1983 mulier,

294 2010 402 2078 adum
427 2009 527 2093 elegit
550 2008 730 2093 indignum.
776 2005 989 2094 producerem
1023 2006 1160 2084 litteras,
1192 2007 1256 2070 nisi
1290 2006 1481 2071 memoriam
1517 2005 1680 2072 infaustae
1715 2007 1857 2072 feminae
1889 2006 1979 2072 desi-

325 2113 476 2178 derarem
504 2112 663 2176 oblivione
695 2109 839 2197 sepeliri.
884 2130 953 2189 vos,
984 2115 1020 2173 ut
1048 2108 1177 2175 Galliae
1209 2110 1403 2197 expulsione
1432 2109 1561 2173 illorum
1596 2109 1810 2177 subleventur
1841 2110 1979 2196 eligitis:

324 2238 395 2297 nos,
418 2237 459 2281 ne
481 2215 579 2280 Italia
602 2215 829 2300 coinquinetur
851 2219 1013 2300 optamus.
1047 2219 1205 2299 expetant
1225 2213 1335 2300 potius
1350 2212 1493 2298 Libycas
1509 2211 1624 2298 Syrtes
1646 2220 1679 2278 et
1701 2213 1742 2277 ab
1764 2213 1979 2279 humanitatis

325 2320 490 2385 consortio
514 2318 714 2384 dividantur:
748 2319 824 2404 quio
853 2319 880 2382 si
908 2315 984 2381 inde
1008 2316 1162 2381 domnum
1185 2315 1400 2381 Aurelianum
1430 2316 1582 2402 fugerint,
1610 2315 1685 2379 hinc
1707 2315 1905 2397 Ennodium,
1936 2315 1978 2381 ad

296 2431 410 2507 ⁴lquae
433 2422 507 2487 loca
529 2422 761 2488 declinabunt?
785 2419 902 2484 domno
926 2418 1092 2505 praefecto
1115 2440 1199 2504 quae
1222 2419 1362 2484 iussistis
1387 2418 1532 2505 pressius
1550 2419 1706 2499 intimavi,
1731 2420 1785 2505 qui
1801 2427 1980 2507 praecepta

327 2526 418 2612 regia
446 2548 521 2589 mox
552 2526 675 2611 exegit,
708 2545 766 2610 per
795 2545 878 2610 quae
910 2521 1073 2587 credimus
1107 2523 1195 2587 viros
1229 2523 1333 2587 bonos
1364 2529 1398 2587 et
1429 2523 1550 2586 amieos
1579 2523 1784 2588 occasionem
1814 2522 1980 2588 invenisse

326 2628 527 2716 praestandi.
572 2637 605 2693 et
628 2650 684 2693 vos
709 2634 818 2693 tamen
842 2629 985 2693 animum
1010 2629 1051 2693 ab
1080 2630 1248 2694 anxietate
1278 2634 1457 2708 removete,
1486 2627 1562 2712 quia
1590 2627 1744 2693 caelestis
1774 2626 1916 2691 sufficiet
1938 2624 1980 2689 ad

327 2732 484 2796 ultionem
508 2731 667 2796 malorum
691 2732 783 2817 vigor
803 2732 973 2798 examinis.
1008 2731 1129 2796 domini
1145 2733 1200 2812 mi,
1223 2731 1427 2796 salutationis
1445 2730 1604 2815 obsequia
1619 2735 1836 2816 praesentans
1853 2749 1980 2816 precor,

327 2842 363 2898 ut
386 2834 501 2899 crebro
525 2854 576 2898 mo
599 2834 827 2920 prosperitatis
851 2843 992 2917 vestrae,
1024 2837 1100 2921 quia
1122 2836 1374 2902 commeantium
1403 2836 1606 2923 oportunitas
1631 2835 1800 2920 ingeritur,
1824 2833 1979 2899 relevetis
2033 2880 2046 2892 .

227 2980 229 2986 ‹
328 2939 488 3023 alloquiis.

946 3159 1102 3228 cnxlll
1125 3161 1237 3242 (rerer.
1254 3166 1283 3237 8,
1302 3161 1369 3247 36).

911 3356 1148 3431 ENNODIVS
1176 3358 1399 3432 BOETHIO.

298 3521 312 3582 l
441 3502 483 3592 P
485 3528 650 3595 erdiderot
673 3530 863 3596 eruditionis
886 3534 1026 3620 pretium
1051 3535 1171 3620 lingua,
1206 3534 1282 3599 dum
1313 3536 1442 3613 retices,
1472 3536 1547 3620 quia
1575 3535 1650 3599 dum
1678 3540 1887 3599 venustatem
1910 3533 1980 3597 clo-

328 3632 482 3719 quentiae
507 3633 713 3698 taciturnitas
737 3635 936 3717 includebat,
960 3637 1156 3703 credebatur
1180 3660 1245 3703 non
1268 3660 1341 3703 esse
1364 3637 1450 3724 quod
1474 3659 1578 3724 nuper
1601 3637 1763 3703 efferbuit.
1798 3634 1981 3722 produxisti

328 3736 361 3799 in
393 3737 500 3801 lucem
530 3758 649 3802 novum
680 3740 774 3804 iubar
804 3740 926 3825 eloquii
956 3747 1000 3822 ct,
1034 3741 1110 3806 dnm
1138 3741 1225 3807 dicm
1258 3742 1290 3806 in
1322 3742 1464 3828 epistula
1495 3741 1586 3816 facis,
1621 3739 1829 3826 splendorem
1864 3760 1979 3805 recens
2032 3767 2052 3807 e.

329 3839 468 3927 adeptus
491 3839 634 3906 crederis
657 3842 722 3906 iam
746 3849 918 3909 maturum.
954 3845 1076 3929 gratias
1100 3866 1174 3929 ago,
1198 3844 1282 3931 quod
1306 3866 1358 3909 me
1382 3843 1423 3908 ad
1446 3843 1611 3908 amicitiae
1635 3842 1818 3908 custodiam
1841 3842 1981 3929 paginae

298 3949 405 4012 ttuae
434 3944 512 4008 flore
542 3945 710 4031 conpellis.
756 3946 815 4011 sed
846 3947 874 4012 si
900 3947 978 4012 fidei
1006 3969 1100 4015 meae
1128 3969 1218 4014 esses
1249 3949 1412 4028 conscius,
1440 3945 1677 4012 dubitationem
1704 3945 1746 4011 de
1774 3945 1872 4011 rebus
1903 3965 1981 4010 con·

330 4045 493 4112 stantibus
516 4069 580 4111 non
603 4047 754 4115 haberes.
792 4050 902 4131 timeo,
925 4073 967 4117 ne
990 4051 1238 4137 ambiguitatem
1255 4073 1352 4137 quam
1368 4051 1472 4116 credis
1489 4050 1650 4116 exhibeas
1674 4056 1717 4131 et,
1741 4047 1817 4113 dum
1840 4048 1982 4113 amantis

330 4151 631 4235 teporemmetuis,
662 4151 694 4214 in
719 4150 903 4218 adfectione
927 4154 1097 4240 frigescas.
1141 4155 1283 4235 domine,
1311 4161 1348 4219 ut
1375 4176 1484 4242 supra,
1517 4153 1720 4218 salutationis
1743 4151 1883 4236 gratiam
1905 4172 1980 4238 per-

330 4251 461 4315 solvens
485 4273 592 4338 spero,
615 4261 652 4317 ut
674 4253 788 4319 crebro
812 4256 853 4320 ad
876 4278 928 4320 me
952 4258 1165 4345 epistolarum
1188 4259 1385 4323 commercia
1408 4257 1541 4342 dirigas,
1574 4256 1651 4342 quia
1673 4255 1707 4319 in
1730 4255 1781 4320 his
1805 4255 1923 4319 muniis
1947 4261 1982 4320 et

330 4353 501 4438 diligentia
523 4361 556 4420 tc
580 4354 735 4421 admonet
757 4363 790 4422 et
813 4359 971 4445 perfectio
994 4368 1031 4426 ut
1053 4362 1174 4426 multus
1198 4361 1380 4427 incumbas.

434 4629 550 4700 [CDXII]
586 4631 777 4686 aestuariis
851 4636 935 4687 ccasio
948 4634 973 4685 Β
1046 4636 1159 4687 additum
1172 4637 1198 4687 Β
1319 4636 1474 4705 3inplexus
1485 4635 1511 4686 Β
1631 4633 1649 4686 4
1666 4636 1787 4703 colloquii
1803 4635 1828 4684 V
1902 4636 1984 4687 relata

329 4720 486 4771 rolatamitas
502 4719 528 4769 Β
648 4720 665 4769 ι’)
682 4721 797 4772 obnubet
808 4721 834 4771 Β
953 4719 970 4771 6
993 4723 1113 4774 felicitate
1126 4722 1152 4773 B
1232 4724 1361 4790 intercipit
1378 4723 1436 4774 coni
1457 4721 1553 4773 Hortcl
1674 4719 1690 4772 l
1712 4729 1766 4773 etna
1788 4722 1947 4773 sublimitate
1958 4720 1984 4771 B

331 4803 365 4857 10
380 4806 497 4857 admittet
509 4804 534 4855 Β
666 4804 697 4856 12
715 4807 792 4872 eligat
808 4806 841 4869 Β,
858 4808 932 4874 eligit
948 4808 1012 4858 coru.
1027 4807 1122 4858 Hortel
1213 4808 1262 4859 nisi
1280 4825 1329 4858 om.
1342 4806 1367 4857 B
1459 4807 1623 4858 disidsrnrsm
1640 4806 1666 4857 Β
1800 4804 1832 4858 13
1849 4806 1946 4874 sepiliri
1958 4805 1984 4856 B

329 4893 424 4961 eligitis
442 4890 490 4955 ΤΒ,
511 4893 624 4959 religatis
637 4892 670 4955 B,
692 4893 792 4958 eligetis
810 4893 886 4943 ceteri
991 4890 1022 4943 14
1040 4894 1240 4959 quoinquinstur
1252 4893 1277 4943 Β
1346 4901 1463 4960 optamus
1481 4909 1530 4942 om.
1543 4891 1622 4943 Sirm.
1692 4893 1791 4958 lybicas
1807 4891 1835 4956 V,
1853 4892 1947 4958 lyricas
1959 4890 1985 4942 B

332 4978 364 5030 15
381 4979 498 5030 diuidant
510 4979 535 5029 Β
600 4981 720 5045 fugerent
731 4978 756 5028 Β
822 4978 955 5029 innodium
966 4979 1012 5028 B⁰
1074 4976 1203 5046 adquae]
1222 4988 1300 5045 atque
1312 4979 1337 5028 Β
1441 4975 1474 5029 16
1491 4980 1608 5031 inssistcs
1619 4978 1645 5029 B
1744 4977 1776 5029 ll
1794 4976 1874 5047 regis]
1893 4980 1948 5032 rein
1959 4978 1985 5029 B

330 5067 458 5118 invenisse
477 5083 504 5118 sc
522 5067 666 5133 praestandi
685 5066 781 5117 emisio
886 5064 919 5116 19
937 5067 1037 5118 domins
1052 5067 1086 5118 Ob
1156 5065 1200 5132 mi]
1218 5067 1280 5118 mihi
1293 5065 1370 5116 an
1473 5063 1509 5116 20
1525 5066 1655 5117 rencllctia
1669 5064 1695 5116 B

435 5166 564 5235 [CDXlll]
600 5165 635 5218 22
652 5169 740 5220 Boetio
758 5169 837 5220 Siron.
959 5168 994 5221 23
1012 5171 1097 5222 reticio
1114 5169 1139 5219 Β
1259 5168 1292 5221 ‘24
1310 5171 1458 5222 eredibntur
1469 5170 1494 5220 B
1580 5169 1700 5220 efleruuit
1712 5168 1737 5218 B
1858 5165 1892 5218 27
1910 5165 1984 5235 floro]

330 5255 421 5306 florum
434 5254 459 5303 B
558 5254 621 5305 assis
633 5253 660 5302 B
791 5252 826 5305 ‘28
844 5255 944 5307 haberis
957 5254 982 5306 Β
1113 5253 1149 5305 29
1167 5263 1305 5326 temporem
1324 5264 1424 5309 macnus
1437 5255 1462 5306 B
1560 5255 1694 5308 affectione
1710 5254 1734 5303 V
1830 5254 1948 5325 frigiscrn
1960 5253 1986 5305 B

330 5337 362 5392 31
382 5341 470 5392 multis
482 5339 508 5392 B
