4500 6232
703 286 807 342 ccclx
826 287 949 356 (EPIST.
969 289 1039 354 ’1,4)
1059 319 1091 328 -
1110 289 1215 344 cccxl
1233 290 1357 358 (EPIST.
1376 292 1400 353 7,
1418 295 1454 360 6).
1848 297 1910 358 233

258 458 491 524 blandimento.
527 460 602 524 novi
619 460 749 544 quidem
764 460 935 541 fabricata,
960 460 1018 526 sed
1035 462 1125 548 fugio
1142 467 1175 527 et
1192 464 1404 548 simplicitate
1429 471 1603 530 contentus
1629 487 1702 530 curn
1726 465 1912 530 amantibus

259 585 376 629 serena
400 565 498 628 animi
521 565 626 628 fronte
650 565 856 649 congredior.
902 564 956 629 ubi
980 568 1126 650 gentium
1149 566 1211 630 luit
1235 567 1295 630 sub
1320 568 1542 633 obtestatione
1567 567 1620 631 dei
1644 569 1812 633 internos
1835 591 1910 655 pro-

260 669 359 731 nrissa
388 667 566 748 devinctio,
601 673 636 731 ut
667 669 910 755 proficiscentes
942 672 1153 736 insalutatum
1186 693 1239 737 me
1270 674 1360 737 volut
1391 673 1592 758 incognitum
1626 674 1817 758 linqueretis
1849 696 1909 738 nec

260 776 455 857 potestatem
479 792 652 836 remanens
676 773 809 837 sortirer
831 776 1015 839 necessaria
1042 776 1261 860 suggerendi?
1307 774 1405 840 credo
1438 777 1640 863 providistis,
1672 783 1707 840 ut
1736 776 1942 841 inbecillus2

195 896 205 929 τ»
260 875 362 937 oculis
388 880 490 937 totum
515 874 682 938 vobiscum
705 875 816 939 lumen
844 877 1023 955 amitteret,
1054 897 1114 941 nec
1138 878 1223 942 diem
1245 900 1354 943 meum
1378 879 1438 942 sub
1462 880 1554 943 amici
1578 879 1767 965 praesentio
1790 879 1909 943 clausis

261 977 393 1041 orbibus
414 979 570 1042 intuerer.
609 977 690 1040 haec
714 977 741 1041 si
765 999 825 1063 per
847 980 1089 1062 neglegentiam
1114 983 1330 1065 contigerunt,
1355 983 1575 1045 aestimationi
1599 983 1791 1066 relinquitis,
1815 1003 1910 1067 quom

261 1081 346 1167 apud
378 1103 433 1144 vos
467 1082 574 1145 locum
610 1081 790 1144 obtineam:
826 1081 959 1145 ferendo
994 1090 1070 1146 sunt
1104 1085 1272 1162 acerbius,
1307 1086 1333 1147 si
1368 1086 1604 1169 intelleguntur
1637 1087 1815 1149 accessisse
1852 1107 1911 1170 per

262 1184 414 1248 studium.
450 1207 535 1248 nunc
553 1185 635 1255 vale,
661 1184 704 1246 mi
720 1183 859 1263 dominc,
886 1191 918 1248 ct
936 1185 1080 1248 animum
1104 1207 1221 1267 meum,
1246 1207 1341 1271 quem
1368 1188 1401 1251 in
1425 1189 1565 1252 statione
1591 1189 1771 1252 consistere
1797 1188 1945 1252 suadct3

262 1288 446 1351 innocentia
469 1289 559 1372 origo
584 1288 795 1374 propositum,
819 1288 859 1352 ad
883 1291 1044 1374 potiorem
1067 1290 1193 1374 gratiae
1216 1298 1354 1375 partem,
1378 1291 1455 1375 quia
1471 1290 1562 1354 vobis
1585 1291 1773 1355 sinceritate
1798 1291 1913 1375 patuit,

206 1416 211 1441 ο
264 1390 409 1454 invitate.

913 1592 1023 1663 (10οΧ
1046 1596 1158 1679 (rmsr.
1177 1600 1206 1677 7,
1222 1598 1267 1682 5).

851 1773 1087 1850 ENNODIVS
1116 1776 1336 1850 SENARIO.

374 1920 546 2028 Quamvis
577 1959 609 2016 te
638 1951 804 2017 dominum
835 1974 943 2018 mcum
974 1975 1034 2039 per
1062 1954 1278 2018 intemeratae
1309 1953 1505 2017 documenta
1533 1951 1609 2017 fidei
1637 1954 1827 2040 principalis
1855 1953 1945 2019 sibil

266 2075 343 2118 cura
366 2055 544 2139 coniungat
567 2062 600 2119 ct
623 2075 748 2120 morum
766 2056 923 2121 claritudo
939 2058 985 2122 ita
1002 2056 1141 2142 publicis
1157 2055 1256 2121 rebus
1272 2057 1421 2135 misceat,
1444 2063 1480 2120 ut
1496 2057 1646 2121 amabilis
1670 2079 1689 2121 a
1712 2063 1745 2121 te
1768 2078 1917 2143 saporem

266 2158 385 2242 quictis
409 2157 577 2238 excludat,
607 2179 672 2222 nou
696 2157 794 2223 credo
819 2166 928 2225 tamon
951 2162 998 2225 ita
1021 2160 1215 2245 religionem
1241 2159 1405 2225 amicitiae
1429 2159 1634 2245 posthaberi,
1666 2167 1702 2225 ut
1728 2182 1794 2225 non
1823 2161 1918 2225 satis-

201 2299 205 2309 ·
267 2261 390 2326 faciens
419 2260 481 2327 deo
512 2262 686 2327 adiuvante
719 2264 886 2348 regnantis
916 2265 1061 2350 imperiis
1092 2263 1204 2330 debita
1235 2285 1294 2328 sua
1326 2263 1481 2328 refundas
1511 2262 1653 2328 affectui.
1708 2264 1811 2328 nostis
1841 2263 1919 2349 quid

266 2372 379 2450 poscat
409 2366 500 2437 aula,
533 2364 609 2449 quid
638 2366 758 2449 gratia,
791 2373 825 2430 et
853 2387 917 2430 uuo
946 2366 1128 2452 eodemque
1159 2375 1307 2453 tempore
1339 2388 1398 2432 nec
1429 2386 1535 2431 rerum
1560 2366 1682 2430 deestis
1705 2367 1835 2431 domino
1857 2388 1919 2431 nec

267 2470 378 2537 enrori,
403 2467 534 2554 quando
557 2467 763 2534 Christianae
786 2471 904 2534 mentis
928 2470 1101 2554 integritas
1126 2493 1185 2557 per
1208 2473 1267 2536 has
1291 2477 1403 2556 partes
1431 2470 1536 2534 divisa
1561 2469 1730 2536 solidatur.
1764 2470 1815 2533 his
1840 2470 1951 2554 crgo2

267 2571 519 2636 sollicitudinem
549 2593 656 2637 meam
686 2571 782 2638 credo
812 2574 966 2651 relevari,
999 2575 1117 2658 quibus
1147 2574 1344 2640 venerabilis
1377 2572 1580 2637 consuetudo
1612 2579 1763 2637 servatur
1793 2572 1918 2638 studiis.

268 2682 393 2739 tantum
417 2682 477 2755 cst,
501 2683 536 2739 ut
560 2676 612 2741 dei
636 2676 737 2740 nostri
761 2677 890 2741 solaciis
913 2677 1103 2762 magnitudo
1121 2685 1231 2741 vestra
1248 2677 1361 2741 adiuta
1376 2677 1568 2762 gratuletur.
1605 2675 1734 2740 dominc
1751 2677 1805 2747 mi,
1830 2677 1917 2739 salu-

190 2790 201 2826 ··'
269 2779 400 2842 tationis
423 2779 584 2863 obsequia
608 2789 821 2865 praesentans
845 2803 957 2867 spero,
988 2789 1023 2845 ut
1045 2781 1085 2845 de
1110 2790 1220 2845 vestro
1243 2782 1295 2845 vel
1319 2781 1415 2844 amici
1439 2781 1538 2844 vestri
1562 2778 1673 2844 domni
1696 2778 1810 2843 Fausti
1834 2784 1919 2843 statu

270 2881 406 2946 hilarem
430 2904 481 2946 me
505 2882 577 2946 ficri
601 2884 707 2947 votivo
730 2884 913 2947 litterarum
936 2883 1102 2969 contingat
1125 2873 1254 2948 indicio.

908 3170 1040 3241 cccxl
1064 3173 1172 3259 (crrsr.
1192 3177 1220 3253 7,
1237 3174 1281 3258 6).

688 3369 850 3442 FLORO
878 3369 938 3441 ET
965 3367 1226 3443 DECORATO
1254 3366 1503 3441 ENNODlVS.

395 3513 538 3607 permisi
572 3544 733 3609 hactenus
766 3543 1023 3629 magnitudinem
1055 3549 1194 3608 rostram
1229 3542 1444 3607 mobilitatem
1477 3541 1632 3627 Ligurum
1667 3540 1813 3606 urbanae
1850 3540 1951 3605 fucol

271 3644 501 3731 disputationis
530 3648 711 3728 incessere,
744 3650 819 3735 quia
848 3656 882 3715 ct
911 3669 963 3713 mc
992 3649 1084 3732 origo
1113 3646 1271 3711 reddebat
1298 3646 1440 3710 alienum
1472 3653 1505 3710 ot
1528 3666 1585 3708 vos
1613 3643 1654 3708 ab
1678 3665 1790 3708 eorum
1815 3644 1917 3729 culpis

194 3766 212 3796 ··
273 3752 455 3815 constantia
478 3753 637 3836 promissa
661 3754 858 3818 seiunxerat.
894 3752 953 3818 sed
977 3773 1051 3816 cum
1074 3773 1138 3816 una
1159 3757 1246 3816 sorte
1265 3749 1305 3814 ob
1322 3750 1425 3814 oeulis
1442 3749 1560 3812 vestris
1583 3753 1617 3811 ct
1639 3755 1748 3811 mento
1772 3745 1917 3823 discessi,

273 3855 441 3939 praeconis
465 3876 545 3919 voco
568 3862 744 3937 contestor,
776 3856 938 3921 nemiuem
971 3855 1127 3919 damnare
1151 3874 1249 3939 posse
1278 3852 1365 3938 quod
1398 3852 1554 3938 sequitur,
1585 3871 1645 3914 nce
1676 3850 1765 3914 salvo
1794 3850 1916 3935 pudore

274 3958 471 4023 sententiam
495 3959 687 4023 excessibus
711 3959 835 4024 dictare
858 3965 1061 4046 peccantem.
1105 3958 1155 4022 las
1180 3964 1231 4022 cst
1253 3956 1375 4020 liberos
1399 3976 1418 4018 a
1440 3959 1533 4018 reatu
1556 3953 1635 4018 vitia
1658 3953 1829 4019 detestari:
1854 3954 1957 4038 quis2

274 4082 378 4146 aequo
407 4062 514 4125 animo
545 4062 641 4139 serat,
683 4063 878 4128 monitorem
914 4063 999 4149 quod
1028 4061 1136 4126 verbis
1168 4060 1306 4125 destruit
1336 4058 1464 4122 actibus
1496 4078 1559 4122 non
1594 4056 1717 4120 vitare?
1763 4056 1925 4141 evangelii

275 4166 439 4230 sententia
468 4170 534 4240 est,
567 4167 622 4250 qui
651 4166 778 4231 ‘lecerit
807 4173 840 4231 et
869 4165 1016 4231 docuerit
1046 4163 1101 4229 sic’
1134 4163 1268 4250 dignum
1299 4162 1352 4227 dci
1381 4161 1489 4247 gratia
1517 4181 1614 4247 posse
1642 4158 1789 4223 iudicari.
1834 4159 2080 4226 vobismtusm.

275 4267 424 4353 copiosus
447 4290 553 4333 sermo
577 4275 643 4348 est,
667 4270 819 4356 quotiens
844 4290 933 4335 error
956 4268 1119 4354 arguitur,
1143 4273 1176 4331 ct
1199 4267 1258 4330 sub
1282 4262 1542 4330 conversationis
1566 4261 1778 4347 neglegentia
1800 4261 1925 4347 puritas

276 4371 505 4457 amplectenda
522 4372 704 4437 rerbomm.
740 4372 927 4459 perdidistis
943 4373 1151 4436 lacrimarum
1167 4391 1314 4434 mearum
1337 4368 1538 4446 memoriam,
1563 4386 1660 4450 quam
1684 4363 1927 4429 discedentibus

276 4475 397 4559 gemini
420 4475 541 4540 doloris
571 4477 654 4541 ictus
683 4477 807 4542 effudit.
853 4498 929 4541 ecce
960 4475 1071 4562 quanti
1101 4473 1172 4537 dies
1202 4479 1292 4551 sunt,
1324 4473 1356 4535 in
1386 4469 1505 4555 quibus
1533 4468 1592 4533 sub
1624 4475 1716 4532 tanta
1745 4464 1960 4551 frequentia3

277 4586 514 4644 commeantum
538 4580 628 4644 nulla
650 4600 758 4664 noque
782 4580 892 4644 domui
916 4580 980 4644 mei
1004 4578 1100 4643 amici
1124 4577 1223 4642 vestri
1246 4595 1353 4662 neque
1369 4581 1490 4654 vestra,
1515 4594 1599 4658 quac
1623 4571 1664 4638 de
1687 4571 1744 4636 illo
1768 4591 1835 4635 rom
1859 4569 1926 4632 voti

379 4787 597 4840 ‘lsubtoutatiouc
615 4787 647 4840 de
668 4788 735 4839 iuter
751 4787 776 4838 B
914 4785 931 4838 3
948 4786 1072 4837 diuinatio
1090 4784 1115 4835 B
1217 4782 1344 4848 liquaritis
1357 4782 1382 4832 B
1406 4783 1473 4847 (supr.
1491 4799 1507 4847 q
1526 4780 1575 4845 lit)
1713 4775 1886 4826 ⁴ilubicelluo
1902 4774 1928 4824 Β

277 4872 533 4941 lirrcgligcutiomll
608 4874 752 4939 reliuquitis
770 4874 871 4939 scripsi,
887 4872 1036 4938 relinquetis
1055 4870 1115 4921 libri
1227 4864 1404 4919 lobstiusam
1423 4870 1458 4930 (st
1475 4865 1502 4916 iu
1521 4866 1569 4927 lit.)
1583 4864 1608 4914 B
1683 4861 1864 4927 intelliguntur
1876 4860 1931 4911 BV

276 4961 399 5011 accidisse
412 4960 490 5012 Siros.
586 4958 603 5010 8
620 4961 735 5011 animum
753 4976 839 5011 meum
851 4958 947 5009 Hormi
965 4955 1290 5025 (cyip.223,19),animo
1308 4970 1365 5004 mec
1383 4952 1442 5002 libri
1502 4951 1587 5003 suadit
1599 4949 1624 4999 Β
1723 4945 1740 4997 9
1758 4944 1927 5013 propositum]

278 5047 388 5112 positum
401 5046 426 5096 B
495 5047 528 5097 ad
545 5063 593 5096 om.
608 5044 687 5095 Siras·
756 5043 827 5112 quia]
846 5062 898 5111 qua
910 5044 989 5096 Siras.

381 5147 489 5216 [CCGX]
527 5148 559 5199 1⁶2
577 5149 737 5200 intimaratae
749 5147 775 5198 Β
907 5144 940 5197 13
956 5146 1082 5198 claritudo
1101 5145 1124 5208 (r
1141 5159 1171 5194 ea:
1189 5140 1225 5206 m)
1239 5141 1264 5191 B
1398 5136 1431 5188 14
1450 5138 1579 5205 postausri
1591 5135 1617 5186 Β
1756 5133 1787 5221 li)
1805 5142 1892 5185 uostas
1903 5132 1929 5183 B

281 5235 311 5285 lli
323 5246 347 5286 ct
360 5253 407 5286 oni.
422 5235 498 5286 Sirm.
593 5234 625 5286 18
642 5243 760 5286 seruatur
777 5272 903 5285 .......
923 5232 1072 5299 magnitude
1085 5229 1246 5281 interlineas
1258 5227 1342 5293 mppl.
1356 5224 1381 5276 Β
1470 5221 1503 5274 19
1514 5220 1558 5288 mi]
1571 5222 1633 5272 mihi
1646 5221 1724 5273 BVL
1813 5216 1848 5268 ‘20
1860 5234 1929 5284 prus·

277 5319 391 5388 seutans]
410 5329 543 5388 praestans
559 5320 647 5373 V¹L0
712 5336 817 5386 sperans
833 5318 877 5370 VJ,
895 5318 1010 5386 (sperant
1022 5318 1076 5381 La)
1094 5314 1130 5366 T¹

382 5422 504 5491 [ccttxl]
543 5422 578 5474 2⁶2
600 5426 664 5476 Enu.
688 5424 764 5474 Floro
788 5431 813 5475 ct
836 5422 992 5474 Decoratob
1096 5417 1130 5470 23
1154 5417 1297 5469 mobilitate
1317 5416 1387 5467 Vbs*
1452 5414 1564 5479 ligurum
1580 5410 1606 5461 B
1709 5405 1743 5459 24
1761 5408 1873 5459 inuam·
1888 5403 1931 5457 13¹

278 5508 312 5560 25
329 5511 491 5562 seiuncxsrat
506 5509 531 5558 V
645 5507 680 5559 26
697 5510 835 5576 dampnare
851 5506 876 5557 V
991 5504 1024 5557 27
1043 5524 1059 5557 a
1071 5505 1104 5568 Β,
1121 5522 1170 5556 ons.
1188 5505 1264 5555 cereri
1375 5500 1410 5552 28
1427 5501 1535 5551 distrust
1547 5498 1572 5549 Β
1686 5494 1722 5547 30
1740 5493 1894 5561 uccligcntia
1905 5491 1931 5542 B

279 5594 312 5646 31
330 5593 420 5664 quam]
438 5613 503 5662 quas
520 5596 615 5647 conicio
684 5594 868 5646 discidentibus
881 5592 906 5643 B
1009 5590 1044 5643 32
1061 5591 1198 5642 substenta
1210 5589 1243 5652 B,
1260 5588 1403 5640 substantia
1415 5586 1440 5636 It
1542 5581 1577 5634 33
1594 5582 1690 5633 domini
1706 5579 1802 5631 VMU

382 5686 519 5745 Rssoerm.
1689 5672 1726 5727 30
