4500 6232
886 277 920 333 lI.
947 277 993 332 DE
1011 276 1199 335 cculcraas
1217 279 1368 338 ENNODI.

339 810 402 934 ll.
455 806 550 932 DE
580 803 895 930 CODlCUll
931 804 1198 931 STlRPE
1225 806 1313 932 lt
1347 806 1919 935 PROPllGthONE.

400 1076 528 1142 Ennodi
551 1098 645 1162 opera
667 1098 728 1139 non
752 1074 792 1139 ab
815 1074 885 1161 ipso
907 1083 1034 1141 auctore
1056 1076 1186 1142 collecta
1206 1086 1237 1142 et
1258 1077 1342 1143 edita
1363 1100 1432 1143 esse
1453 1101 1491 1143 ex
1514 1079 1623 1145 ordine
1642 1079 1864 1167 opusculorum
1886 1103 1956 1168 per-

298 1206 392 1270 quam
414 1178 575 1246 incondito
598 1180 675 1243 satis
698 1187 779 1242 certe
801 1177 946 1242 concludi
968 1201 1062 1266 posse
1084 1181 1240 1246 affirmant
1264 1181 1385 1247 Usener
1412 1182 1528 1262 (anecd.
1550 1183 1647 1249 Hold.
1670 1208 1700 1271 p.
1718 1187 1768 1265 13)
1790 1192 1822 1248 et
1842 1182 1955 1249 Hartel

297 1286 381 1370 (edit.
395 1282 520 1350 Ennod.
535 1307 565 1369 p.
580 1281 672 1363 XV).
705 1280 790 1368 qnod
811 1291 1028 1366 argumentum
1048 1307 1237 1370 quamquam
1257 1308 1318 1351 non
1335 1287 1487 1372 improbo,
1505 1297 1609 1352 tamen
1624 1288 1752 1352 minime
1769 1309 1956 1374 supervaca-

297 1414 388 1457 neum
411 1410 480 1454 esse
494 1386 576 1451 duco
598 1385 660 1450 alia
674 1384 836 1471 quaedam,
858 1386 972 1471 quibus
992 1385 1076 1452 idem
1090 1388 1279 1468 ostendatur,
1301 1412 1473 1476 congerere.
1506 1413 1543 1456 ac
1565 1389 1861 1478 circumspiciendae
1882 1400 1956 1454 sunt

298 1516 424 1581 operum
446 1489 674 1577 inscriptionem,
696 1510 785 1575 quas,
806 1489 865 1553 etsi
888 1511 952 1554 non
966 1513 1114 1576 premam,
1136 1491 1222 1578 quod
1236 1492 1402 1558 Ennodius
1426 1516 1487 1558 non
1510 1495 1612 1581 prima
1633 1493 1689 1559 sed
1711 1494 1801 1558 tertia
1821 1515 1956 1580 persona

298 1599 454 1665 inducitur
469 1594 576 1678 (veluti
592 1616 622 1680 p.
640 1595 701 1658 130
723 1593 890 1678 ,exemplar
905 1594 1056 1681 epistulae
1070 1618 1164 1681 quam
1179 1596 1247 1682 ipse
1270 1595 1419 1677 dictavit‘,
1440 1621 1470 1685 p.
1489 1601 1550 1665 159
1564 1598 1724 1684 ,praefatio
1738 1598 1836 1662 totius
1852 1596 1954 1683 operis

297 1703 409 1791 poetici
432 1697 517 1787 qaod
544 1697 627 1762 fecit‘
647 1720 677 1783 p.
692 1699 753 1763 160
780 1695 829 1774 ,de
855 1696 991 1782 quodam
1014 1699 1155 1784 gluttone
1183 1701 1235 1786 qui
1264 1723 1343 1787 opus
1371 1701 1439 1765 eius
1462 1701 1539 1785 [scil.
1554 1699 1692 1786 Ennodi]
1716 1701 1867 1788 inperitus
1889 1722 1955 1764 ear-

297 1808 399 1895 pebat‘
420 1805 502 1885 ete.),
523 1811 626 1866 tamen
648 1821 711 1863 nou
738 1798 779 1863 ab
801 1798 949 1865 Ennodio
972 1801 1042 1887 ipso
1065 1802 1219 1888 profectas
1242 1825 1310 1868 esse
1332 1825 1369 1868 ea
1391 1826 1423 1868 re
1445 1803 1633 1886 ostenditur,
1660 1804 1745 1892 quod
1767 1804 1954 1891 aliquotiens

298 1910 416 1976 nomini
430 1903 558 1973 Ennodi
580 1901 706 1968 additus
721 1911 769 1966 est
790 1903 1058 1985 titulusdomnas,
1082 1915 1118 1970 ιιι
1140 1906 1171 1969 in
1191 1907 1448 1994 inscriptionibus
1464 1908 1603 1973 omnium
1618 1909 1804 1994 hymnorum
1828 1913 1868 1996 (p.
1880 1910 1953 1988 249)

297 2017 432 2097 hymnus
458 2012 563 2074 (lictus
590 2028 611 2070 a
639 2007 751 2071 doctae
773 2006 922 2071 Enaodio
949 2016 981 2072 et
1008 2009 1054 2073 sic
1082 2007 1264 2090 duodecim,
1293 2019 1386 2097 atque
1414 2012 1462 2076 bis
1490 2036 1521 2099 p.
1537 2015 1600 2080 269
1623 2034 1733 2077 versus
1755 2012 1862 2076 domm
1883 2010 1953 2075 En·

295 2120 380 2183 nodi.
425 2126 493 2180 tum
520 2120 641 2176 exstant
669 2109 823 2197 quaedam
852 2111 885 2175 iu
914 2111 1017 2190 libris,
1053 2135 1132 2198 qnae
1160 2114 1200 2177 ab
1228 2114 1375 2180 Ennodio
1402 2139 1465 2179 non
1493 2138 1530 2180 eo
1558 2117 1703 2197 oonsilio,
1731 2117 1819 2180 utin
1843 2137 1953 2180 manus

297 2221 457 2288 hominum
480 2217 629 2294 venirent,
651 2215 769 2301 scripta
790 2236 860 2280 esse
874 2215 1081 2279 certissimum
1103 2226 1160 2280 est.
1203 2239 1243 2282 an
1266 2226 1357 2304 putas
1374 2218 1552 2304 Symmachi
1575 2242 1676 2308 papae
1690 2228 1953 2308 propugnatorem

295 2324 446 2413 epistulas
469 2322 550 2401 illas,
572 2341 651 2406 quae
674 2327 748 2382 sunt
770 2316 809 2382 de
831 2317 959 2383 sordido
982 2320 1107 2406 negotio
1128 2321 1298 2386 Ravennae
1322 2331 1490 2403 contracto,
1512 2322 1668 2388 editurum
1690 2324 1811 2388 fuisse?
1841 2321 1954 2387 deinde

199 2505 204 2510 .
297 2452 351 2493 eur
379 2425 546 2514 epistulam
582 2421 622 2486 de
653 2422 783 2487 arbitrio
816 2422 914 2487 libero
943 2426 1003 2509 (op.
1025 2422 1133 2504 LVI),
1167 2446 1261 2510 quam
1293 2423 1480 2490 adversariis
1509 2427 1575 2491 suis
1598 2426 1763 2491 offensioni
1793 2425 1859 2490 fore
1887 2426 1954 2489 iure

297 2532 472 2620 suspicatus
501 2537 568 2592 erat
596 2526 751 2608 (Gsrdrm
775 2526 958 2591 Geschichte
985 2527 1041 2590 der
1068 2527 1187 2591 christi,
1219 2528 1340 2592 Kirclte
1366 2551 1394 2592 a.
1417 2533 1522 2594 4.-7.
1539 2529 1655 2594 Jalula
1678 2531 1723 2593 11
1740 2531 1855 2614 1009),
1890 2552 1953 2593 nou

296 2639 364 2724 ipse
379 2634 515 2714 sustulit,
537 2655 609 2695 cum
624 2631 732 2696 statim
748 2653 767 2695 a
780 2630 977 2710 Constantio,
996 2629 1036 2695 ad
1052 2653 1143 2717 quem
1159 2631 1240 2696 hanc
1254 2633 1422 2719 epistulam
1436 2633 1572 2715 dederat,
1593 2634 1758 2721 petivisset
1777 2636 1817 2718 (p.
1831 2635 1880 2712 72,
1886 2635 1952 2711 38):

295 2763 404 2826 ,irrigas
427 2760 512 2803 meas
540 2759 559 2801 a
581 2735 708 2824 publico
736 2735 838 2820 rigare
866 2733 1059 2800 subducite‘?
1101 2745 1167 2801 tum
1195 2758 1234 2801 nc
1262 2737 1390 2803 minima
1421 2738 1546 2825 quidem
1574 2738 1728 2803 dubitatio
1750 2757 1819 2800 esse
1840 2746 1954 2823 potest,

297 2847 372 2933 (prin
395 2842 530 2931 epistula
551 2839 591 2906 ad
614 2840 748 2904 Beatum
772 2840 897 2904 iniustis
920 2839 1083 2904 calummis
1106 2840 1225 2927 repleta
1248 2841 1461 2928 (opCDVI),
1492 2844 1572 2907 siin
1595 2850 1750 2930 potestate
1771 2849 1803 2904 et
1824 2839 1953 2905 arbitrio

296 2946 422 3014 Ennoeli
450 2946 576 3023 fuisset,
604 2942 645 3008 ad
672 2944 752 3008 hanc
781 2952 914 3008 aetatem
942 2965 1005 3007 non
1033 2945 1236 3031 pervenisset.
1280 2947 1407 3011 miserat
1428 2947 1511 3011 euim
1537 2947 1637 3012 Beato
1667 2943 1872 3022 adulescenti,
1899 2943 1953 3030 qui

296 3054 415 3118 lamae
441 3060 507 3114 tum
534 3049 626 3113 bonis
655 3048 775 3112 artibus
803 3069 929 3134 operam
957 3049 1108 3130 navabat,
1138 3049 1331 3136 epitaphium
1359 3051 1391 3114 in
1415 3049 1586 3136 Cynegiam
1608 3051 1741 3128 factum,
1770 3048 1819 3113 his
1848 3046 1953 3112 verbis

296 3154 412 3221 additis
436 3161 476 3241 (p.
491 3155 620 3232 2ssb3l=
648 3150 849 3238 ,epitaphium
872 3149 1038 3217 destinavi.
1082 3150 1121 3216 de
1150 3174 1212 3238 quo
1235 3152 1311 3239 quid
1334 3154 1500 3234 sentiatur,
1530 3155 1576 3218 sic
1603 3162 1691 3241 pater
1717 3162 1789 3217 tuus
1812 3151 1901 3216 vivat
1922 3159 1954 3213 et

296 3259 398 3324 Roma
420 3267 459 3337 te,
481 3263 634 3342 quantum
656 3252 698 3318 ad
720 3253 774 3318 illa
795 3275 875 3340 quae
897 3254 928 3317 in
951 3254 1021 3339 ipsa
1043 3253 1319 3340 reprehenduntur,
1341 3278 1403 3321 uon
1427 3280 1517 3321 suum
1540 3257 1643 3337 iaciat,
1664 3265 1699 3320 ut
1720 3254 1902 3343 simpliciter
1923 3262 1954 3317 et

295 3387 371 3451 pure
401 3360 519 3425 indices
547 3380 603 3422 nec
632 3357 759 3422 auribus
787 3357 864 3421 meis
893 3366 947 3421 aut
974 3357 1078 3420 sensui
1107 3357 1179 3421 firco
1207 3360 1353 3423 mentitae
1379 3361 1496 3445 gratiae
1524 3359 1712 3426 blandiaris‘.
1757 3382 1819 3446 qua
1841 3357 1954 3423 adhor-

294 3470 411 3534 tatione
433 3464 602 3530 obstrietus
621 3463 672 3527 ille
688 3462 800 3526 vitium
816 3461 958 3526 versibus
974 3462 1076 3525 inesse
1096 3460 1228 3547 ingenue
1244 3464 1417 3551 rescripsit:
1441 3466 1472 3529 in
1488 3465 1655 3530 Phalaeeio
1670 3465 1752 3528 euim
1768 3472 1808 3549 (p.
1820 3466 1893 3541 260,
1900 3464 1953 3541 20)

295 3571 443 3657 ,Exoptet
465 3568 599 3632 similem
621 3575 762 3630 matrona
782 3570 906 3629 sortem‘
928 3564 1109 3629 Enuorlium
1132 3566 1255 3652 lapsum
1277 3590 1353 3648 esse,
1376 3568 1461 3655 quod
1484 3570 1615 3656 primam
1639 3568 1791 3655 syllabam
1807 3566 1951 3632 vocabuli

295 3681 440 3740 austriam
464 3671 668 3758 corripuisset
690 3669 739 3734 vel
768 3669 873 3756 potius
886 3691 954 3763 'pro
982 3668 1126 3733 trochaeo
1149 3669 1323 3757 spondeum
1351 3673 1516 3759 posuisset.
1560 3671 1636 3736 haec
1666 3680 1729 3737 tam
1759 3692 1849 3756 aegre
1871 3669 1952 3747 tulit,

297 3787 331 3842 ut
353 3777 485 3842 Beatum
509 3774 687 3861 asperrimis
710 3782 851 3837 oneraret
873 3771 1046 3838 maledictis
1070 3774 1197 3838 omniuo
1220 3797 1347 3861 negans,
1368 3774 1453 3862 quod
1477 3776 1530 3840 ille
1544 3776 1784 3862 vituperaverat,
1806 3772 1952 3837 mendum

295 3904 363 3946 esse
385 3886 425 3967 (p.
441 3883 514 3958 286,
527 3881 570 3959 ll:
599 3877 688 3957 ,forte
710 3876 749 3940 dc
778 3877 869 3941 tertio
898 3876 1068 3941 Phaleueio
1096 3879 1149 3964 qui
1178 3878 1398 3945 Terentianum
1427 3880 1569 3945 nesciunt
1598 3879 1771 3958 habuerint,
1802 3875 1885 3963 quod
1914 3875 1953 3940 de

294 3995 357 4050 ἰιιιιι
380 3983 501 4070 syllaba
523 3990 704 4068 quaerentes
721 3981 916 4046 occasionem
939 3981 1154 4067 loquerentur.
1187 4006 1292 4047 veumr
1316 3985 1411 4070 paulo
1433 3992 1506 4071 post
1528 3981 1645 4071 ‹luplici
1669 3981 1763 4046 modo
1786 4005 1804 4047 a
1826 4004 1860 4045 sc
1882 4003 1954 4066 pce·

295 4099 397 4155 cattam
425 4110 494 4151 csse
523 4086 675 4150 intellexit·
702 4094 734 4149 et
761 4086 861 4150 Beato
890 4086 1017 4172 scripsit-
1045 4096 1085 4171 (p.
1101 4088 1174 4165 283,
1189 4088 1233 4165 il:
1263 4089 1299 4166 ,si
1328 4111 1453 4174 possem
1485 4086 1650 4152 scribendo
1678 4086 1779 4150 delere
1806 4085 1951 4171 paginam

294 4216 404 4271 meam,
426 4191 590 4278 multiplici
613 4190 674 4254 boc
696 4190 796 4254 faeere
823 4190 994 4254 intentione
1021 4212 1228 4275 procurarem.
1273 4190 1329 4254 sed
1429 4214 1467 4255 ue
1491 4214 1637 4277 umquam
1666 4189 1779 4276 prioris
1801 4188 1953 4275 epistulae

294 4319 379 4362 meac
402 4297 446 4360 sis
469 4316 588 4360 uremor
608 4299 762 4379 exposeo‘.
807 4292 920 4378 quodsi
952 4293 982 4355 in
1012 4293 1126 4357 rrostris
1148 4292 1275 4357 Ennodi
1304 4294 1391 4359 libris
1420 4294 1540 4358 litterae
1563 4294 1778 4371 inveniuntur,
1800 4312 1877 4377 quas
1900 4288 1953 4353 ‹le-

294 4398 402 4465 lendas
425 4420 493 4463 esse
515 4399 582 4485 ipsc
605 4395 765 4476 indicavit,
788 4420 850 4461 rron
874 4396 1007 4482 abipso
1030 4395 1100 4460 illas
1123 4396 1201 4460 inter
1225 4406 1325 4462 cetera
1348 4420 1442 4484 opera
1464 4408 1603 4485 receptas
1627 4399 1646 4461 i.
1660 4420 1686 4460 e.
1709 4393 1834 4460 Ennodi
1859 4416 1953 4480 opera

294 4504 334 4568 ab
356 4503 418 4567 alio
441 4524 550 4589 parum
574 4499 767 4565 considerate
788 4500 918 4564 collecta
939 4507 970 4561 et
992 4496 1077 4562 edita
1099 4522 1167 4564 esse
1189 4502 1337 4587 sequitur.
1373 4502 1506 4588 denique
1528 4501 1610 4568 idem
1633 4498 1822 4566 censendum
1845 4507 1892 4561 est
1914 4495 1953 4559 de

293 4607 524 4693 epigrammatis
547 4602 745 4691 quibusdam,
767 4603 873 4688 qualia
895 4601 998 4665 dicere
1021 4601 1075 4666 vix
1097 4625 1221 4667 serinac
1243 4605 1328 4684 licet,
1351 4604 1466 4669 nedtun
1488 4607 1669 4693 episcopum
1693 4602 1808 4667 (laceat.

398 4711 444 4772 At
465 4708 608 4794 quamvis
638 4715 720 4771 recte
742 4706 899 4770 affimrent
921 4703 1047 4768 Enuodi
1077 4728 1171 4791 opera
1199 4706 1331 4793 abipso
1355 4730 1454 4793 neque
1482 4709 1579 4773 electa
1601 4730 1700 4794 neque
1728 4706 1855 4771 collecta
1877 4725 1953 4780 csse,

293 4823 395 4879 tamen
419 4813 458 4877 ab
474 4812 544 4898 ipso
555 4819 681 4876 auctare
703 4832 765 4873 uon
781 4808 874 4874 modo
891 4809 1023 4895 singula,
1045 4807 1101 4873 scd
1124 4809 1217 4873 etiam
1237 4810 1399 4896 complura
1413 4812 1565 4896 opuscula
1586 4811 1617 4875 iu
1633 4810 1809 4874 libellorum
1824 4806 1951 4872 modrun

294 4926 438 4982 eortoexta
463 4916 581 5003 publici
609 4915 685 4979 iuris
717 4915 800 4979 facta
834 4936 903 4977 esse
932 4922 1056 4978 constat
1077 4922 1196 4996 (corsua
1218 4913 1341 4979 Usener
1368 4915 1388 4979 l.
1410 4922 1455 4996 c).
1500 4914 1584 5001 quod
1613 4915 1696 4978 cuim
1725 4912 1765 4976 de
1793 4909 1951 4975 nonnullis

294 5020 453 5108 ‹qrrrsculis
477 5019 614 5084 dilucide
635 5028 683 5083 est
697 5017 867 5106 proditum,
890 5017 980 5104 plura
994 5040 1101 5082 eorum
1117 5019 1306 5105 exemplaria
1324 5019 1465 5083 confecta
1480 5028 1510 5083 et
1525 5019 1653 5104 vurlgata
1675 5038 1744 5081 esse
1759 5022 1799 5102 tp.
1819 5017 1888 5092 ll2,
1902 5016 1953 5078 22.

294 5131 367 5206 285,
382 5129 444 5205 24),
466 5124 549 5189 idenr
572 5125 664 5189 etiam
689 5124 720 5188 iu
744 5124 806 5188 alia
828 5122 970 5209 inprimis
994 5123 1146 5209 ampliora
1168 5123 1285 5210 scripta
1307 5122 1416 5187 eadere
1438 5146 1477 5187 ex
1499 5123 1722 5209 epigrammate
1744 5118 1793 5199 ,de
1815 5115 1951 5202 quodam

295 5231 439 5315 gluttone
461 5229 515 5315 qui
538 5251 617 5316 opus
641 5229 708 5293 eius
732 5228 883 5314 inperitus
900 5227 1055 5312 carpebat‘
1071 5227 1321 5308 (CLXXXIX),
1344 5225 1538 5314 quodmodo
1557 5226 1726 5303 attrrlimus,
1746 5221 1953 5308 cognoscitur.

293 5332 378 5420 quod
401 5356 481 5420 opus
506 5343 649 5421 carptum
666 5334 715 5412 sit,
738 5342 854 5396 seuram
874 5355 936 5395 non
960 5341 1024 5411 est;
1046 5341 1147 5396 tamen
1171 5354 1210 5395 ex
1230 5353 1322 5395 versu
1344 5332 1429 5394 illius
1449 5329 1681 5417 epigrammatis
1702 5328 1817 5415 primo:
1839 5324 1954 5404 ,neseio

293 5460 350 5503 carr
372 5447 481 5505 sancto
504 5460 567 5502 non
583 5460 703 5526 parcae,
725 5436 826 5515 stulte,
848 5435 958 5501 labori‘
980 5436 1118 5501 libellum
1135 5460 1192 5526 pro
1215 5435 1336 5524 synodo
1359 5434 1526 5522 significari
1542 5434 1722 5498 conicimus.
1756 5430 1955 5516 inscriptione

293 5550 397 5609 autem
417 5543 649 5632 epigrammatis
672 5540 912 5608 CLXXXVII
940 5542 1101 5629 ,praefatio
1123 5543 1218 5608 totius
1246 5541 1348 5630 operis
1375 5540 1490 5630 poetici
1513 5537 1599 5626 quod
1627 5538 1710 5604 fecit‘
1733 5535 1955 5624 comprobatur
