4500 6232
874 287 970 344 annu
988 287 1123 356 (oense.
1142 288 1178 354 e).
1799 291 1855 353 arr

204 464 324 529 sufficit
347 464 374 527 si
405 486 456 529 me
487 465 520 528 in
550 470 625 528 voto
655 463 861 550 praedicetis.
906 484 970 548 ego
1004 469 1115 528 tamen
1150 461 1183 525 in
1218 460 1342 525 foribus
1376 461 1559 548 scriptionis
1596 459 1683 546 quod
1720 461 1862 526 vivificat

206 587 270 630 non
304 567 432 632 tacebo.
482 567 579 631 deum
614 573 682 632 tota
715 568 833 633 mentis
867 567 1050 631 intentione
1090 563 1220 629 mundis
1254 571 1366 629 tenete
1402 563 1580 628 visceribus
1614 570 1648 628 et
1683 564 1770 629 eirea
1802 564 1893 630 vost

204 690 339 755 precum
373 669 636 755 frequentatione
671 670 821 751 mulcete,
856 670 953 734 nullis
984 670 1025 735 ab
1054 690 1093 734 eo
1125 669 1306 733 animarum
1337 667 1617 744 fornicationibus,
1643 669 1734 732 nulla
1756 675 1862 734 trans·

205 774 332 837 actiorm
361 771 493 838 diducti.
540 774 647 839 fovete
676 774 776 838 etiam
806 775 983 859 proximos,
1016 793 1098 858 quos
1132 773 1211 837 facit
1243 773 1391 836 naturale
1426 772 1610 857 collegium,
1645 778 1678 837 et
1705 794 1747 838 ne
1776 771 1863 858 quod

137 925 142 937 .
203 875 297 941 vobis
335 877 455 940 factum
493 876 595 941 dolori
632 882 738 955 esset,
782 897 840 941 ros
884 876 1000 940 fecisse
1039 873 1222 959 gaudeatis.
1282 875 1377 939 buius
1409 876 1488 939 boni
1519 874 1644 939 fructus
1682 880 1734 940 est
1771 875 1860 959 quie-

202 979 280 1064 quid
303 985 444 1064 optatur.
489 1000 541 1044 me
566 988 676 1043 tamen
706 979 763 1043 diu
790 985 967 1045 tenuerunt
997 979 1131 1043 anxium
1161 977 1408 1043 deliberationis
1439 980 1573 1059 ineerta,
1604 985 1713 1043 utrum
1735 977 1778 1042 ad
1800 972 1891 1042 vos3

202 1102 261 1167 per
282 1103 415 1147 carmen
439 1104 480 1147 an
504 1083 672 1168 epistulari
695 1083 770 1168 lege
793 1085 896 1149 verba
918 1082 1170 1169 promulgarem.
1216 1083 1303 1167 elegi
1328 1083 1538 1147 affectionem
1562 1102 1670 1147 meam
1692 1082 1781 1146 eirca
1803 1102 1860 1147 vos

203 1193 341 1271 unoque
365 1185 496 1250 dicendi
519 1187 603 1251 ealle
625 1187 824 1272 patefacere,
848 1188 925 1274 quia
946 1194 980 1251 et
1002 1186 1259 1272 praecipientem
1285 1185 1381 1250 decet
1403 1185 1497 1250 fortis
1520 1186 1661 1250 elocutio
1683 1192 1716 1249 et
1737 1186 1861 1271 pressis

204 1288 426 1355 admonitione
449 1290 615 1355 mentibus
639 1290 797 1358 mollioris
826 1294 893 1358 stili
921 1313 998 1357 cura
1025 1291 1228 1356 subvenitur.
1275 1311 1354 1375 ergo
1381 1291 1517 1375 benigni
1548 1296 1667 1356 exacta
1694 1291 1862 1377 suscipite.

845 1444 964 1512 Lava
987 1443 1217 1511 VERSVVM.

674 1558 831 1632 Quemvis
855 1559 898 1623 sit
919 1563 1071 1622 tenerum
1095 1554 1229 1622 madore
1252 1558 1360 1622 mellis

673 1661 907 1747 Quodcumque
931 1659 1074 1746 strepuit
1095 1680 1215 1745 parens
1240 1659 1394 1739 Camena,

674 1763 719 1830 Et
740 1765 852 1830 fictum
875 1762 987 1852 lepido
1010 1764 1117 1829 nitore
1141 1782 1274 1829 carmen

674 1867 829 1956 Oaptiret
851 1868 969 1935 docilis
992 1875 1160 1933 momente
1183 1866 1299 1946 cordis,

675 1972 746 2038 Nec
771 1994 902 2062 semper
925 1973 1043 2038 deceat
1066 1992 1186 2058 poema
1208 1971 1322 2047 virtus,

673 2072 771 2151 Quod
794 2078 849 2144 lex
873 2075 1079 2163 praecipiens
1103 2080 1217 2140 tenere
1241 2075 1363 2140 fluxum

673 2177 830 2245 Resolrat
853 2180 962 2245 studio
985 2178 1122 2244 iubente
1146 2178 1262 2245 fortes:

673 2282 719 2346 At
742 2302 802 2347 nos
825 2281 956 2348 Pieriae
979 2281 1110 2347 medum
1133 2282 1284 2368 loquelae

671 2383 710 2449 In
734 2393 861 2451 tantum
884 2387 1053 2471 sequimur
1075 2392 1229 2452 monente
1253 2407 1341 2467 cura,

677 2487 842 2561 Quantum
866 2487 923 2554 det
945 2489 1063 2576 genius
1087 2490 1244 2575 rigorque
1267 2491 1345 2556 veri.

674 2589 794 2657 Christi
818 2592 930 2657 militis
955 2592 1088 2657 insitum
1111 2592 1254 2677 rigorem

673 2693 848 2760 Elumbem
871 2695 1014 2781 patimur
1036 2714 1153 2760 carere
1178 2694 1321 2762 ductum.

310 2826 400 2913 Ergo
416 2827 577 2897 dictorum
594 2834 793 2920 aliquotiens
810 2854 950 2899 amoena
965 2834 1141 2921 fugientes,
1164 2835 1335 2899 materiam
1352 2833 1490 2899 solidam
1507 2852 1565 2897 suo
1578 2852 1634 2896 ore
1646 2830 1892 2911 celebremus,l

205 2951 246 2997 ne
275 2931 398 2996 sentiat
419 2932 559 3000 virilitas
591 2935 702 3022 operis
726 2939 873 3003 enervati
896 2939 1014 3003 damna
1038 2940 1209 3004 sermonis.
1256 2958 1321 3002 nou
1345 2936 1466 3022 refugit
1489 2935 1730 3022 professionem
1752 2954 1860 3000 meam

205 3034 374 3099 monitoris
404 3035 561 3117 officinm,
589 3040 666 3123 quia
694 3040 792 3105 decet
821 3041 1061 3128 praecedentes
1091 3042 1293 3119 emendatio,
1326 3048 1359 3107 et
1382 3042 1465 3105 sicut
1487 3048 1563 3126 post
1586 3046 1716 3124 tergum
1739 3038 1860 3103 relictis

203 3158 263 3224 par
291 3144 342 3204 est
370 3138 476 3204 facem
504 3140 544 3207 de
573 3141 762 3209 innocentia
792 3145 967 3231 praeferri,
998 3147 1044 3210 ita
1071 3146 1156 3211 ratio
1185 3146 1326 3231 flagitat,
1357 3151 1393 3209 ut
1423 3144 1521 3208 etiam
1544 3142 1653 3208 verbis
1681 3142 1745 3207 iter
1773 3140 1861 3227 quod

204 3249 383 3327 sequantur
406 3245 571 3323 ostendas,
595 3267 668 3311 cum
693 3246 793 3312 divini
816 3268 895 3312 voce
919 3255 1049 3315 constet
1071 3249 1279 3315 hortaminis:
1305 3253 1418 3335 ‘argue
1442 3249 1636 3335 sapientem,
1660 3248 1783 3314 amabit
1803 3246 1846 3315 te’
1886 3245 1988 3289 ml·

1850 3298 1858 3332 r
1961 3326 1966 3339 .

205 3351 238 3410 et
260 3364 324 3409 non
346 3348 484 3412 reticeat
508 3351 688 3415 saecularis
712 3349 876 3415 adsertor:
1910 3301 1959 3350 m

633 3458 707 3534 ‘Qui
729 3468 979 3549 praeceptorem
1003 3463 1108 3529 sancti
1132 3464 1266 3529 reluere
1290 3464 1436 3550 parentis
1897 3457 1978 3563 ppg

683 3564 766 3630 Esse
789 3564 883 3632 loco.’

205 3673 274 3737 inre
306 3675 392 3738 enim
420 3675 452 3738 in
484 3676 666 3742 affectionis
694 3678 870 3765 supercilio
900 3678 1098 3757 conlocetur,
1129 3701 1226 3764 quem
1254 3680 1439 3764 benignitas
1467 3678 1651 3763 corrigendi
1679 3677 1891 3764 promptiose

205 3775 327 3843 adserit
362 3799 457 3864 quarn
491 3780 563 3866 ipsa
596 3786 723 3845 natura.
774 3802 934 3866 generare
969 3781 1090 3846 etenim
1119 3787 1152 3845 et
1181 3781 1326 3846 libidinis
1360 3783 1580 3846 testimonium
1613 3788 1678 3861 est,
1713 3778 1859 3845 erudisse

205 3879 348 3966 pietatis.
394 3903 472 3968 ergo
500 3882 541 3948 ad
573 3883 816 3970 disciplinarum
844 3906 952 3949 arcem
980 3891 1194 3972 properantes
1226 3892 1364 3951 matrem
1396 3887 1553 3952 bonorum
1587 3905 1722 3971 operum
1751 3889 1859 3949 amate

206 3983 453 4065 verecundiam,
482 4006 566 4070 quae
595 3986 642 4049 ita
664 4007 706 4051 ex
730 4008 766 4052 se
790 3988 952 4052 variarum
977 3988 1105 4074 speeies
1127 3989 1283 4054 virtutum
1309 3987 1449 4055 fecunda
1473 3996 1505 4055 et
1528 3990 1619 4074 virge
1643 3988 1794 4074 parturit,
1824 3995 1860 4051 ut

206 4085 397 4172 inpudentia
413 4110 536 4174 procax
551 4093 585 4155 et
601 4098 755 4176 corrupta
766 4090 930 4155 vitiorum.
965 4092 1047 4156 haec
1060 4113 1118 4157 ros
1135 4092 1197 4157 bac
1209 4114 1300 4173 voce,
1319 4100 1355 4158 ut
1371 4094 1412 4160 ad
1432 4115 1505 4161 eam
1522 4092 1675 4173 tendatis,
1699 4092 1860 4157 hortetur:

878 4244 1188 4314 VERECVNDIA.

571 4359 727 4445 Tinguite
751 4359 930 4426 candentes
954 4380 1050 4426 roseo
1073 4361 1114 4427 de
1137 4362 1262 4427 murice
1287 4363 1393 4427 vultus

618 4462 726 4547 Atque
749 4462 848 4528 fidem
873 4482 997 4529 morum
1019 4464 1154 4551 pandite
1178 4464 1219 4530 de
1244 4466 1337 4530 facie.

573 4565 612 4628 ln
636 4567 731 4631 niveo
756 4588 916 4653 spargens
940 4568 1087 4632 maculas
1111 4568 1155 4631 sis
1179 4568 1322 4653 pulcrior
1345 4590 1411 4635 ore.

622 4666 704 4732 Cum
730 4669 850 4733 sudans
873 4678 1024 4735 tenerum
1048 4671 1176 4735 roseida
1199 4672 1284 4735 eolla
1306 4671 1404 4736 feras.

572 4771 627 4835 Nil
651 4773 711 4837 tibi
734 4773 808 4859 plus
832 4772 944 4859 lingua
967 4770 1093 4838 tribuas
1116 4794 1213 4860 quam
1237 4782 1409 4840 stemmate
1432 4776 1557 4840 frontis.

619 4873 781 4961 Quicquid
805 4892 916 4940 amare
941 4875 1032 4955 libet,
1056 4875 1132 4941 hinc
1155 4877 1213 4942 tibi
1238 4878 1385 4941 concilia.

311 5080 323 5132 l
343 5084 445 5135 sufficet
459 5083 484 5133 B
553 5091 614 5135 uota
632 5085 790 5150 praediceres
802 5083 827 5134 Β
931 5081 948 5133 4
966 5084 1063 5136 diducti
1075 5083 1101 5135 B
1108 5083 1161 5148 VL,
1179 5085 1283 5137 deducti
1297 5087 1372 5138 ceteri
1442 5087 1571 5139 naturales
1582 5083 1624 5135 Β1
1691 5086 1824 5153 colligium
1836 5084 1862 5135 B

205 5166 222 5219 5
239 5170 331 5221 faciae
343 5168 369 5219 B
473 5168 487 5221 'l
507 5186 591 5223 meam
609 5171 677 5222 eires
693 5188 740 5222 uos
759 5184 842 5222 meam
854 5170 879 5221 B
983 5168 1000 5221 8
1018 5171 1086 5222 decit
1097 5169 1123 5220 B
1226 5169 1243 5221 9
1260 5173 1436 5225 admonitione
1448 5172 1474 5223 B
1542 5171 1605 5223 atilli
1617 5171 1643 5222 Β
1710 5172 1816 5238 benigni
1828 5170 1862 5235 B,

205 5255 316 5323 benigue
327 5257 403 5307 ceteri
512 5254 545 5307 12
562 5257 631 5323 quod
648 5273 708 5309 cum
726 5257 788 5323 quid
800 5257 826 5308 B
931 5255 963 5308 17
982 5258 1108 5310 ressoluat
1120 5256 1145 5307 B
1208 5259 1314 5310 iuuante
1326 5258 1352 5309 Β
1422 5256 1509 5326 fortes]
1529 5265 1611 5310 cortes
1623 5257 1668 5308 Β·ι
1773 5255 1806 5309 18
1822 5255 1861 5326 at]

203 5341 238 5393 ed
249 5341 275 5391 Β
390 5338 426 5392 20
443 5343 534 5408 genior
545 5342 571 5392 Β
683 5340 715 5393 21
735 5344 806 5395 eristi
817 5342 843 5393 B
956 5339 992 5395 25
1009 5343 1076 5396 decit
1092 5343 1267 5410 praecidentes
1282 5342 1309 5394 B
1416 5342 1451 5394 26
1468 5343 1590 5411 praeferri
1607 5344 1700 5410 resipui
1711 5359 1768 5396 aare
1780 5343 1861 5396 rura

204 5427 274 5478 urire.
284 5444 311 5493 p.
326 5431 368 5490 50,
386 5430 492 5495 proferri
509 5428 569 5479 libri
708 5425 741 5478 27
759 5429 857 5481 amabit
869 5428 903 5493 B,
924 5437 950 5481 et
966 5431 1064 5482 amauit
1077 5426 1157 5482 eme
1295 5428 1330 5481 28
1347 5437 1458 5482 mrerwr
1474 5429 1498 5478 V
1631 5427 1665 5480 31
1684 5428 1826 5481 eouooetnr
1841 5427 1865 5477 V

203 5509 239 5564 82
257 5519 353 5565 natura
368 5530 493 5580 genmara
504 5513 538 5578 B,
559 5522 655 5566 natura
671 5515 781 5581 genera
799 5515 921 5583 gennuae
932 5517 1008 5569 ested
1076 5523 1102 5568 et
1114 5514 1148 5579 B,
1165 5532 1214 5566 em.
1226 5517 1302 5567 ceteri
1404 5513 1439 5567 33
1456 5523 1636 5584 prosperantes
1647 5514 1673 5566 Β
1776 5512 1812 5568 db
1828 5514 1861 5567 sd

204 5594 271 5663 earn]
288 5598 399 5650 audem
411 5598 436 5649 B
504 5600 620 5652 tandm
637 5601 711 5652 berte
725 5598 730 5666 Ι
746 5607 814 5654 tetrrr
825 5601 851 5652 B
954 5599 989 5653 39
1006 5602 1110 5670 puorior
1121 5601 1155 5665 B,
1172 5601 1304 5668 pulchrior
1320 5602 1343 5651 V
1442 5599 1478 5653 40
1495 5602 1598 5655 ruscida
1609 5601 1635 5652 B
1738 5597 1773 5653 41
1790 5601 1860 5653 stim·

157 5706 160 5712 ·
204 5689 273 5738 mle
284 5682 318 5750 B,
334 5682 463 5737 ahma
475 5681 554 5738 dm.
624 5685 702 5739 fontis
714 5683 760 5736 B⁶
859 5708 862 5713 ’
