4500 6232
975 292 1003 354 n
1021 294 1142 368 (crau.
1162 300 1185 363 1,
1203 296 1238 362 c).
1916 300 1936 366 5

280 468 453 557 conloquio
481 470 614 558 plectris
647 470 872 539 ecclesiastica
900 495 959 560 per
989 473 1130 560 populos
1160 474 1232 537 iura
1259 473 1452 539 diviserunt.
1503 493 1560 538 cur
1594 496 1655 559 ego
1689 475 1722 538 in
1751 473 1872 539 ordinis
1902 479 1968 539 ct3

279 576 387 640 meriti
410 576 605 640 constitutus
621 575 759 641 infantia
775 579 933 642 aemulari
951 598 1150 642 summorum
1166 577 1254 642 facta
1270 599 1334 643 non
1351 556 1512 660 studeam,
1535 581 1678 644 maxima
1694 601 1767 644 cum
1783 579 1936 643 narrandi

280 681 488 746 simulacrum
512 681 625 745 altaris
649 680 784 745 militem
807 681 848 746 ad
873 681 1068 768 excipienda
1092 702 1175 767 quac
1200 688 1314 746 contra
1330 681 1428 746 fidem
1445 683 1602 746 eveniunt
1618 682 1706 747 bella
1722 683 1937 748 conroboret?

280 805 340 851 nec
364 784 520 850 dubitabo
545 785 652 850 dicere
683 783 768 870 quod
798 785 965 870 praesenti
990 790 1120 848 constat
1142 786 1306 871 exemplo.
1353 784 1524 849 didicimus
1547 786 1611 849 iam
1635 807 1697 870 quo
1722 787 1851 850 turbine
1875 766 2083 871 provll'ftlssl'

281 908 392 954 amore
416 888 492 954 fidei
516 887 611 952 hasta
633 887 782 952 iacienda
807 888 858 966 sit,
882 908 988 972 neque
1012 909 1072 952 nos
1095 889 1224 952 virtutis
1249 890 1355 974 pretio
1378 889 1432 952 vel
1455 889 1559 953 titulis
1575 889 1749 952 mediocris
1767 889 1937 966 conflictus

281 993 433 1058 elevavit.
479 991 584 1055 dicam
608 1012 685 1075 ergo
709 990 818 1055 libens
842 992 968 1055 musico
993 993 1068 1056 stilo
1091 992 1213 1076 gaudia
1240 1014 1331 1073 mea,
1363 1014 1501 1078 quornm
1524 993 1761 1079 perfectionem
1785 992 1967 1055 maximisl

280 1097 434 1182 promitto
462 1116 515 1160 me
543 1095 605 1159 deo
636 1094 804 1159 adnitente
834 1095 953 1179 eloquii
990 1096 1078 1160 lituis
1114 1097 1348 1163 nuntiaturum.
1404 1098 1583 1182 pulsabunt
1616 1118 1669 1160 me
1705 1095 1935 1160 oblatrantium

279 1219 407 1263 venena
440 1199 638 1283 linguarum,
668 1198 727 1263 sed
758 1192 971 1283 professi-ouis
1000 1206 1032 1263 et
1060 1199 1183 1284 ingenii
1212 1201 1382 1264 exercitiis
1412 1201 1599 1286 adgregabo
1635 1200 1789 1286 quidquid
1825 1207 1937 1263 contra

281 1303 426 1368 accusati
450 1303 602 1367 meritum
626 1302 816 1366 maledictor
838 1303 1023 1387 ingesserit.
1056 1324 1136 1367 usus
1154 1312 1204 1368 est
1220 1305 1283 1368 iste
1300 1304 1385 1369 bene
1403 1305 1538 1369 nitentis
1556 1304 1786 1381 conscientiae,
1811 1303 1936 1388 opinio-

282 1407 332 1470 nis
360 1407 451 1471 lucro
480 1408 617 1492 iungere
644 1427 772 1471 morsus
800 1404 1004 1470 aemulorum
1034 1413 1066 1470 et
1093 1407 1200 1472 famae
1225 1408 1408 1494 conpendia
1430 1407 1471 1472 dc
1496 1407 1615 1471 invidis
1637 1406 1806 1493 aucupari.
1851 1407 1969 1470 maleb

280 1511 432 1596 pertinax
455 1509 537 1575 deus
560 1510 685 1587 livoris,
713 1509 892 1594 infringere
917 1516 964 1589 ct,
995 1511 1049 1595 qui
1076 1510 1296 1575 oblocutionis
1320 1512 1466 1576 fomitem
1491 1511 1624 1576 deloco
1648 1512 1772 1596 gloriae
1795 1510 1935 1594 quaeris,

280 1613 485 1678 obmutesce!
528 1613 581 1677 dic
604 1612 690 1677 unde
713 1614 840 1677 fruetus
864 1615 996 1679 eveniat
1018 1615 1153 1694 meritis,
1178 1616 1205 1679 si
1221 1616 1396 1681 iactantiae
1413 1616 1562 1701 deputas,
1587 1615 1674 1701 quod
1691 1613 1810 1678 sudore
1827 1620 1938 1677 nostro

279 1717 461 1802 placemus!
506 1716 600 1780 labor
622 1725 673 1782 cst
696 1716 888 1802 disciplinae
913 1719 1036 1782 amicus
1061 1725 1095 1783 et
1118 1720 1266 1804 religioni
1284 1720 1423 1805 quadam
1441 1721 1636 1805 cognatione
1654 1720 1811 1784 sociatus.
1849 1718 1939 1781 velut

279 1820 344 1886 uda
372 1821 605 1907 praesegmina
635 1823 818 1906 peregrinis
846 1823 1000 1887 maritata
1027 1824 1195 1888 fomitibus
1225 1825 1430 1888 nobilitatem
1458 1825 1624 1887 fructuum
1651 1823 1751 1887 ramis
1781 1821 1936 1901 tribuunt,

214 1962 219 1973 ·
280 1946 376 2010 quam
399 1925 615 2012 parturientia
638 1923 693 1988 diu
716 1926 866 1990 nesciere
889 1926 1062 2012 plantaria,
1087 1928 1133 1991 ita
1156 1927 1288 1991 dotatus
1305 1928 1496 1993 liberalibus
1512 1928 1668 1991 institutis
1684 1927 1772 1991 bona
1787 1932 1930 1989 mentem

281 2049 358 2093 cura
381 2027 548 2114 gravidam
573 2027 614 2092 ad
638 2050 729 2115 spem
753 2029 907 2113 germinis
931 2031 1075 2095 melioris
1099 2029 1239 2096 adtollit.
1277 2032 1444 2117 pelluntur
1467 2033 1575 2095 animo
1593 2029 1802 2095 consiliorum
1820 2028 1965 2092 toxicati

281 2132 430 2197 humanis
453 2137 649 2218 praeparata
671 2133 818 2214 necibus,
842 2155 935 2198 umor
958 2135 1027 2198 suci
1051 2134 1160 2199 letalis
1184 2135 1344 2214 aboletur,
1367 2137 1518 2221 quotiens
1541 2134 1728 2201 huiusmodi
1746 2133 1936 2219 occupatio·

282 2237 377 2302 nibus
412 2237 544 2321 ingenia
578 2258 614 2300 se
649 2237 853 2301 submittunt.
909 2237 985 2302 hinc
1018 2238 1058 2302 ad
1092 2238 1231 2303 clariora
1258 2238 1517 2324 digredientibus
1546 2241 1727 2304 divinorum
1761 2242 1936 2323 patescunt

281 2347 408 2405 secreta
431 2340 599 2421 librorum,
622 2361 759 2426 quorum
783 2342 913 2406 ianuam
938 2363 1036 2407 seusu
1059 2343 1212 2426 pulsante
1234 2344 1309 2407 dum
1327 2351 1462 2424 reserat,
1486 2345 1616 2431 populis
1634 2367 1669 2410 sa
1686 2344 1770 2409 duce
1787 2342 1937 2428 pervium

279 2446 359 2510 facit
377 2446 440 2509 iter
460 2445 657 2529 ignoratum,
680 2446 757 2511 dum
777 2446 967 2512 fastidiosos
986 2448 1106 2533 eloquii
1121 2447 1306 2532 splendore,
1331 2469 1445 2534 parum
1461 2448 1574 2512 doctos
1591 2449 1749 2513 fabricata
1766 2447 1936 2511 latinitate

279 2554 330 2628 et,
353 2555 388 2613 ut
410 2549 516 2627 aiunt,
547 2549 663 2613 artifici
685 2551 869 2617 rusticitate
892 2551 1055 2638 perducit.
1101 2553 1172 2637 quis
1197 2553 1296 2616 talem
1321 2552 1436 2616 salutis
1462 2573 1526 2617 non
1550 2550 1666 2637 diligat
1689 2550 1848 2627 indicem,
1872 2569 1936 2611 non

279 2658 454 2737 sequatur,
485 2655 539 2740 qui
570 2655 766 2719 necessariis
796 2655 919 2729 dulcia,
948 2654 1097 2719 dulcibus
1130 2676 1247 2719 severa
1276 2655 1443 2721 miscendo
1476 2675 1587 2720 amara
1611 2655 1699 2718 vitae
1723 2653 1879 2737 dogmata
1903 2656 1937 2714 ct

278 2756 362 2821 velle
387 2757 476 2843 cogit
497 2757 637 2822 invitos?
676 2757 735 2823 sed
758 2759 854 2823 istinc
877 2759 969 2825 alias.
1008 2760 1116 2845 coepti
1139 2759 1355 2843 conpleantur
1376 2758 1516 2823 honesta
1541 2765 1618 2822 vota
1641 2757 1810 2843 propositi.
1846 2749 1964 2839 apudl

278 2861 419 2925 scientes
443 2882 552 2926 rerum
575 2862 751 2945 loquimur:
776 2884 829 2926 res
853 2862 981 2926 virtutis
1006 2870 1058 2926 cst
1080 2862 1236 2947 gaudium
1261 2864 1440 2943 continere,
1465 2861 1629 2926 secundae
1650 2860 1851 2946 diligentiae,
1875 2878 1935 2942 por

199 2986 206 3001 ·
281 2964 482 3028 elaboratum
518 2966 680 3029 tramitem
714 2967 901 3031 luculentae
930 2967 1082 3031 dictionis
1115 2967 1306 3045 ostendere,
1338 2967 1433 3032 hodio
1461 2968 1603 3031 maxime
1634 2987 1706 3031 cum
1735 2965 1801 3029 mei
1828 2963 1934 3049 portio

278 3067 378 3133 limen
407 3067 559 3153 ingressa
587 3068 760 3134 facundiae
790 3069 845 3135 dat
868 3071 996 3157 parenti
1021 3071 1226 3136 exultatione
1250 3071 1486 3155 eloquentiam,
1515 3092 1610 3156 quam
1635 3075 1735 3154 negat
1757 3067 1935 3151 ingenium,

278 3194 352 3238 cum
379 3172 479 3236 donat
507 3193 607 3238 causa
637 3172 723 3258 quod
753 3179 871 3238 natura
901 3195 965 3240 non
994 3175 1169 3260 praestitit.
1214 3182 1320 3239 macte
1349 3176 1524 3261 insignium
1548 3175 1741 3239 adulescens
1765 3162 1964 3243 virtutum,8

278 3278 388 3363 quiin
412 3299 493 3343 cano
517 3277 597 3343 flore
621 3298 790 3364 pomorum
814 3299 984 3342 numerum
1013 3285 1197 3342 monstrans
1223 3277 1282 3342 das
1305 3279 1430 3364 pellere
1453 3278 1651 3343 adflictionis
1675 3276 1814 3362 glaciem
1838 3280 1871 3337 ct
1894 3271 1934 3336 ad

278 3402 414 3446 vernum
437 3402 490 3447 me
513 3381 666 3446 dictionis
690 3382 824 3446 invitas!
871 3403 946 3446 nam
971 3381 1047 3447 dum
1072 3381 1157 3467 quod
1182 3390 1218 3445 tu
1242 3381 1346 3446 debes
1370 3383 1497 3464 studiis,
1522 3403 1583 3466 ego
1609 3379 1751 3466 inpendo
1776 3377 1934 3451 laetitiae,

279 3493 357 3572 puto
381 3487 477 3551 ambo
499 3487 699 3572 proficimus.
745 3486 852 3550 simile
877 3494 929 3551 est
953 3488 1038 3551 enim
1062 3485 1176 3551 rudem
1201 3485 1372 3550 instituere
1397 3495 1430 3552 et
1453 3487 1494 3551 ad
1515 3484 1763 3551 declamationis
1779 3481 1933 3544 aflectum

279 3611 437 3655 revocare
459 3591 524 3654 iam
548 3589 707 3658 desidem.

580 3813 589 3850 ¹
645 3797 724 3862 Post
747 3819 847 3864 canas
870 3796 1006 3876 hiemes,
1030 3795 1131 3880 gelidi
1153 3801 1229 3880 post
1251 3793 1371 3858 damna
1394 3792 1547 3879 profundi

689 3901 916 3986 Tranquillum
940 3899 1090 3983 quotiens
1114 3898 1227 3961 navita
1250 3897 1354 3982 carpit
1376 3896 1449 3974 iter,

645 4004 774 4071 Maeret
796 4011 830 4071 et
852 4002 944 4068 infidi
967 4001 1123 4088 desperat
1144 4021 1304 4086 prospera
1327 4000 1418 4085 ponti

692 4109 864 4194 Quamque
887 4107 979 4172 videt
1002 4105 1120 4171 faciem
1143 4127 1208 4170 non
1232 4110 1328 4192 putat
1351 4125 1425 4169 csse
1450 4104 1539 4167 salis.

580 4227 591 4262 ⁵
645 4211 762 4278 Sibilat
785 4234 866 4277 aura
889 4212 981 4290 levis,
1006 4209 1130 4274 validas
1155 4210 1249 4273 timet
1271 4208 1327 4272 ille
1351 4208 1528 4292 proeellas:

691 4317 861 4383 Fluctibus
887 4324 920 4382 et
943 4314 1081 4399 blandas
1105 4315 1259 4379 aestimat
1283 4332 1357 4377 esse
1380 4313 1496 4376 minas.

644 4421 764 4486 Lintea
788 4421 815 4486 si
839 4421 983 4506 crispant
1006 4418 1148 4504 Zephyri
1171 4416 1352 4504 pendentia
1373 4416 1459 4480 malo

690 4523 735 4588 Et
756 4524 845 4589 dulci
868 4523 952 4588 ludit
975 4523 1108 4609 spiritus
1132 4521 1303 4607 obsequio,

647 4625 824 4692 Confusam
846 4627 955 4692 ventis
978 4631 1128 4690 naturam
1151 4623 1290 4710 perdere
1313 4623 1405 4708 leges

566 4745 591 4783 ¹⁰
696 4729 789 4795 Iurat
812 4738 846 4796 et
869 4731 1038 4815 antiquum
1063 4726 1167 4792 credit
1190 4728 1307 4793 adesse
1331 4726 1442 4792 chaos.

278 4922 690 4932 ..——-——-—

382 5090 396 5144 l
415 5093 544 5160 colloquio
563 5092 589 5142 V
679 5089 696 5143 3
713 5091 859 5145 corroboret
878 5089 903 5140 V
994 5087 1011 5140 4
1029 5088 1171 5141 dedicimus
1184 5085 1210 5138 B
1305 5084 1320 5136 l
1338 5086 1469 5140 adnitente
1482 5086 1515 5153 B,
1533 5089 1665 5141 annitente
1684 5088 1737 5154 VL,
1754 5091 1895 5143 minuente
1907 5091 1931 5155 b,

277 5188 408 5232 annuento
426 5183 477 5241 (rna
494 5183 553 5241 osa.)
576 5179 601 5229 Τ
684 5177 768 5247 lituis]
786 5181 869 5232 literis
888 5180 967 5232 Sirra.
1092 5176 1110 5229 8
1127 5177 1273 5246 aggregabo
1293 5175 1317 5223 V
1413 5176 1537 5242 quiequid
1557 5176 1581 5224 V
1709 5173 1726 5225 9
1743 5177 1791 5228 ists
1809 5185 1848 5228 est
1865 5175 1933 5227 P1c

279 5261 315 5316 10
331 5262 437 5332 inuidia]
456 5266 556 5318 inuidia
567 5265 647 5318 Sina.
735 5263 769 5318 12
786 5267 879 5319 sudoro
892 5266 918 5317 B
930 5274 953 5318 et
966 5264 1046 5317 sirm.
1058 5264 1086 5314 ia
1098 5264 1173 5327 notis,
1190 5263 1277 5314 sudori
1290 5262 1365 5313 cafari
1451 5258 1484 5312 14
1501 5262 1617 5313 tribuant
1629 5262 1708 5313 Sirra.
1791 5260 1824 5313 19
1842 5280 1933 5315 sensus

279 5351 393 5420 pulsanti
405 5350 502 5404 ΗΜΛ
595 5350 632 5405 20
649 5353 797 5406 fastidiosus
809 5351 836 5402 B
930 5349 964 5403 al
984 5348 1144 5419 perdncstB
1239 5344 1274 5398 23
1291 5344 1368 5414 alias]
1380 5347 1444 5399 alios
1457 5347 1502 5399 13⁰
1598 5345 1633 5399 24
1650 5345 1790 5414 secundm]
1809 5350 1853 5401 ssd
1864 5351 1933 5416 sort.

278 5434 315 5491 26
331 5438 468 5491 facundiae
485 5438 505 5500 (1
522 5453 579 5506 arcp.
598 5439 655 5500 lin.)
666 5437 693 5490 B
786 5435 822 5490 2'1
839 5438 984 5491 adoliam
996 5437 1023 5488 B
1110 5432 1147 5488 28
1164 5440 1310 5488 monebant
1321 5432 1356 5499 B,
1372 5441 1500 5486 mosanas
1517 5434 1592 5487 ceteri
1647 5431 1704 5501 das]
1723 5434 1787 5485 dans
1798 5433 1840 5485 131
1896 5439 1933 5487 as·

278 5524 400 5579 mua
419 5522 446 5575 V
538 5522 573 5578 tl
590 5522 716 5594 Mean]
733 5524 895 5580 mauult
995 5540 1023 5577 ν.
1042 5521 1057 5575 1
1074 5520 1232 5591 dmpuaV
1326 5516 1601 5590 mlidlaparatBVL
1699 5536 1726 5573 v.
1743 5518 1761 5571 4
1779 5522 1829 5574 sali
1847 5521 1935 5574 Schott

278 5627 305 5665 r.
323 5606 340 5664 'f
356 5611 500 5685 napbariB
566 5611 698 5667 noluoB
