4500 6232
669 296 828 365 eleseu.
846 299 872 359 s,
893 298 996 365 11)‚c1
1015 298 1135 366 (canu.
1154 300 1179 361 e,
1201 299 1252 366 re),
1271 300 1320 354 cn
1339 300 1460 367 (canu.
1478 301 1504 361 e.
1523 301 1574 367 13).

983 622 1008 690 G
1030 626 1136 711 (canu.
1154 629 1183 707 2,
1203 626 1267 710 11).

664 779 750 843 Eece
773 780 856 842 nitet
878 781 1047 865 templum,
1071 780 1156 865 quod
1179 781 1292 844 iln'dou
1316 782 1441 845 sorduit
1464 791 1551 851 ante.

711 881 771 945 Cui
794 881 911 946 faciem
935 891 1080 948 veterem
1104 885 1162 948 lux
1184 906 1270 948 nova
1293 887 1471 971 conposuit.

664 984 811 1049 Perdidit
833 986 1000 1070 antiquum
1025 987 1096 1071 quis
1119 988 1279 1072 religione
1304 989 1472 1059 sacellum,

711 1088 908 1153 Numinibus
931 1089 1034 1174 pulsis
1057 1090 1143 1175 quod
1167 1091 1252 1155 bene
1276 1113 1396 1156 numen
1421 1092 1540 1156 babet?

595 1207 606 1241 ἰ»
666 1190 718 1266 Di,
743 1192 858 1276 quibus
882 1192 944 1257 hoc
967 1195 1084 1279 patuit,
1109 1216 1280 1280 possessas
1304 1197 1440 1281 linquite
1465 1195 1569 1259 sedes.

712 1295 807 1367 Quod
829 1296 908 1360 fecit
923 1297 1047 1373 Victor,
1072 1299 1176 1362 vietor
1198 1300 1318 1383 ubique
1342 1305 1442 1364 tenet.

664 1397 799 1462 Addidit
821 1399 863 1464 ad
886 1401 1007 1463 cultum
1033 1402 1148 1465 merito
1172 1423 1342 1466 successor
1365 1411 1397 1465 et
1418 1404 1511 1469 actis.

710 1501 773 1573 Qui
796 1522 921 1566 morum
944 1525 1063 1568 nornen
1086 1504 1170 1581 hine,
1193 1504 1375 1583 Honorem,
1399 1508 1496 1590 geris.

663 1604 785 1669 Nubila
809 1607 932 1691 viperei
956 1607 1009 1691 qui
1033 1612 1142 1693 gestat
1164 1607 1264 1670 corda
1287 1609 1415 1680 veneni,

710 1709 784 1773 Non
807 1708 903 1774 detur
925 1716 961 1773 ut
982 1711 1081 1775 facist
1104 1711 1246 1775 eulmina
1269 1712 1382 1797 pulcro
1405 1711 1476 1775 deo.

970 2017 1016 2085 CI
1039 2020 1145 2107 (cnam
1160 2024 1191 2101 2,
1211 2020 1276 2106 12).

662 2173 784 2259 Accipe
808 2174 849 2264 de
873 2177 964 2241 cuius
986 2176 1106 2241 biberit
1128 2175 1243 2240 domus
1266 2184 1338 2241 arta
1360 2178 1500 2245 fluentis.

711 2278 805 2341 Atria
829 2277 913 2362 quod
937 2286 1071 2365 superet
1093 2280 1274 2364 porticibus
1298 2280 1443 2345 modicis.

663 2380 829 2445 Pontificio
852 2384 968 2446 summi
992 2383 1097 2447 studio
1121 2390 1308 2448 constructa
1332 2385 1467 2453 renidet,

711 2484 867 2548 Laurenti
892 2487 1055 2571 proprium
1080 2485 1225 2572 possidet
1248 2488 1310 2550 ista
1333 2488 1431 2553 diem.

592 2601 604 2634 ³·
664 2586 843 2673 Splendida
865 2609 923 2674 pcr
946 2610 1065 2653 census
1088 2598 1288 2674 consurgunt
1311 2597 1398 2655 tecta
1421 2593 1556 2660 ruinam.

711 2690 872 2755 Occasum
896 2694 999 2756 nescit
1022 2692 1108 2777 quod
1133 2693 1222 2757 venit
1244 2714 1264 2756 a
1286 2694 1427 2757 domino.

662 2795 728 2859 Vix
753 2797 857 2861 caries
880 2797 1006 2861 senium
1030 2798 1183 2861 comitata
1206 2798 1268 2861 hoc
1292 2800 1412 2863 deterit
1434 2820 1597 2883 umquam.

709 2898 824 2963 Gloria
846 2900 980 2964 foetoris
1003 2901 1089 2986 quod
1113 2900 1197 2965 bene
1221 2901 1412 2966 condiderit.

663 3003 789 3067 Fabula
812 3004 853 3068 de
877 3004 1004 3089 magnis
1028 3024 1205 3090 numquam
1229 3006 1368 3069 tacituro
1392 3012 1549 3070 reservat.

710 3106 804 3178 Quod
828 3107 963 3171 vincens
987 3127 1105 3171 aerum
1129 3128 1246 3172 nornen
1271 3109 1311 3172 ad
1336 3117 1423 3174 astru
1447 3110 1542 3175 ferat.

959 3413 1026 3482 (lss
1049 3418 1156 3503 (caan.
1173 3421 1203 3500 2,
1223 3419 1286 3501 13).

660 3571 721 3634 llle
744 3571 804 3635 fuit
827 3571 920 3657 rigidi
945 3592 1076 3659 semper
1100 3581 1250 3638 servator
1273 3575 1409 3639 honesti.

708 3672 878 3739 Terribilis
903 3675 1008 3760 culpis
1032 3677 1298 3762 supplicibusque
1322 3680 1406 3763 pius,

662 3778 766 3851 Quem
792 3798 967 3863 numquam
991 3779 1083 3844 llexit
1105 3780 1229 3860 vitium,
1254 3782 1415 3844 miseratio
1439 3801 1577 3866 semper,

708 3881 869 3946 Iudicium
890 3881 975 3947 faeie
999 3889 1106 3947 certus
1131 3883 1250 3968 ubique
1274 3883 1375 3948 dedit.

592 4000 603 4033 ³
665 3983 810 4049 Crimina
832 3984 989 4070 corripuit
1011 3986 1114 4063 vultu,
1138 3994 1323 4072 conpuncta
1346 3987 1474 4056 refovit.

709 4088 850 4154 Conscia
873 4089 993 4154 secreti
1016 4089 1134 4155 detulit
1156 4090 1272 4154 oretui.

660 4192 757 4258 Ilunc
780 4199 874 4258 utero
898 4193 1049 4277 genetrix
1073 4194 1250 4259 caelestem
1274 4192 1359 4258 ludit
1381 4194 1412 4256 in
1437 4192 1556 4267 aulam,

708 4295 822 4360 Vbera
844 4294 1029 4361 subducens
1053 4296 1185 4367 tradidit
1208 4296 1375 4361 uberibus.

660 4398 752 4465 (iana
775 4400 999 4466 venerandum
1022 4407 1219 4488 stupuerunt
1241 4401 1373 4466 saccula
1397 4408 1521 4464 vatem:

579 4520 604 4556 ¹⁰
708 4503 854 4570 Moribus
878 4511 955 4570 ante
979 4504 1040 4569 fuit
1063 4503 1147 4589 quod
1171 4505 1257 4590 gerit
1279 4505 1397 4570 efficio.

398 4762 440 4831 [C]
476 4782 567 4817 uersus
585 4764 679 4815 ibidem
696 4764 774 4815 inser.
790 4764 902 4826 RVH,
919 4764 1148 4830 salavationum
1170 4781 1231 4814 nune
1250 4772 1278 4813 ut
1294 4774 1359 4816 recte
1382 4765 1510 4830 inscriprit
1528 4766 1654 4818 b'irmond
1676 4771 1701 4820 in
1724 4769 1830 4821 basilica
1852 4779 1952 4835 aprino

293 4852 377 4904 lorum
396 4852 536 4916 Nouariae,
559 4850 596 4901 ad
617 4851 749 4901 ecclesiam
767 4849 963 4914 Novariemem,
990 4867 1043 4901 sea
1065 4850 1102 4900 ad
1120 4849 1339 4902 Mediolanenses
1361 4867 1450 4901 vante
1472 4861 1594 4917 spectant.
1627 4854 1674 4904 Isoc
1697 4856 1854 4921 epiprcmmc
1881 4862 1951 4903 ante-

293 4938 391 4989 cedenti
401 4936 624 5004 'praeponendum
646 4953 711 5001 esse,
734 4937 762 4987 in
784 4936 869 4987 codice
888 4934 912 4983 V
924 4944 985 4986 neta
1002 4936 1117 5001 quadum
1135 4945 1201 4988 recle
1218 4937 1331 4987 indicari
1347 4937 1448 4988 msam
1551 4957 1576 4990 v.
1598 4938 1610 4989 l
1630 4940 1723 4992 ibidem
1741 4958 1772 4991 er
1789 4940 1952 5005 imeriptione

293 5024 389 5089 recepi,
410 5040 470 5075 eece
487 5025 552 5076 uitet
572 5024 695 5090 templum
713 5023 781 5089 quod
800 5023 898 5074 sorduit
916 5029 976 5074 ante
989 5021 1099 5085 BVL'I',
1120 5029 1252 5073 uretustuur
1271 5023 1405 5074 monaste
1418 5023 1449 5084 0,
1468 5024 1602 5077 lauecrum
1620 5025 1674 5076 eod.
1695 5026 1778 5076 Fabri
1794 5033 1818 5076 et
1837 5025 1952 5075 t'lrelten-

294 5107 422 5160 leumeneis
439 5111 575 5176 antiquum
593 5125 653 5161 ecee
665 5147 751 5161 .....
765 5107 803 5159 Pb
908 5125 933 5158 v.
951 5105 969 5158 5
986 5107 1021 5157 dii
1034 5106 1059 5156 B

398 5208 452 5278 [01]
488 5213 549 5264 item
567 5213 595 5263 in
613 5213 686 5263 domo
705 5212 844 5263 Mediolani
863 5212 941 5262 imur.
955 5208 1048 5272 sim„
1076 5210 1159 5261 crucis
1175 5210 1275 5276 siquam
1292 5211 1413 5276 einpulis,
1436 5229 1503 5276 queue
1524 5220 1673 5278 reprimetur,
1697 5213 1852 5263 carminibus
1871 5229 1951 5278 prae-

288 5298 377 5364 posuit
390 5296 416 5347 B
536 5316 560 5350 v.
580 5296 594 5350 l
613 5300 698 5366 aspice
717 5297 796 5349 Simu.
885 5298 984 5349 biberet
996 5296 1021 5346 B
1143 5314 1167 5348 v.
1186 5294 1374 5364 respersu,
1398 5307 1500 5363 superet
1519 5298 1594 5349 ceteri
1716 5315 1739 5348 v.
1758 5297 1775 5347 3
1792 5315 1893 5350 summo
1909 5296 1951 5346 Va

293 5384 386 5435 renitet
398 5383 443 5434 Β(ι
548 5402 572 5436 v.
592 5381 607 5434 'l
625 5386 721 5437 deteret
739 5385 803 5436 ceni.
818 5383 914 5435 Hcrtel
1020 5401 1045 5434 v.
1062 5381 1080 5433 8
1098 5383 1244 5435 condiderel
1256 5382 1282 5433 B

398 5484 465 5554 [cll]
507 5504 531 5537 r.
550 5485 568 5539 ὃ
585 5491 683 5540 resonet
696 5488 721 5538 B
852 5505 877 5538 v.
895 5484 912 5537 6
936 5487 1018 5539 orutui
1041 5486 1146 5553 scripsi,
1167 5487 1245 5537 invite
1266 5485 1380 5536 uidelicet
1403 5495 1482 5537 nsetw
1504 5485 1544 5552 (p.
1565 5491 1609 5549 99,
1628 5490 1666 5551 6),
1687 5503 1731 5537 ora
1754 5485 1793 5536 tui
1816 5486 1887 5539 libri.
1910 5502 1955 5536 ora

293 5574 344 5624 reis
362 5572 483 5634 Scdmkl,
500 5590 544 5624 ora
562 5575 618 5625 suis
630 5574 727 5625 Παντεῖ
831 5590 856 5623 v.
876 5570 890 5624 l
909 5569 992 5639 utero]
1011 5580 1041 5624 ut
1058 5588 1119 5645 ergo
1132 5570 1157 5620 B
1261 5587 1285 5620 v.
1306 5567 1340 5620 10
1356 5579 1428 5637 geret
1441 5571 1466 5621 B

1696 5679 1748 5733 16·
