4500 6232
291 275 351 336 tos
958 264 1059 318 11111
1078 262 1211 330 (cresc.
1229 261 1265 331 a).

291 442 485 511 iniunxeris,
511 442 599 504 iuvat
616 460 712 501 omno
727 437 811 521 qued
835 437 1010 522 praecipis.
1056 435 1270 498 aestimamus
1294 433 1379 496 enim
1403 430 1594 517 conpendiis
1610 434 1730 497 nostris
1746 432 1833 499 adici
1849 434 1941 516 illud,

218 555 276 614 189
289 542 371 626 quod
408 544 476 626 ipse
509 540 724 626 decerpseris.
768 540 848 604 nihil
883 545 918 603 tu
953 540 1043 623 quasi
1083 560 1125 602 ex
1159 537 1321 601 accidenti
1354 537 1557 622 depreceris,
1591 537 1646 621 qui
1676 538 1780 603 habes
1802 560 1824 603 a
1847 540 1941 605 nobis

288 647 428 729 plurima
464 665 548 729 quae
587 666 750 730 reposcas.
797 643 878 707 duas
918 649 1026 705 tamen
1066 641 1250 725 praesentis
1290 639 1476 702 indictionis
1514 638 1635 703 fiscalis
1676 642 1792 707 calculi
1828 651 1940 728 partes

289 748 457 823 «aeternus,
496 748 624 811 tertiam
653 744 878 810 tantummodo
910 745 1107 830 suscepturi,
1139 764 1181 807 ne
1215 750 1271 807 aut
1306 743 1424 806 aerarii
1459 744 1562 807 nostri
1596 747 1749 829 angustia
1783 745 1942 812 Romanis

288 853 393 936 pariat
424 852 546 914 maiora
575 850 747 935 dispendia
774 856 831 913 aut
860 848 1053 934 supplicatio
1085 856 1141 910 tua
1174 851 1349 932 expectata
1375 847 1499 930 patriae
1530 846 1651 930 gaudia
1680 869 1744 912 non
1771 848 1939 935 reportet'
2002 869 2013 903 ·'·

288 954 398 1017 taliter
419 953 567 1038 praefato
592 954 661 1033 regi
687 954 755 1036 egit
778 952 900 1035 gratias
924 971 1070 1015 summus
1093 950 1243 1025 antistes,
1267 971 1287 1012 a
1310 969 1373 1034 quo
1397 948 1604 1013 valedicens
1627 950 1801 1016 abscessit.

218 1068 277 1127 1911
399 1057 476 1120 llcu
499 1056 592 1119 dolor
615 1064 712 1139 atque
736 1056 895 1140 gemitus!
927 1054 1078 1118 omnibus
1105 1052 1196 1136 quasi
1221 1053 1369 1137 supremi
1388 1052 1487 1115 officii
1511 1053 1564 1116 val
1586 1054 1720 1118 ultimae
1743 1055 1941 1121 visitationis

288 1159 395 1224 studio
436 1161 566 1245 inpiger
602 1160 804 1223 occurrebat.
855 1164 889 1221 ot
928 1178 1001 1220 cum
1036 1156 1152 1220 domus
1191 1155 1294 1242 ipsius
1331 1155 1536 1220 Christianae
1575 1156 1791 1222 multitudinis
1827 1160 1942 1225 turbas

287 1270 465 1342 evomeret,
489 1262 558 1346 ipsc
582 1269 693 1326 tarucn
718 1261 859 1323 omnium
884 1261 1067 1345 penetralia
1089 1259 1212 1323 adibat.
1246 1260 1371 1323 nullum
1395 1258 1557 1324 humanae
1580 1262 1701 1325 mentis
1723 1262 1941 1329 crassitudine

287 1365 479 1430 hebetatum
515 1365 672 1450 tangebat
709 1374 775 1428 tam
809 1364 940 1428 funesta
974 1363 1134 1449 suspicio,
1168 1362 1254 1447 quod
1284 1363 1419 1426 instaret
1451 1363 1606 1426 transitus
1635 1364 1722 1442 cius,
1755 1386 1853 1449 quem
1884 1366 1940 1430 ille
1993 1384 2016 1419 ¹⁰

216 1478 271 1537 191
290 1469 424 1554 spiritus
453 1467 654 1533 revelatione
683 1467 849 1532 semebat.
895 1465 1050 1551 ninguido
1080 1486 1157 1530 aere
1187 1473 1221 1529 et
1249 1466 1337 1550 quali
1366 1467 1473 1530 solent
1503 1465 1652 1530 homines
1680 1466 1723 1531 ad
1749 1475 1840 1534 tecta
1862 1490 1940 1534 con·
1954 1489 1975 1532 1-
1986 1482 2022 1523 ⁴1³

290 1573 404 1657 fugere
427 1571 618 1636 Ravennam
642 1593 794 1656 egressus
819 1578 869 1635 cst
892 1577 925 1635 et
947 1591 1007 1655 per
1029 1590 1142 1633 omnes
1166 1570 1328 1633 Aemiliae
1358 1569 1508 1633 civitates
1537 1569 1625 1634 celer
1647 1570 1745 1649 veuit,
1773 1579 1939 1657 tamquam

288 1675 331 1739 ad
352 1675 517 1760 sepulchri
540 1675 781 1759 receptaculum
806 1694 1003 1759 properans:
1028 1673 1177 1737 omnibus
1202 1672 1428 1736 sacerdotibus
1451 1672 1483 1735 in
1499 1672 1618 1737 itinere
1634 1674 1751 1758 positis
1768 1676 1941 1739 munificus

289 1778 469 1842 communis
492 1776 645 1841 adfabilis
673 1784 707 1840 et
734 1777 827 1861 quasi
857 1776 1042 1860 exagellam
1073 1775 1260 1860 relinquens
1291 1798 1326 1839 se
1357 1776 1428 1860 ipso
1457 1776 1685 1862 praestantior.
1730 1784 1766 1840 ut
1788 1776 1941 1842 Parmam

288 1886 398 1945 tamen
428 1880 577 1945 eiusdem
609 1881 683 1944 viae
714 1880 881 1963 ingressus
912 1886 963 1943 ost
993 1880 1175 1952 civitatem,
1210 1879 1362 1942 continuo
1396 1900 1470 1942 eum
1503 1879 1694 1965 coagulatus
1725 1880 1757 1942 in
1786 1880 1942 1946 vitalibus
1993 1899 2015 1935 ¹³

288 2004 382 2048 umor
411 1983 539 2063 infudit,
568 2003 664 2066 quem
694 1982 879 2046 catarrhum
908 1980 1026 2045 medici
1050 1990 1183 2059 vocant,
1211 1983 1266 2065 qui
1296 2004 1330 2046 sc
1359 1981 1546 2046 medullitus
1576 1983 1725 2048 inserens
1753 1983 1786 2046 in
1814 1984 1942 2048 ruinam

218 2095 279 2154 192
292 2086 457 2172 publicam
481 2087 662 2151 saeviebat.
707 2086 766 2150 sed
789 2086 864 2171 quid
896 2084 1061 2165 formidas,
1092 2086 1217 2149 oratio?
1252 2086 1328 2169 quid
1356 2086 1445 2150 velut
1471 2085 1658 2169 navifragos
1691 2086 1846 2172 scopulos
1868 2109 1945 2174 per·

290 2190 477 2254 horrescis?
504 2190 586 2254 velis
603 2189 701 2253 nolis:
727 2189 818 2252 cuius
835 2190 901 2253 vita
925 2190 986 2252 etsi
1011 2189 1150 2253 strictim
1173 2188 1260 2252 dicta
1282 2195 1343 2270 est,
1365 2188 1547 2254 narrandus
1571 2195 1621 2253 est
1643 2189 1763 2265 obitus,
1787 2193 1942 2275 quonism

289 2296 380 2359 nulla
402 2294 613 2381 protensione
636 2294 750 2373 libelli,
775 2295 871 2358 nullis
894 2292 1104 2357 dilationibus
1128 2293 1354 2377 promulgatae
1380 2290 1485 2356 laudis
1510 2291 1666 2356 transitus
1693 2292 1796 2378 ipsius
1821 2295 1945 2379 poterit

290 2399 458 2462 occultari.
511 2404 544 2462 et
581 2396 730 2482 quamvis
768 2396 859 2459 volut
897 2396 1047 2482 Scyllcos
1085 2417 1183 2460 canes
1219 2402 1253 2460 et
1288 2397 1418 2482 patulas
1459 2394 1620 2481 Oarybdis
1658 2396 1771 2462 fauces
1810 2398 1944 2483 fragoso
1993 2414 2018 2451 w

289 2501 476 2565 discrimina
500 2520 664 2564 murmure
688 2499 877 2563 minitantes
901 2499 1069 2563 velificans
1092 2499 1203 2563 carina
1232 2498 1390 2584 diffugiat,
1420 2499 1529 2564 obitus
1554 2499 1624 2564 eius
1648 2500 1856 2585 naufragium
1878 2522 1944 2566 non

290 2605 419 2668 omittit.
465 2603 542 2688 quid
565 2603 662 2667 fletus
695 2623 828 2666 narrare
859 2608 980 2673 metuo,
1014 2622 1096 2685 quos
1125 2603 1279 2666 continua
1308 2623 1440 2688 semper
1472 2623 1609 2667 necesse
1640 2610 1692 2667 est
1719 2610 1755 2667 ut
1783 2610 1945 2670 monstret-

217 2712 276 2774 193
291 2708 432 2772 effusio?
468 2728 547 2792 ergo
579 2707 654 2770 dum
683 2728 718 2771 se
752 2705 872 2791 oppido
903 2705 1068 2769 Ticinensi
1096 2726 1181 2768 nunc
1211 2706 1330 2769 misero
1362 2705 1608 2791 propinquavit,
1643 2707 1736 2791 quasi
1767 2708 1879 2772 alacer
1910 2718 1944 2773 et

287 2830 386 2874 sanus
411 2811 573 2896 apparuit.
618 2807 705 2895 quod
736 2809 813 2872 licet
843 2829 916 2871 cum
945 2808 1088 2871 omnium
1118 2808 1374 2872 exultationibus
1401 2807 1443 2872 cb
1471 2807 1610 2872 reditum
1640 2829 1734 2873 suum
1763 2811 1943 2883 introisset,

288 2913 364 2977 ilico
389 2912 510 2997 gaudia
533 2912 631 2976 vertit
655 2912 686 2974 in
711 2912 874 2990 lacrimas,
904 2932 1038 2996 aegrum
1062 2932 1097 2976 se
1122 2932 1196 2975 esse
1220 2911 1273 2975 die
1297 2912 1368 2997 ipsa
1392 2911 1591 2995 significans,
1620 2914 1725 2978 altera
1745 2914 1943 2998 graviorem.
1993 2926 2017 2964 ²³

288 3021 322 3079 et
345 3035 418 3078 cum
440 3013 595 3098 grandior
618 3035 676 3100 per
699 3012 770 3077 dies
795 3013 941 3098 singulos
965 3020 1139 3098 appareret
1163 3014 1345 3089 infirmitas,
1368 3014 1547 3080 adiuta'est
1561 3016 1716 3102 inperitia
1730 3017 1942 3083 medicorum.

292 3116 425 3180 stabant
447 3117 661 3181 mussitantes
690 3122 723 3180 et
751 3114 888 3179 adtoniti
917 3116 1041 3201 populi,
1071 3137 1182 3179 casum
1211 3117 1244 3180 in
1272 3138 1336 3180 uno
1365 3117 1496 3181 homine
1525 3120 1623 3182 totius
1651 3120 1840 3204 provinciae
1865 3129 2026 3186 con-rw

290 3219 473 3286 siderantcs
496 3227 529 3285 et
550 3221 646 3284 funus
668 3219 779 3283 mundi
795 3227 989 3284 metuentes.
1025 3220 1164 3306 septimo
1189 3228 1298 3285 tamen
1322 3219 1375 3285 die
1398 3220 1601 3307 inopinatum
1624 3223 1743 3295 seclus,
1768 3223 1943 3288 ineffabilis

215 3331 275 3393 194
289 3325 470 3405 calamitas,
494 3322 734 3410 inexplicabilis
756 3323 863 3386 luctus
885 3324 1034 3389 accessit.
1072 3324 1129 3387 sed
1147 3346 1218 3388 cunr
1236 3324 1444 3390 beatissimus
1468 3333 1619 3390 comeret
1640 3326 1790 3411 pontifex
1814 3329 1944 3392 sarcina

288 3428 394 3491 carnis
410 3427 541 3491 abiecta
557 3425 715 3490 maturius
732 3436 767 3490 se
785 3425 825 3490 ad
845 3448 959 3512 purum
980 3426 1123 3491 aetheris
1140 3427 1271 3491 evolare
1287 3427 1458 3512 fulgorem,
1473 3429 1566 3493 cuius
1582 3449 1647 3492 vox
1666 3450 1795 3517 semper
1810 3432 1868 3496 illa
1883 3432 1944 3496 fuit

133 3544 191 3587 1111.
209 3551 228 3595 r.
242 3550 275 3589 11.
290 3529 379 3593 ‘mihi
401 3531 510 3594 vivere
525 3529 674 3594 Christus
692 3538 743 3594 est
759 3536 792 3594 et
805 3531 885 3593 mori
897 3527 1043 3601 lucrum',
1062 3531 1149 3593 laeto
1162 3530 1269 3593 animo
1282 3550 1319 3593 ac
1334 3530 1424 3594 vultu
1436 3552 1551 3595 sereno
1565 3532 1639 3595 illos
1653 3533 1830 3598 versiculos
1841 3533 1941 3599 Davi-

134 3649 213 3692 111111.
221 3655 280 3703 ssa.
292 3635 373 3698 ticos
387 3635 519 3721 saepius
533 3635 719 3720 repetebat:
745 3634 995 3698 ‘misericordias
1008 3642 1092 3713 tuas,
1115 3633 1254 3701 domine.
1277 3635 1310 3697 in
1323 3640 1492 3698 aeternum
1506 3635 1659 3701 cantabo:
1684 3636 1715 3700 iu
1727 3638 1943 3721 generatione

132 3753 278 3808 11111111.
291 3742 324 3800 et
347 3738 505 3824 progenie
530 3737 730 3800 adnuntiabe
755 3737 927 3800 veritatem
952 3745 1040 3800 tuam
1063 3737 1094 3799 in
1119 3758 1174 3800 ore
1198 3735 1294 3800 meo'.
1319 3745 1352 3801 ct
1374 3737 1467 3800 illud:
1492 3737 1535 3800 ‘in
1554 3759 1670 3802 manus
1690 3744 1776 3816 tuas,
1798 3740 1941 3811 domine.

216 3845 276 3907 195
290 3840 482 3905 commendo
507 3840 657 3925 spiritum
681 3838 810 3904 meum?
857 3861 917 3903 nec
942 3861 1004 3903 non
1028 3838 1192 3904 adiciebat
1221 3839 1261 3904 de
1289 3841 1493 3924 perfectione
1522 3861 1670 3904 securus:
1702 3842 1941 3908 ‘confirmatum

143 3961 248 4015 111111,
261 3948 342 4008 aest
365 3964 419 4007 eor
441 3963 549 4007 meum
573 3943 606 4006 in
630 3943 761 4006 domino
785 3950 818 4006 ct
842 3943 1023 4006 exrsltatum
1048 3951 1098 4006 cst
1120 3964 1220 4007 cornu
1240 3964 1348 4007 meum
1366 3944 1398 4007 in
1415 3942 1477 4007 deo
1495 3945 1628 4008 salutari
1645 3944 1740 4023 meo',
1762 3953 1798 4011 ut
1815 3947 1943 4033 hymnis
2007 3956 2014 3974 ¹

289 4052 323 4109 et
345 4046 481 4109 canticis
506 4051 539 4109 ct
562 4047 594 4108 in
617 4054 721 4109 morte
746 4068 902 4110 resonans
926 4044 965 4108 ad
990 4045 1101 4110 sedem
1126 4067 1217 4110 suam
1243 4047 1394 4110 caelestis
1416 4047 1525 4110 anima
1547 4055 1719 4117 remearet.
1744 4070 1828 4134 quae
1849 4051 1943 4135 quin·

289 4150 516 4233 quagesimnm
547 4158 696 4214 octavum
726 4151 845 4215 aetatis
876 4170 995 4214 annum
1027 4150 1120 4213 duxit
1149 4150 1188 4212 ad
1218 4151 1393 4221 tumulum,
1424 4150 1556 4235 triginta
1584 4152 1616 4214 in
1647 4151 1708 4216 hac
1736 4152 1944 4219 sacerdotali.

291 4253 422 4336 qualem
447 4252 510 4316 etsi
535 4253 715 4338 excerptim
739 4252 843 4315 lector
865 4252 1016 4316 adtendis
1041 4254 1210 4338 scalptam,
1234 4253 1483 4318 conversatione
1508 4254 1641 4320 exemit.

219 4359 277 4420 196
398 4353 485 4418 Illud
509 4377 647 4439 namque
670 4355 800 4419 silentio
832 4356 1011 4441 praeterire
1044 4376 1108 4418 non
1136 4355 1251 4427 debeo,
1281 4355 1363 4439 quod
1392 4357 1462 4420 cius
1491 4363 1625 4421 sanctae
1653 4358 1812 4443 reliquiae
1838 4379 1943 4445 usque

288 4456 433 4522 indiam
465 4458 607 4537 tertium,
637 4478 701 4542 quo
729 4478 800 4520 cum
834 4480 958 4522 summa
992 4459 1205 4524 veneratione
1235 4457 1423 4523 reconditae
1453 4459 1675 4541 dinoscuntur,
1703 4466 1795 4525 tauto
1822 4461 1944 4528 lumine

291 4641 507 4648 ————m-
527 4642 583 4649 —--
596 4642 699 4649 --οη

394 4785 407 4835 1
427 4786 621 4838 iniuncxerisB
682 4787 796 4853 presepia
808 4786 833 4834 Β
894 4787 958 4837 illud
970 4804 1017 4837 om.
1033 4786 1111 4838 Siras.
1212 4789 1377 4842 ‘Zaceodeuti
1390 4791 1415 4841 Β
1514 4788 1663 4843 dcadinrus
1676 4789 1763 4841 Schott
1819 4790 1945 4844 errariiB

289 4870 305 4923 ti
323 4873 424 4924 antistis
441 4873 466 4922 B
606 4870 621 4921 7
639 4874 783 4940 suppraemi
795 4872 820 4922 B
959 4871 976 4919 ll
994 4876 1138 4926 multituuis
1151 4876 1176 4925 Β
1314 4875 1331 4925 9
1350 4877 1515 4944 perretrabilia
1531 4875 1576 4926 Vt
1714 4873 1748 4926 10
1765 4877 1907 4928 habitatum
1919 4876 1944 4926 Β

291 4956 320 5008 11
340 4958 597 5025 11111111111101111171111
684 4959 818 5025 ininguido
835 4958 874 5007 Va
1015 4958 1046 5009 13
1064 4963 1207 5013 munetlcus
1220 4963 1244 5012 Β
1384 4961 1415 5013 14
1433 4963 1542 5014 affabilis
1559 4962 1583 5011 Β
1668 4963 1821 5029 exagelliam
1834 4962 1867 5025 Β,
1884 4978 1944 5015 exa·

245 5076 248 5081 -
288 5044 395 5110 gellium
408 5045 477 5095 Bell.
611 5043 642 5095 15
660 5042 727 5108 euml
746 5054 831 5095 autem
845 5042 878 5106 Β,
895 5044 944 5094 def.
963 5053 986 5095 et
1004 5061 1064 5095 oum
1079 5062 1204 5112 arpersrr.
1222 5054 1320 5099 11111112
1399 5049 1547 5115 coagulatus
1559 5047 1584 5096 B
1715 5044 1749 5099 16
1765 5048 1899 5100 cntharum
1912 5048 1945 5111 Β,

288 5131 434 5182 catharrum
452 5131 527 5181 ceteri
667 5128 697 5179 17
717 5131 832 5181 seuiebat
849 5130 882 5193 Β,
904 5131 1032 5182 seruiebat
1045 5132 1123 5184 Sirra.
1224 5136 1301 5186 uelud
1315 5134 1339 5184 Β
1436 5151 1504 5185 naue
1522 5136 1609 5200 fragos
1621 5132 1654 5197 Β,
1671 5134 1748 5185 nauis
1767 5136 1853 5201 fragos
1870 5134 1945 5197 l'LC,

288 5218 362 5268 uauis
380 5219 495 5283 fragosos
512 5216 540 5279 Τ,
564 5224 642 5267 rrarrta
661 5217 809 5281 nauisragou
822 5215 918 5265 Her-tel
1043 5214 1140 5269 1811111
1158 5221 1264 5271 strictim
1283 5221 1357 5272 cuius
1375 5221 1430 5271 nitu
1446 5220 1541 5270 VLTC'
1660 5217 1692 5269 19
1709 5216 1798 5286 nullis]
1818 5221 1908 5272 nullus
1920 5220 1945 5270 Β

287 5302 479 5354 dilatationibus
506 5302 584 5353 Sirra.
744 5300 779 5352 ‘20
808 5302 930 5367 squilleos
952 5302 977 5351 B
1102 5308 1203 5372 fragosa
1230 5306 1309 5359 Sirra.
1465 5305 1500 5358 22
1526 5316 1556 5358 ut
1582 5307 1743 5358 lacrimarum
1775 5316 1901 5360 monstrat
1925 5306 1949 5359 f'

288 5385 323 5438 24
340 5390 454 5439 omnium
468 5389 504 5453 Β,
530 5388 736 5439 omnibusceteri
852 5385 887 5437 25
905 5388 959 5454 ipsa
974 5389 1015 5441 die
1028 5388 1107 5441 Siras.
1225 5390 1258 5443 27
1277 5394 1426 5444 musitantes
1442 5392 1467 5441 V
1534 5393 1636 5445 attoniti
1652 5391 1676 5440 V
1788 5390 1895 5477 aspra(
1919 5392 1945 5443 B

288 5470 323 5522 ⁴29
341 5474 442 5524 sareias
460 5474 483 5538 (r
501 5491 532 5524 ere
548 5490 563 5525 e
580 5472 659 5539 corr.)
673 5473 697 5522 Β
818 5471 853 5523 30
870 5473 914 5523 sed
932 5474 965 5523 ad
977 5472 1018 5524 Β1
1097 5476 1141 5527 illa
1158 5494 1258 5544 semper
1277 5478 1354 5528 Se'rm.
1476 5475 1511 5528 32
1533 5479 1559 5530 in
1581 5478 1747 5545 gerrerationo
1763 5487 1789 5530 ot
1808 5479 1945 5547 pergenita

288 5560 451 5612 adnunciabo
469 5562 552 5626 mqqu.
572 5562 637 5611 later
655 5561 737 5610 lineos
749 5558 794 5609 132
897 5556 932 5608 38
949 5560 1060 5611 attendis
1075 5561 1100 5610 l'
