4500 6232
996 281 1098 335 XXXV
1118 281 1239 343 (EPIST.
1259 283 1283 337 2.
1302 282 1338 347 2),
1358 281 1475 335 XXXVI
1493 281 1616 347 (EPIST.
1634 283 1659 339 2.
1677 284 1714 349 3).

1161 571 1296 639 XXXV
1321 572 1429 657 (salsa.
1454 576 1483 650 2,
1508 573 1552 658 2).

1084 767 1320 842 ENNODIVS
1348 767 1619 842 SPECIOSAE.

497 935 508 993 ¹
649 916 832 1012 Silentium
855 970 963 1013 meum
988 948 1079 1011 dolor
1102 947 1214 1031 exigit,
1239 946 1293 1030 qui
1317 967 1434 1031 passus
1459 953 1508 1009 est
1531 967 1691 1025 creseere,
1716 945 1792 1010 dum
1815 945 1856 1010 de
1881 946 2026 1012 vindicta
2049 947 2183 1032 cogitat,

527 1051 701 1137 dispendia
724 1052 879 1116 caritatis.
926 1051 1000 1136 quid
1025 1053 1111 1115 enim
1134 1052 1207 1115 fieri
1230 1053 1345 1137 potnit,
1374 1052 1438 1114 nisi
1461 1058 1497 1114 ut
1525 1051 1664 1138 tacende
1693 1052 1798 1116 vicem
1822 1053 2030 1117 restituerem
2054 1052 2183 1119 litteras

526 1155 713 1241 deneganti,
737 1164 773 1220 ut
797 1163 1003 1241 contemptus
1028 1157 1115 1218 eirea
1139 1176 1201 1238 me,
1225 1156 1279 1238 qui
1303 1176 1361 1239 per
1385 1155 1617 1219 abstinentiam
1641 1155 1819 1221 venerandi
1843 1156 2004 1221 sermonis
2028 1156 2182 1235 innotuit,

527 1259 602 1324 dum
627 1261 775 1325 subduco
808 1261 987 1343 conloquia,
1019 1261 1089 1344 pari
1122 1280 1275 1323 mucrene
1306 1259 1478 1323 feriretur?
1516 1259 1607 1322 dieas
1630 1258 1783 1334 forsitan,
1810 1258 1986 1325 vindictam
2015 1260 2183 1325 inimicam

527 1384 602 1427 esse
627 1364 805 1448 preposite.
852 1364 909 1427 sed
941 1364 1050 1426 onmia
1080 1370 1189 1427 errata
1215 1363 1259 1425 ita
1291 1370 1431 1447 conputo
1461 1363 1553 1448 quasi
1583 1363 1665 1447 legis
1693 1363 1897 1446 obsequium,
1927 1364 1959 1427 in
1983 1362 2101 1448 quibus
2124 1383 2184 1429 ves

496 1477 604 1537 2esse
629 1467 792 1551 contingit
815 1475 977 1530 auctores.
1023 1466 1238 1551 quisquamne
1262 1467 1392 1552 culpam
1416 1473 1509 1550 pntet
1533 1465 1641 1530 facere
1665 1465 1750 1550 qued
1774 1465 1892 1531 fecisti.
1916 1472 1949 1531 et
1971 1465 2184 1552 plectendum

528 1569 647 1634 iudicio
677 1570 787 1634 divino
819 1576 963 1642 censeat,
996 1569 1082 1653 quod
1106 1591 1124 1631 a
1148 1575 1180 1631 te
1209 1570 1412 1652 processisse
1440 1574 1639 1652 eognoscat?
1678 1590 1783 1653 aeque
1812 1589 1891 1654 erge
1918 1569 2027 1634 animo
2058 1571 2185 1636 sustine

528 1673 613 1757 qued
637 1672 776 1758 deliqui:
802 1672 876 1738 dum
900 1675 932 1736 in
958 1695 995 1737 ea
1021 1693 1055 1736 re
1080 1671 1261 1757 praecedis,
1286 1673 1339 1735 lux
1366 1672 1537 1751 ecelesiae,
1562 1672 1633 1756 ipsa
1656 1672 1799 1737 voluisti.
1837 1691 1900 1757 ege
1917 1693 2012 1737 serve
2029 1673 2184 1749 animum,

527 1796 623 1859 quem
647 1777 792 1860 promisi,
824 1778 914 1841 utin
939 1776 1112 1842 universis.
1141 1776 1169 1838 si
1193 1797 1332 1845 mereor,
1363 1776 1544 1840 aemulator
1572 1775 1730 1851 existam3
1762 1775 1854 1839 euius
1883 1776 1932 1841 rei
1963 1774 2072 1858 fidem,
2105 1776 2183 1842 dum

497 1879 714 1949 3tacentibus
752 1880 845 1943 vobis
884 1887 978 1943 taceo
1014 1887 1046 1941 et
1087 1879 1172 1964 quod
1210 1879 1417 1963 loquentibus
1451 1879 1575 1963 loquer.
1615 1877 1753 1942 ostendi.
1807 1878 1847 1942 ad
1882 1879 2069 1965 scriptionis
2105 1901 2185 1967 erge

529 1981 681 2063 efficium,
705 1991 877 2069 postquem
901 1983 1010 2046 iussus
1034 2004 1116 2050 sum,
1142 2004 1193 2047 me
1216 1983 1343 2061 reduxi,
1376 1984 1431 2067 qui
1460 1983 1619 2047 hactenus
1650 1983 1736 2047 intra
1763 1981 1983 2047 verecundum
2012 1984 2185 2068 penetrale

529 2105 612 2168 quae
637 2107 702 2150 nen
727 2087 922 2151 amabantur
945 2086 1046 2151 verba
1069 2087 1225 2154 continui,
1258 2087 1358 2150 simili
1387 2087 1418 2149 in
1449 2085 1576 2171 paginis
1606 2086 1769 2170 pariturus
1798 2085 1967 2171 obsequie.
2012 2088 2115 2168 salve,
2141 2087 2186 2151 mi

529 2189 667 2269 domina,
690 2191 798 2256 bonae
825 2190 982 2278 splendor
1005 2191 1076 2254 sine
1100 2190 1185 2253 nube
1205 2191 1437 2263 conscientiae,
1461 2197 1494 2253 et
1516 2189 1557 2252 ad
1573 2189 1761 2274 exemplum
1778 2195 1911 2254 sanctae
1928 2190 2186 2256 conversationis

530 2293 561 2357 in
585 2294 717 2379 lengum
749 2294 931 2380 producere
961 2302 993 2359 et
1020 2294 1094 2368 mei,
1124 2294 1151 2357 si
1178 2316 1317 2371 mercer,
1347 2295 1534 2359 meminisse
1566 2292 1712 2377 dignare,
1746 2293 1917 2377 epistulari
1945 2292 2026 2358 dans
2053 2294 2185 2359 veniam

529 2397 691 2479 brevitati,
716 2419 813 2483 quam
837 2399 870 2463 in
894 2405 1068 2483 angustum
1093 2399 1212 2462 artavit
1235 2399 1401 2464 festinatio
1425 2397 1600 2482 portitoris.

1152 2722 1309 2791 XXXVI
1334 2724 1442 2809 (crisa.
1466 2728 1496 2805 2,
1521 2728 1562 2803 3).

1091 2920 1328 2994 ENNODIVS
1356 2919 1627 2994 SPECIOSAE.

502 3087 513 3143 ¹
643 3063 787 3175 Quanto
811 3096 1036 3181 deprimuntur
1058 3103 1251 3182 peccateres
1277 3116 1407 3159 suerum
1432 3096 1521 3159 fasee
1546 3096 1715 3175 factorum,
1739 3094 1857 3180 quibus
1878 3096 1919 3159 ab
1943 3095 2046 3160 oculis
2063 3096 2188 3161 tollitur

530 3197 687 3282 quidquid
718 3200 863 3281 effertur,
894 3208 927 3266 et
950 3223 991 3265 nc
1015 3203 1045 3264 in
1078 3201 1276 3264 oblivionem
1306 3199 1467 3263 desideria
1496 3200 1675 3267 mittantur.
1712 3200 1854 3264 vicinum
1885 3200 1921 3263 fit
1952 3220 2012 3264 nec
2042 3199 2187 3284 contingi

529 3301 608 3366 licet
632 3324 726 3367 omne
751 3303 837 3388 qued
861 3305 1009 3389 cupiunt!
1044 3303 1085 3368 ad
1109 3303 1317 3367 'ficinensem
1348 3303 1464 3367 urbem
1489 3304 1631 3366 votivam
1660 3323 1870 3388 susceperam
1899 3303 2131 3368 necessitatem
2154 3310 2189 3368 et
2243 3331 2250 3360 ι

530 3407 658 3471 molesti
682 3408 807 3471 itineris
831 3408 986 3472 universa
1010 3409 1214 3481 transieram,
1247 3408 1440 3471 existimans
1465 3407 1525 3470 hoc
1550 3406 1755 3471 sacerdotem
1780 3405 1914 3470 eredere
1946 3406 2013 3470 suis
2040 3406 2187 3493 imperiis

530 3509 674 3594 inpendi,
698 3511 784 3594 qued
808 3532 881 3575 mee
905 3511 1067 3575 militabat
1091 3510 1233 3577 affectui.
1257 3532 1329 3574 cum
1354 3511 1462 3575 subite
1493 3512 1579 3575 circa
1606 3518 1711 3575 metas
1742 3517 1891 3575 veterum
1922 3531 2047 3575 summe
2074 3509 2188 3576 labere

499 3614 652 3699 2petitus
675 3614 738 3677 iam
762 3613 803 3679 de
828 3637 906 3680 arca
928 3615 1054 3679 fruetus
1078 3615 1202 3697 effugit.
1248 3636 1305 3699 pre
1327 3613 1429 3695 dolor,
1458 3616 1511 3699 qui
1541 3635 1593 3678 me
1622 3613 1662 3678 de
1691 3613 1860 3699 epistolari
1889 3614 2032 3699 alloquio
2055 3611 2098 3678 ad
2119 3619 2188 3678 tra-

530 3718 683 3803 goediam
707 3724 820 3782 vocas!
851 3740 961 3783 muros
984 3717 1194 3783 venerandae
1219 3724 1293 3802 pest
1316 3718 1482 3802 religionis
1506 3717 1579 3781 loca
1601 3725 1736 3804 propter
1759 3724 1792 3783 te
1817 3718 1959 3783 civitatis
1982 3737 2189 3804 aspexeram,

528 3821 593 3885 iam
617 3822 702 3907 grati
725 3823 882 3909 parabam
898 3823 1000 3888 verba
1023 3822 1187 3907 conloquii
1204 3858 1245 3867 —
1261 3843 1376 3886 vereor
1398 3820 1506 3886 dicere
1530 3820 1616 3907 quod
1641 3821 1808 3899 remansit,
1833 3841 1874 3886 ne
1898 3820 2060 3907 loquendo
2084 3840 2186 3907 cogar

531 3924 639 3989 denuo
675 3925 838 3991 sustinere
872 3933 1049 3991 transacta.
1103 3926 1273 3989 inlustrem
1305 3925 1408 3989 virum
1437 3923 1556 4004 Erdui,
1589 3945 1687 4009 quem
1718 3946 1770 3989 me
1802 3930 1852 4005 tu,
1886 3923 2048 3989 ecclesiae
2077 3923 2189 4005 decus,

498 4028 719 4098 3desiderarc
753 4029 889 4109 feceras,
929 4029 1112 4115 inprovisus
1145 4028 1247 4093 oculis
1284 4049 1379 4093 casus
1413 4029 1561 4113 ingessit.
1613 4028 1659 4092 ibi
1695 4028 1832 4093 comites
1866 4028 1932 4092 mei
1965 4027 2076 4094 videre
2112 4026 2190 4113 quid

531 4138 688 4218 peterem,
713 4131 760 4194 ibi
783 4133 881 4196 animi
903 4133 969 4197 mei
993 4142 1104 4197 aestus
1128 4131 1279 4205 innotuit,
1312 4153 1409 4216 quem
1433 4140 1509 4197 ante
1538 4132 1598 4195 sub
1629 4131 1819 4217 praedictae
1850 4131 2045 4197 claudebam
2071 4131 2190 4197 umbra

532 4256 705 4321 personac.
750 4236 874 4299 nescivi
905 4236 1070 4300 occultare
1106 4256 1165 4320 per
1196 4236 1341 4300 caritatis
1377 4242 1539 4301 tormenta
1573 4235 1661 4321 quod
1693 4236 1782 4300 volui
1813 4257 1874 4301 nec
1908 4236 1990 4301 fucis
2025 4235 2188 4321 aliquibus

532 4338 677 4403 celerare
717 4340 962 4406 censcientiam.
1007 4347 1209 4404 maerentem
1248 4362 1300 4404 me
1335 4339 1376 4403 ad
1411 4341 1541 4405 demum
1575 4340 1716 4419 reduxit,
1752 4339 1806 4424 qui
1840 4339 2027 4425 prolixioris
2061 4340 2188 4405 itineris
2248 4370 2250 4375 ⁴

498 4448 648 4506 lcausas
671 4440 798 4506 incidit.
843 4443 1046 4527 fatigationis
1069 4464 1180 4523 meac,
1209 4444 1326 4523 fateor,
1357 4444 1540 4529 conpendia
1563 4466 1628 4508 nen
1650 4444 1767 4511 amavi.
1813 4464 1890 4509 eece
1915 4443 2189 4509 contestationem

530 4543 723 4628 diligentiae
747 4566 841 4610 meae
865 4552 897 4609 et
919 4547 1039 4611 mentis
1064 4546 1204 4610 adserui.
1251 4554 1393 4612 vestrum
1417 4554 1476 4621 est,
1505 4548 1533 4611 si
1562 4568 1640 4612 vera
1668 4547 1816 4619 dixerim,
1844 4568 1902 4611 ves
1930 4549 2133 4633 interrogare
2157 4553 2190 4611 et

528 4648 674 4711 animum
714 4668 823 4712 meum
860 4649 1042 4714 affectionis
1076 4658 1204 4714 vestrae
1238 4652 1466 4716 aestimatione
1503 4673 1713 4736 cognoscere.
1759 4651 1889 4716 demina
1924 4652 1977 4733 mi,
2015 4653 2122 4716 salute
2156 4656 2190 4715 et

527 4749 700 4837 deprecer,
724 4759 761 4816 ut
784 4752 889 4817 libens
912 4774 971 4838 per
994 4755 1217 4841 praesentium
1240 4756 1432 4839 portitorem
1456 4755 1662 4841 suggerenda
1686 4776 1875 4840 cognoscas.

636 5063 756 5133 [XXXV]
799 5063 920 5133 ‘dexeglt
937 5066 1027 5116 ocelim
1152 5065 1296 5121 lancearis
1309 5066 1336 5119 Β
1458 5065 1663 5135 8cegnescatur
1677 5063 1735 5119 OPb
1858 5065 1923 5119 9aa
1940 5067 1967 5118 in
1986 5067 2041 5120 rab
2128 5064 2189 5133 ogo]

529 5169 589 5218 ergo
608 5151 700 5202 tw
783 5151 813 5202 ll
832 5153 930 5204 ostendi
949 5153 1049 5219 scripsi,
1067 5155 1177 5205 ostendit
1189 5156 1248 5206 libri
1339 5151 1485 5219 iniussus]
1506 5153 1656 5206 uisuspz‘o
1744 5152 1776 5203 lli
1794 5155 1881 5204 inere.
1899 5152 1944 5202 VJ.
1996 5157 2133 5218 angustam
2145 5146 2191 5201 B¹

637 5253 768 5321 [xxxvl]
808 5256 840 5307 18
857 5254 1081 5324 depremunurrB
1143 5257 1286 5311 tolleturB
1384 5257 1557 5325 requieque
1578 5259 1600 5307 V
1692 5252 1849 5322 centigiB⁰
1944 5253 1981 5306 20
1997 5249 2193 5322 susciperemB

531 5337 561 5389 21
585 5343 699 5393 uniuersi
717 5339 846 5393 V¹LOPc
921 5340 1080 5408 existimaus]
1100 5346 1235 5396 aestimans
1253 5346 1340 5396 ieelim
1360 5362 1416 5395 caran
1435 5344 1514 5396 sim.
1591 5344 1749 5395 sacerdotum
1763 5340 1811 5393 B⁰
1927 5338 1963 5391 '22
1979 5339 2057 5409 eirea]
2076 5342 2192 5395 eeulnb

530 5422 565 5475 23
584 5426 748 5493 tragoediam]
767 5430 919 5495 traqnidiarn
940 5427 967 5480 Β
1086 5427 1120 5480 uu
1137 5432 1208 5481 onlni
1227 5432 1336 5491 codices,
1355 5432 1449 5481 llrduic
1469 5430 1547 5482 Sina.
1627 5442 1670 5481 tun
1688 5431 1810 5481 ecclcsiae
1829 5426 1857 5479 Β
1978 5426 2013 5479 28
2031 5430 2081 5480 mei
2098 5446 2147 5481 on.
2167 5426 2195 5479 Β

530 5508 564 5560 30
583 5513 731 5578 prolexioris
746 5513 773 5565 Β
878 5514 908 5565 31
930 5513 1115 5582 conpediall1¹
1226 5515 1259 5564 qq
1279 5514 1321 5580 mi]
1342 5517 1403 5566 milri
1417 5515 1541 5565 ur'ul't
1553 5515 1576 5564 Ρ
