4500 6232
311 290 352 351 82
415 284 530 340 nxxnr
548 283 672 354 (uersu.
684 287 709 350 s,
727 287 764 353 a).
783 284 897 340 nxxw
915 283 1039 353 (uersu.
1051 286 1076 348 a,
1096 284 1251 354 numm
1269 283 1392 351 (nersr.
1410 284 1436 349 a,
1454 285 1491 352 a),
1509 282 1625 339 nxxvr
1642 280 1766 354 (nour.
1783 282 1810 349 a,
1826 283 1865 351 o).

940 540 1103 608 LXXIII
1122 542 1232 629 (sarar.
1250 547 1280 625 3,
1297 542 1341 620 6).

864 737 1102 812 ENNODIVS
1128 736 1419 814 LAVRENTIO.

422 886 574 980 Dandae
606 921 681 978 sunt
710 935 825 978 manus
857 914 978 978 amoris
1009 912 1156 998 imperio.
1208 914 1353 978 vinctum
1383 934 1434 977 me
1471 920 1562 979 tenet
1595 914 1752 995 adfectio,
1787 917 1840 980 cui
1870 916 1971 980 verba

313 1020 468 1091 concessi,
493 1025 529 1082 ut
545 1018 633 1104 quod
649 1017 689 1081 ad
714 1018 803 1082 salve
828 1016 974 1082 debitum
997 1017 1139 1102 pertinet
1162 1039 1227 1082 non
1251 1023 1404 1082 tacerem.
1450 1016 1620 1082 domestici
1644 1018 1818 1103 perlatoris
1843 1020 1971 1083 occasio

312 1124 391 1187 mihi
414 1123 521 1209 perire
545 1143 609 1185 non
633 1121 748 1207 potuit,
773 1121 835 1185 nisi
859 1120 900 1184 ad
924 1120 1114 1205 diligentiae
1138 1120 1502 1208 testimoniumscripta
1518 1122 1784 1188 transmitterem.
1823 1123 1970 1188 salutans

314 1248 393 1313 ergo
425 1226 610 1290 reverentia
642 1223 753 1289 debita
786 1245 912 1310 precor,
947 1230 984 1287 ut
1010 1224 1132 1288 vicario
1166 1246 1218 1290 me
1252 1225 1406 1290 relevetis
1441 1225 1558 1304 affatu,
1594 1224 1670 1310 quia
1703 1226 1856 1312 promitto
1890 1226 1970 1293 mihi
2034 1243 2044 1275 ³·

313 1332 497 1397 litterarum
521 1328 753 1414 prorogatione
777 1348 982 1412 responsum.

949 1616 1099 1684 LXXIV
1122 1623 1230 1701 (aaron.
1247 1623 1277 1700 3,
1295 1620 1339 1703 7).

699 1814 936 1889 ENNODIVS
963 1814 1225 1916 ADEODATO
1253 1814 1583 1891 PRESBYTERO.

426 1962 522 2073 Quis
546 2001 675 2057 vestrae
700 1992 882 2056 allectionis
905 1993 1076 2072 inmemor,
1105 1992 1167 2055 nisi
1192 1993 1247 2076 qui
1271 1998 1322 2055 est
1346 1992 1559 2070 inhumanus,
1589 1993 1730 2057 existat?
1775 1993 1849 2078 quis
1873 1993 1974 2055 totius

253 2080 268 2102 ⁸
317 2099 484 2183 religionis
507 2118 666 2183 personae
691 2095 778 2181 apud
801 2095 898 2160 deum
922 2096 1004 2159 nolit
1028 2095 1150 2160 habore
1175 2095 1388 2179 suffragium?
1429 2117 1489 2181 ego
1506 2097 1660 2176 maxime,
1683 2096 1738 2181 qui
1762 2102 1797 2161 et
1816 2095 1974 2180 gravibus

316 2208 524 2287 peecatorum
555 2201 692 2265 sarcinis
720 2220 850 2284 premor
878 2207 911 2264 ct
935 2207 1077 2264 vestram
1105 2201 1242 2283 gratiam
1273 2198 1415 2285 optinui,
1447 2221 1531 2285 quae
1554 2223 1608 2265 res
1631 2200 1710 2264 mihi
1731 2199 1974 2265 absolutionem

317 2308 479 2389 integram
503 2304 687 2390 pollicetur.
733 2304 880 2367 salutans
904 2325 982 2388 ergo
1007 2310 1203 2368 veneranter
1225 2309 1259 2367 et
1281 2302 1392 2368 debite
1416 2325 1529 2390 spero,
1562 2312 1598 2369 ut
1626 2326 1685 2391 pro
1709 2324 1762 2370 me
1785 2324 1844 2390 per
1865 2305 1976 2368 omnia

318 2417 503 2476 sanctorum
527 2408 601 2471 loca
624 2413 699 2471 vota
721 2407 834 2471 facias.
880 2427 963 2491 quae
987 2412 1184 2471 consecutus
1209 2406 1262 2471 dci
1287 2406 1448 2472 beneficia
1471 2409 1541 2474 sino
1565 2430 1658 2474 mora
1679 2408 1869 2486 dissolvam,
1898 2406 1974 2492 quis

317 2521 509 2601 conpertum
532 2513 610 2578 mihi
635 2521 697 2595 cst,
720 2512 807 2599 quod
830 2514 968 2578 mereris
990 2512 1105 2578 audiri.

965 2803 1094 2870 LXXV
1115 2803 1223 2888 (sursr.
1242 2808 1271 2882 3,
1289 2807 1334 2889 8).

921 2999 1158 3074 ENNODIVS
1186 3001 1377 3076 AVlENO.

292 3153 300 3211 ¹
385 3211 388 3216 ·
441 3147 484 3240 Si
510 3177 634 3239 offensa
657 3183 810 3261 praestat,
836 3182 872 3238 ut
895 3174 1128 3259 magnitudinis
1152 3184 1228 3240 tuac
1251 3178 1371 3263 scripta
1387 3178 1604 3261 geminentur,
1628 3198 1724 3261 quam
1741 3177 1859 3240 vellem
1876 3196 1977 3260 saepe
2042 3222 2046 3229 -

319 3282 375 3344 illa
399 3281 505 3344 sereni
535 3280 679 3365 pectoris
711 3280 757 3342 tui
787 3280 962 3363 tranquilla
993 3278 1137 3343 turbari?
1184 3287 1217 3344 ct
1240 3281 1303 3344 nisi
1327 3280 1558 3344 adversaretur
1580 3281 1760 3366 proposito,
1789 3300 1906 3344 causas
1929 3278 1979 3342 in·

319 3384 518 3469 dignationis
543 3383 739 3467 ingererem.
764 3381 893 3468 quando
919 3381 1005 3466 quod
1029 3404 1121 3445 amor
1144 3404 1208 3446 non
1232 3389 1376 3447 meretur
1399 3405 1458 3469 per
1481 3384 1594 3469 culpas
1619 3383 1754 3447 obtinui.
1792 3404 1854 3467 ego
1869 3387 1979 3445 tamen

320 3508 429 3552 errore
455 3508 569 3550 vacare
594 3508 646 3549 me
671 3487 784 3550 nuntio
808 3486 840 3549 in
865 3508 905 3550 ea
929 3506 1046 3564 causa,
1077 3485 1109 3549 in
1134 3484 1297 3570 quadum
1321 3488 1486 3550 accusatis
1510 3487 1768 3572 neglegentiam,
1799 3486 1979 3571 praemium

321 3591 517 3656 contulistis.
563 3610 698 3676 puerum
733 3589 883 3655 turbatus
920 3588 1043 3668 direxi,
1082 3611 1142 3675 pcr
1171 3611 1268 3675 quem
1299 3590 1380 3653 nihil
1410 3590 1498 3654 aliud
1529 3612 1626 3676 quam
1658 3589 1745 3676 quod
1777 3612 1859 3676 opus
1891 3597 1981 3656 coset

320 3694 457 3759 ostendi.
496 3693 600 3758 libcro
624 3700 757 3779 pectore
781 3695 894 3778 lingua
910 3698 1006 3757 vacat
1028 3693 1155 3772 ciliciis,
1179 3714 1272 3756 mens
1296 3693 1433 3758 confusa
1455 3695 1592 3779 gratiam
1615 3694 1820 3759 salutationis
1842 3694 1982 3759 abiurat.
2033 3721 2058 3754 ,ι

292 3797 402 3860 2ecoc
426 3795 488 3860 deo
513 3797 545 3861 in
570 3803 709 3881 utroque
733 3799 867 3883 gratias,
891 3799 968 3882 quia
992 3818 1054 3861 nec
1078 3819 1139 3882 cgo
1165 3819 1238 3861 rcus
1262 3820 1333 3862 sum
1358 3804 1391 3862 ct
1414 3818 1472 3862 vos
1495 3820 1547 3862 me
1571 3819 1663 3864 reum
1687 3820 1761 3864 esse
1785 3798 1982 3864 credidistis.

322 3899 518 3964 beneficium
547 3900 626 3963 milri
656 3903 829 3965 commotio
853 3908 965 3966 vestra
992 3901 1143 3980 eontulit,
1177 3900 1261 3985 quod
1284 3902 1340 3964 vix
1369 3901 1516 3967 dedisset
1545 3902 1687 3967 affectio.
1733 3922 1795 3987 ego
1821 3901 1900 3986 quid
1923 3900 1982 3965 tibi

322 4001 459 4067 debeam
492 4004 659 4088 explicare
693 4025 758 4067 non
789 4025 933 4090 possum.
979 4026 1103 4090 pauper
1131 4011 1182 4068 est
1211 4006 1347 4071 caritas.
1381 4006 1414 4069 in
1443 4007 1536 4070 cuius
1566 4006 1753 4072 narratione
1782 4027 1888 4069 senno
1918 4026 1982 4069 non

323 4106 443 4173 delicit.
489 4106 618 4171 dominc
650 4107 710 4187 mi,
744 4108 882 4172 salutem
912 4107 1056 4173 debitam
1080 4107 1192 4172 dicens
1216 4107 1313 4173 deum
1338 4130 1428 4194 rogo,
1458 4117 1495 4174 ut
1517 4108 1687 4195 quodlibet
1709 4109 1818 4175 auimo
1840 4108 1983 4195 gesseris

323 4230 451 4294 semper
475 4209 608 4276 scribas.

958 4411 1108 4480 LXXVI
1132 4414 1240 4500 (aaran.
1258 4417 1287 4495 3,
1305 4414 1350 4500 9).

842 4609 1081 4684 ENNODIVS
1108 4608 1466 4684 MARCELLIANO.

299 4776 309 4834 l
448 4755 534 4850 Scio
564 4785 821 4870 magnitudinem
852 4795 941 4852 tuam
965 4787 1144 4872 grandibus
1168 4784 1220 4849 dei
1244 4785 1413 4849 beneficiis
1439 4785 1604 4851 abundare
1629 4792 1662 4851 et
1684 4786 1876 4871 promissam
1899 4772 1986 4850 circa

323 4890 447 4954 amicos
472 4909 605 4954 servare
629 4891 857 4957 constantiam.
896 4893 1003 4956 nescit
1027 4891 1153 4956 animus
1169 4893 1279 4952 vester
1302 4888 1429 4952 incerta
1451 4888 1599 4974 polliceri
1623 4909 1767 4953 amorem
1790 4888 1860 4952 sine
1876 4889 1987 4974 aliqua

429 5111 560 5181 [ιιιιιιιι]
595 5112 662 5166 aas
680 5114 708 5180 (ι
726 5131 784 5180 ap.
803 5114 860 5180 aa.)
876 5114 901 5164 v
965 5113 1098 5167 arisae

433 5216 561 5284 [LXXIV]
597 5216 614 5269 9
633 5217 749 5270 nollstB
855 5216 888 5268 10
905 5225 1017 5270 uestram
1035 5218 1062 5268 ia
1078 5235 1127 5283 mg.
1139 5233 1211 5266 asoa.
1225 5221 1237 5266 1
1251 5215 1389 5280 adscripsit
1409 5231 1466 5266 cum
1483 5223 1553 5279 octo,
1571 5223 1599 5264 ut
1617 5223 1676 5266 asse
1693 5216 1802 5282 gratiam
1818 5216 1951 5267 burrum
1962 5215 1988 5266 B

330 5302 363 5356 12
382 5302 458 5372 queo]
477 5322 553 5371 quem
565 5305 591 5356 B
696 5302 728 5355 13
746 5321 858 5356 meteres
870 5304 895 5355 B

433 5406 548 5474 [LXXV]
580 5406 612 5458 15
624 5406 755 5460 scribtsB
845 5405 877 5458 17
890 5409 990 5476 optinui
1003 5407 1027 5456 V
1075 5407 1176 5459 obtinui
1188 5406 1362 5474 porculpast
1454 5403 1486 5454 18
1499 5405 1640 5471 praemium
1653 5402 1760 5471 (semp.)
1775 5403 1800 5454 V
1891 5403 1926 5457 al
1939 5403 1987 5473 mil

328 5493 483 5545 mihiBVL
551 5495 711 5546 salutationis
728 5493 843 5547 debitum
857 5494 894 5548 Gt
963 5510 1079 5563 gesseras
1090 5493 1135 5544 15⁶
1238 5490 1273 5544 ‘25
1291 5489 1396 5559 scribas]
1415 5492 1472 5542 finit
1488 5490 1550 5542 odd.
1568 5490 1687 5545 1¹an

429 5594 558 5663 [LXXVI]
593 5594 628 5647 28
645 5595 785 5663 aliqussB
