<?xml version="1.0" encoding="UTF-8"?>
<!DOCTYPE html PUBLIC "-//W3C//DTD XHTML 1.0 Transitional//EN"
    "http://www.w3.org/TR/xhtml1/DTD/xhtml1-transitional.dtd">
<html xmlns="http://www.w3.org/1999/xhtml" xml:lang="en" lang="en">
 <head>
  <title>
</title>
<meta http-equiv="Content-Type" content="text/html;charset=utf-8" />
  <meta name='ocr-system' content='tesseract 3.04.00' />
  <meta name='ocr-capabilities' content='ocr_page ocr_carea ocr_par ocr_line ocrx_word'/>
</head>
<body>
  <div class='ocr_page' id='page_1' title='image "./magnifelicisenn00vogegoog_0079.png"; bbox 0 0 4500 6232; ppageno 0'>
   <div class='ocr_carea' id='block_1_1' title="bbox 887 284 1386 368">
    <p class='ocr_par' dir='ltr' id='par_1_1' title="bbox 887 284 1386 368">
     <span class='ocr_line' id='line_1_1' title="bbox 887 284 1386 368; baseline -0.012 -14"><span class='ocrx_word' id='word_1_1' title='bbox 887 292 914 354; x_wconf 90' lang='lat' dir='ltr'>ll</span> <span class='ocrx_word' id='word_1_2' title='bbox 933 290 1052 368; x_wconf 74' lang='lat' dir='ltr'>(clau.</span> <span class='ocrx_word' id='word_1_3' title='bbox 1072 286 1209 361; x_wconf 81' lang='lat' dir='ltr'>1,o),111</span> <span class='ocrx_word' id='word_1_4' title='bbox 1228 284 1331 362; x_wconf 75' lang='lat' dir='ltr'>(DIO&#39;P.</span> <span class='ocrx_word' id='word_1_5' title='bbox 1350 284 1386 355; x_wconf 74' lang='grc'>7).</span> 
     </span>
    </p>
   </div>
   <div class='ocr_carea' id='block_1_2' title="bbox 599 466 1620 3571">
    <p class='ocr_par' dir='ltr' id='par_1_2' title="bbox 599 466 1620 3571">
     <span class='ocr_line' id='line_1_2' title="bbox 676 466 1519 559; baseline -0.011 -21"><span class='ocrx_word' id='word_1_6' title='bbox 676 471 806 540; x_wconf 81' lang='lat' dir='ltr'>Gaudia</span> <span class='ocrx_word' id='word_1_7' title='bbox 829 475 877 538; x_wconf 90' lang='lat' dir='ltr'>sic</span> <span class='ocrx_word' id='word_1_8' title='bbox 900 475 1020 539; x_wconf 90' lang='lat' dir='ltr'>tollunt</span> <span class='ocrx_word' id='word_1_9' title='bbox 1042 469 1178 559; x_wconf 83' lang='lat' dir='ltr'>placidis</span> <span class='ocrx_word' id='word_1_10' title='bbox 1200 466 1387 531; x_wconf 87' lang='lat' dir='ltr'>discrimina</span> <span class='ocrx_word' id='word_1_11' title='bbox 1409 467 1519 543; x_wconf 86' lang='lat' dir='ltr'>robus,</span> 
     </span>
     <span class='ocr_line' id='line_1_3' title="bbox 722 571 1425 660; baseline -0.011 -18"><span class='ocrx_word' id='word_1_12' title='bbox 722 578 823 644; x_wconf 88' lang='lat' dir='ltr'>Nulla</span> <span class='ocrx_word' id='word_1_13' title='bbox 845 579 927 643; x_wconf 85' lang='lat' dir='ltr'>fides</span> <span class='ocrx_word' id='word_1_14' title='bbox 951 578 1047 643; x_wconf 89' lang='lat' dir='ltr'>laetis</span> <span class='ocrx_word' id='word_1_15' title='bbox 1068 577 1199 660; x_wconf 87' lang='lat' dir='ltr'>integra</span> <span class='ocrx_word' id='word_1_16' title='bbox 1220 594 1282 637; x_wconf 88' lang='lat' dir='ltr'>nec</span> <span class='ocrx_word' id='word_1_17' title='bbox 1306 571 1425 636; x_wconf 90' lang='lat' dir='ltr'>dubiis.</span> 
     </span>
     <span class='ocr_line' id='line_1_4' title="bbox 677 676 1505 762; baseline -0.011 -15"><span class='ocrx_word' id='word_1_18' title='bbox 677 682 751 747; x_wconf 88' lang='lat' dir='ltr'>Non</span> <span class='ocrx_word' id='word_1_19' title='bbox 774 683 869 747; x_wconf 88' lang='lat' dir='ltr'>aliter</span> <span class='ocrx_word' id='word_1_20' title='bbox 891 682 991 747; x_wconf 89' lang='lat' dir='ltr'>variis</span> <span class='ocrx_word' id='word_1_21' title='bbox 1014 678 1122 746; x_wconf 87' lang='lat' dir='ltr'>tenuit</span> <span class='ocrx_word' id='word_1_22' title='bbox 1143 698 1224 762; x_wconf 91' lang='lat' dir='ltr'>quos</span> <span class='ocrx_word' id='word_1_23' title='bbox 1248 676 1352 740; x_wconf 87' lang='lat' dir='ltr'>Roma</span> <span class='ocrx_word' id='word_1_24' title='bbox 1373 676 1505 760; x_wconf 87' lang='lat' dir='ltr'>periclis</span> 
     </span>
     <span class='ocr_line' id='line_1_5' title="bbox 725 781 1395 873; baseline -0.012 -23"><span class='ocrx_word' id='word_1_25' title='bbox 725 786 846 851; x_wconf 90' lang='lat' dir='ltr'>Litoris</span> <span class='ocrx_word' id='word_1_26' title='bbox 870 787 973 873; x_wconf 85' lang='lat' dir='ltr'>optati</span> <span class='ocrx_word' id='word_1_27' title='bbox 996 782 1137 849; x_wconf 86' lang='lat' dir='ltr'>reddidit</span> <span class='ocrx_word' id='word_1_28' title='bbox 1160 781 1202 846; x_wconf 87' lang='lat' dir='ltr'>ad</span> <span class='ocrx_word' id='word_1_29' title='bbox 1225 781 1395 865; x_wconf 85' lang='lat' dir='ltr'>gremium.</span> 
     </span>
     <span class='ocr_line' id='line_1_6' title="bbox 599 884 1505 976; baseline -0.01 -21"><span class='ocrx_word' id='word_1_30' title='bbox 599 906 622 942; x_wconf 86' lang='lat'>¹⁵</span> <span class='ocrx_word' id='word_1_31' title='bbox 675 891 887 956; x_wconf 89' lang='lat' dir='ltr'>Permnlcent</span> <span class='ocrx_word' id='word_1_32' title='bbox 909 889 1018 976; x_wconf 79' lang='lat' dir='ltr'>pelagi</span> <span class='ocrx_word' id='word_1_33' title='bbox 1040 908 1161 951; x_wconf 92' lang='lat' dir='ltr'>numen</span> <span class='ocrx_word' id='word_1_34' title='bbox 1184 884 1373 949; x_wconf 88' lang='lat' dir='ltr'>vcnersbile</span> <span class='ocrx_word' id='word_1_35' title='bbox 1397 889 1505 963; x_wconf 85' lang='lat' dir='ltr'>cantu,</span> 
     </span>
     <span class='ocr_line' id='line_1_7' title="bbox 725 987 1620 1079; baseline -0.006 -20"><span class='ocrx_word' id='word_1_36' title='bbox 725 993 880 1058; x_wconf 80' lang='lat' dir='ltr'>Anchora</span> <span class='ocrx_word' id='word_1_37' title='bbox 903 992 989 1079; x_wconf 92' lang='lat' dir='ltr'>qnod</span> <span class='ocrx_word' id='word_1_38' title='bbox 1012 991 1178 1078; x_wconf 89' lang='lat' dir='ltr'>proprium</span> <span class='ocrx_word' id='word_1_39' title='bbox 1202 987 1330 1052; x_wconf 87' lang='lat' dir='ltr'>mordet</span> <span class='ocrx_word' id='word_1_40' title='bbox 1352 987 1481 1051; x_wconf 89' lang='lat' dir='ltr'>obunca</span> <span class='ocrx_word' id='word_1_41' title='bbox 1505 989 1620 1054; x_wconf 87' lang='lat' dir='ltr'>solum.</span> 
     </span>
     <span class='ocr_line' id='line_1_8' title="bbox 679 1093 1523 1175; baseline -0.008 -14"><span class='ocrx_word' id='word_1_42' title='bbox 679 1097 828 1162; x_wconf 82' lang='lat' dir='ltr'>Flamina</span> <span class='ocrx_word' id='word_1_43' title='bbox 852 1097 911 1161; x_wconf 89' lang='lat' dir='ltr'>sed</span> <span class='ocrx_word' id='word_1_44' title='bbox 934 1097 1029 1160; x_wconf 89' lang='lat' dir='ltr'>lassis</span> <span class='ocrx_word' id='word_1_45' title='bbox 1052 1102 1201 1158; x_wconf 84' lang='lat' dir='ltr'>tenerum</span> <span class='ocrx_word' id='word_1_46' title='bbox 1224 1093 1523 1175; x_wconf 84' lang='lat' dir='ltr'>factura-soporem</span> 
     </span>
     <span class='ocr_line' id='line_1_9' title="bbox 726 1195 1414 1280; baseline -0.013 -14"><span class='ocrx_word' id='word_1_47' title='bbox 726 1201 926 1266; x_wconf 88' lang='lat' dir='ltr'>Perturbant</span> <span class='ocrx_word' id='word_1_48' title='bbox 948 1206 1092 1264; x_wconf 87' lang='lat' dir='ltr'>mentem</span> <span class='ocrx_word' id='word_1_49' title='bbox 1115 1197 1225 1261; x_wconf 91' lang='lat' dir='ltr'>militis</span> <span class='ocrx_word' id='word_1_50' title='bbox 1249 1195 1414 1280; x_wconf 85' lang='lat' dir='ltr'>aequorei,</span> 
     </span>
     <span class='ocr_line' id='line_1_10' title="bbox 679 1298 1500 1387; baseline -0.009 -18"><span class='ocrx_word' id='word_1_51' title='bbox 679 1305 782 1369; x_wconf 85' lang='lat' dir='ltr'>Arma</span> <span class='ocrx_word' id='word_1_52' title='bbox 804 1305 883 1369; x_wconf 88' lang='lat' dir='ltr'>ratis</span> <span class='ocrx_word' id='word_1_53' title='bbox 906 1304 1039 1387; x_wconf 84' lang='lat' dir='ltr'>subigit,</span> <span class='ocrx_word' id='word_1_54' title='bbox 1063 1322 1170 1366; x_wconf 90' lang='lat' dir='ltr'>remos</span> <span class='ocrx_word' id='word_1_55' title='bbox 1196 1306 1229 1364; x_wconf 90' lang='lat' dir='ltr'>et</span> <span class='ocrx_word' id='word_1_56' title='bbox 1251 1299 1356 1364; x_wconf 87' lang='lat' dir='ltr'>lintea</span> <span class='ocrx_word' id='word_1_57' title='bbox 1378 1298 1500 1363; x_wconf 78' lang='lat' dir='ltr'>vibrat:</span> 
     </span>
     <span class='ocr_line' id='line_1_11' title="bbox 600 1392 1485 1491; baseline -0.007 -19"><span class='ocrx_word' id='word_1_58' title='bbox 600 1423 625 1461; x_wconf 73' lang='lat'>‘20</span> <span class='ocrx_word' id='word_1_59' title='bbox 731 1407 785 1472; x_wconf 81' lang='lat' dir='ltr'>Sic</span> <span class='ocrx_word' id='word_1_60' title='bbox 809 1430 903 1473; x_wconf 88' lang='lat' dir='ltr'>mens</span> <span class='ocrx_word' id='word_1_61' title='bbox 927 1406 1133 1491; x_wconf 79' lang='lat' dir='ltr'>naufragium</span> <span class='ocrx_word' id='word_1_62' title='bbox 1157 1403 1352 1489; x_wconf 79' lang='lat' dir='ltr'>suspicionis</span> <span class='ocrx_word' id='word_1_63' title='bbox 1376 1392 1485 1466; x_wconf 87' lang='lat' dir='ltr'>habet.</span> 
     </span>
     <span class='ocr_line' id='line_1_12' title="bbox 679 1506 1485 1596; baseline -0.01 -20"><span class='ocrx_word' id='word_1_64' title='bbox 679 1512 845 1578; x_wconf 84' lang='lat' dir='ltr'>Advenist</span> <span class='ocrx_word' id='word_1_65' title='bbox 868 1512 962 1576; x_wconf 88' lang='lat' dir='ltr'>siccis</span> <span class='ocrx_word' id='word_1_66' title='bbox 986 1511 1041 1596; x_wconf 91' lang='lat' dir='ltr'>qui</span> <span class='ocrx_word' id='word_1_67' title='bbox 1064 1508 1186 1595; x_wconf 85' lang='lat' dir='ltr'>pressit</span> <span class='ocrx_word' id='word_1_68' title='bbox 1209 1507 1342 1572; x_wconf 83' lang='lat' dir='ltr'>caerula</span> <span class='ocrx_word' id='word_1_69' title='bbox 1364 1506 1485 1592; x_wconf 84' lang='lat' dir='ltr'>plantis</span> 
     </span>
     <span class='ocr_line' id='line_1_13' title="bbox 728 1608 1398 1702; baseline -0.012 -22"><span class='ocrx_word' id='word_1_70' title='bbox 728 1615 826 1702; x_wconf 81' lang='lat' dir='ltr'>(Nam</span> <span class='ocrx_word' id='word_1_71' title='bbox 850 1621 964 1702; x_wconf 88' lang='lat' dir='ltr'>portus</span> <span class='ocrx_word' id='word_1_72' title='bbox 986 1613 1080 1676; x_wconf 82' lang='lat' dir='ltr'>fessis</span> <span class='ocrx_word' id='word_1_73' title='bbox 1103 1612 1158 1676; x_wconf 93' lang='lat' dir='ltr'>ille</span> <span class='ocrx_word' id='word_1_74' title='bbox 1183 1611 1298 1674; x_wconf 87' lang='lat' dir='ltr'>salutis</span> <span class='ocrx_word' id='word_1_75' title='bbox 1322 1608 1398 1695; x_wconf 90' lang='lat' dir='ltr'>erit)</span> 
     </span>
     <span class='ocr_line' id='line_1_14' title="bbox 681 1714 1521 1799; baseline -0.012 -15"><span class='ocrx_word' id='word_1_76' title='bbox 681 1719 744 1793; x_wconf 82' lang='lat' dir='ltr'>Qui</span> <span class='ocrx_word' id='word_1_77' title='bbox 768 1719 884 1783; x_wconf 91' lang='lat' dir='ltr'>latices</span> <span class='ocrx_word' id='word_1_78' title='bbox 907 1718 1011 1781; x_wconf 88' lang='lat' dir='ltr'>vinxit</span> <span class='ocrx_word' id='word_1_79' title='bbox 1033 1715 1173 1781; x_wconf 85' lang='lat' dir='ltr'>fundens</span> <span class='ocrx_word' id='word_1_80' title='bbox 1196 1715 1230 1778; x_wconf 93' lang='lat' dir='ltr'>in</span> <span class='ocrx_word' id='word_1_81' title='bbox 1252 1714 1371 1799; x_wconf 88' lang='lat' dir='ltr'>pocula</span> <span class='ocrx_word' id='word_1_82' title='bbox 1394 1731 1521 1791; x_wconf 82' lang='lat' dir='ltr'>saxum,</span> 
     </span>
     <span class='ocr_line' id='line_1_15' title="bbox 729 1819 1466 1909; baseline -0.009 -21"><span class='ocrx_word' id='word_1_83' title='bbox 729 1825 793 1899; x_wconf 82' lang='lat' dir='ltr'>Qui</span> <span class='ocrx_word' id='word_1_84' title='bbox 816 1823 944 1909; x_wconf 91' lang='lat' dir='ltr'>lapides</span> <span class='ocrx_word' id='word_1_85' title='bbox 967 1822 1075 1903; x_wconf 89' lang='lat' dir='ltr'>solvit,</span> <span class='ocrx_word' id='word_1_86' title='bbox 1098 1822 1153 1907; x_wconf 91' lang='lat' dir='ltr'>qui</span> <span class='ocrx_word' id='word_1_87' title='bbox 1177 1819 1330 1884; x_wconf 81' lang='lat' dir='ltr'>solidavit</span> <span class='ocrx_word' id='word_1_88' title='bbox 1353 1838 1466 1902; x_wconf 85' lang='lat' dir='ltr'>aquas,</span> 
     </span>
     <span class='ocr_line' id='line_1_16' title="bbox 602 1921 1547 2012; baseline -0.008 -20"><span class='ocrx_word' id='word_1_89' title='bbox 602 1945 626 1982; x_wconf 72' lang='lat'>²⁵</span> <span class='ocrx_word' id='word_1_90' title='bbox 680 1928 787 2002; x_wconf 83' lang='lat' dir='ltr'>Quem</span> <span class='ocrx_word' id='word_1_91' title='bbox 810 1927 963 2012; x_wconf 84' lang='lat' dir='ltr'>genetrix</span> <span class='ocrx_word' id='word_1_92' title='bbox 986 1924 1071 1989; x_wconf 85' lang='lat' dir='ltr'>ludit</span> <span class='ocrx_word' id='word_1_93' title='bbox 1092 1923 1210 1988; x_wconf 88' lang='lat' dir='ltr'>saeclis</span> <span class='ocrx_word' id='word_1_94' title='bbox 1234 1923 1305 1987; x_wconf 93' lang='lat' dir='ltr'>sine</span> <span class='ocrx_word' id='word_1_95' title='bbox 1329 1922 1455 1987; x_wconf 90' lang='lat' dir='ltr'>semine</span> <span class='ocrx_word' id='word_1_96' title='bbox 1479 1921 1547 1985; x_wconf 85' lang='lat' dir='ltr'>feta</span> 
     </span>
     <span class='ocr_line' id='line_1_17' title="bbox 728 2028 1443 2114; baseline -0.01 -17"><span class='ocrx_word' id='word_1_97' title='bbox 728 2032 781 2097; x_wconf 84' lang='lat' dir='ltr'>Ad</span> <span class='ocrx_word' id='word_1_98' title='bbox 805 2037 943 2096; x_wconf 89' lang='lat' dir='ltr'>matrem</span> <span class='ocrx_word' id='word_1_99' title='bbox 964 2031 1104 2114; x_wconf 90' lang='lat' dir='ltr'>iungens</span> <span class='ocrx_word' id='word_1_100' title='bbox 1129 2028 1326 2112; x_wconf 87' lang='lat' dir='ltr'>virginitatis</span> <span class='ocrx_word' id='word_1_101' title='bbox 1350 2047 1443 2108; x_wconf 87' lang='lat' dir='ltr'>onus,</span> 
     </span>
     <span class='ocr_line' id='line_1_18' title="bbox 683 2131 1571 2220; baseline -0.007 -20"><span class='ocrx_word' id='word_1_102' title='bbox 683 2136 746 2210; x_wconf 81' lang='lat' dir='ltr'>Qui</span> <span class='ocrx_word' id='word_1_103' title='bbox 769 2141 906 2199; x_wconf 86' lang='lat' dir='ltr'>mortem</span> <span class='ocrx_word' id='word_1_104' title='bbox 929 2133 1080 2220; x_wconf 92' lang='lat' dir='ltr'>propriae</span> <span class='ocrx_word' id='word_1_105' title='bbox 1104 2131 1274 2218; x_wconf 81' lang='lat' dir='ltr'>superavit</span> <span class='ocrx_word' id='word_1_106' title='bbox 1296 2151 1431 2195; x_wconf 82' lang='lat' dir='ltr'>munere</span> <span class='ocrx_word' id='word_1_107' title='bbox 1455 2132 1571 2194; x_wconf 88' lang='lat' dir='ltr'>mortis</span> 
     </span>
     <span class='ocr_line' id='line_1_19' title="bbox 729 2233 1523 2320; baseline -0.008 -18"><span class='ocrx_word' id='word_1_108' title='bbox 729 2238 821 2302; x_wconf 91' lang='lat' dir='ltr'>Dans</span> <span class='ocrx_word' id='word_1_109' title='bbox 844 2238 943 2302; x_wconf 89' lang='lat' dir='ltr'>vitam</span> <span class='ocrx_word' id='word_1_110' title='bbox 966 2235 1098 2315; x_wconf 88' lang='lat' dir='ltr'>mundo,</span> <span class='ocrx_word' id='word_1_111' title='bbox 1122 2236 1238 2300; x_wconf 80' lang='lat' dir='ltr'>funere</span> <span class='ocrx_word' id='word_1_112' title='bbox 1262 2255 1360 2320; x_wconf 90' lang='lat' dir='ltr'>quam</span> <span class='ocrx_word' id='word_1_113' title='bbox 1384 2233 1523 2319; x_wconf 88' lang='lat' dir='ltr'>peperit.</span> 
     </span>
     <span class='ocr_line' id='line_1_20' title="bbox 682 2337 1585 2428; baseline -0.003 -23"><span class='ocrx_word' id='word_1_114' title='bbox 682 2342 744 2407; x_wconf 93' lang='lat' dir='ltr'>Ille</span> <span class='ocrx_word' id='word_1_115' title='bbox 767 2363 827 2428; x_wconf 86' lang='lat' dir='ltr'>per</span> <span class='ocrx_word' id='word_1_116' title='bbox 850 2342 1018 2406; x_wconf 86' lang='lat' dir='ltr'>excelsum</span> <span class='ocrx_word' id='word_1_117' title='bbox 1043 2340 1154 2406; x_wconf 92' lang='lat' dir='ltr'>videat</span> <span class='ocrx_word' id='word_1_118' title='bbox 1175 2361 1228 2404; x_wconf 88' lang='lat' dir='ltr'>ms</span> <span class='ocrx_word' id='word_1_119' title='bbox 1252 2338 1367 2403; x_wconf 84' lang='lat' dir='ltr'>dexter</span> <span class='ocrx_word' id='word_1_120' title='bbox 1391 2337 1585 2423; x_wconf 89' lang='lat' dir='ltr'>Olympum:</span> 
     </span>
     <span class='ocr_line' id='line_1_21' title="bbox 604 2444 1556 2532; baseline -0.005 -20"><span class='ocrx_word' id='word_1_121' title='bbox 604 2461 629 2497; x_wconf 80' lang='lat'>³⁰</span> <span class='ocrx_word' id='word_1_122' title='bbox 732 2447 824 2511; x_wconf 82' lang='lat' dir='ltr'>Tunc</span> <span class='ocrx_word' id='word_1_123' title='bbox 847 2447 986 2532; x_wconf 87' lang='lat' dir='ltr'>patriam</span> <span class='ocrx_word' id='word_1_124' title='bbox 1009 2452 1150 2524; x_wconf 78' lang='lat' dir='ltr'>tensam,</span> <span class='ocrx_word' id='word_1_125' title='bbox 1172 2451 1250 2508; x_wconf 91' lang='lat' dir='ltr'>tuuc</span> <span class='ocrx_word' id='word_1_126' title='bbox 1274 2444 1426 2507; x_wconf 88' lang='lat' dir='ltr'>stationis</span> <span class='ocrx_word' id='word_1_127' title='bbox 1448 2464 1556 2529; x_wconf 88' lang='lat' dir='ltr'>opsm.</span> 
     </span>
     <span class='ocr_line' id='line_1_22' title="bbox 687 2547 1480 2633; baseline -0.01 -17"><span class='ocrx_word' id='word_1_128' title='bbox 687 2551 811 2616; x_wconf 90' lang='lat' dir='ltr'>Nubila</span> <span class='ocrx_word' id='word_1_129' title='bbox 833 2551 935 2615; x_wconf 85' lang='lat' dir='ltr'>laxati</span> <span class='ocrx_word' id='word_1_130' title='bbox 959 2556 1092 2614; x_wconf 78' lang='lat' dir='ltr'>verrant</span> <span class='ocrx_word' id='word_1_131' title='bbox 1114 2550 1192 2613; x_wconf 89' lang='lat' dir='ltr'>licet</span> <span class='ocrx_word' id='word_1_132' title='bbox 1214 2568 1357 2633; x_wconf 84' lang='lat' dir='ltr'>aequora</span> <span class='ocrx_word' id='word_1_133' title='bbox 1381 2547 1480 2627; x_wconf 83' lang='lat' dir='ltr'>venti,</span> 
     </span>
     <span class='ocr_line' id='line_1_23' title="bbox 731 2653 1399 2740; baseline -0.006 -21"><span class='ocrx_word' id='word_1_134' title='bbox 731 2655 883 2719; x_wconf 88' lang='lat' dir='ltr'>Rimosae</span> <span class='ocrx_word' id='word_1_135' title='bbox 906 2655 1008 2740; x_wconf 92' lang='lat' dir='ltr'>puppi</span> <span class='ocrx_word' id='word_1_136' title='bbox 1031 2654 1077 2718; x_wconf 91' lang='lat' dir='ltr'>nil</span> <span class='ocrx_word' id='word_1_137' title='bbox 1099 2653 1250 2718; x_wconf 91' lang='lat' dir='ltr'>nocitura</span> <span class='ocrx_word' id='word_1_138' title='bbox 1272 2658 1399 2739; x_wconf 87' lang='lat' dir='ltr'>petunt.</span> 
     </span>
     <span class='ocr_line' id='line_1_24' title="bbox 685 2754 1596 2843; baseline -0.005 -21"><span class='ocrx_word' id='word_1_139' title='bbox 685 2758 804 2823; x_wconf 88' lang='lat' dir='ltr'>Dulcia</span> <span class='ocrx_word' id='word_1_140' title='bbox 827 2758 1005 2843; x_wconf 79' lang='lat' dir='ltr'>conpositis</span> <span class='ocrx_word' id='word_1_141' title='bbox 1030 2757 1174 2841; x_wconf 89' lang='lat' dir='ltr'>quatiam</span> <span class='ocrx_word' id='word_1_142' title='bbox 1197 2763 1276 2820; x_wconf 88' lang='lat' dir='ltr'>tnnc</span> <span class='ocrx_word' id='word_1_143' title='bbox 1299 2762 1455 2842; x_wconf 78' lang='lat' dir='ltr'>tympana</span> <span class='ocrx_word' id='word_1_144' title='bbox 1478 2754 1596 2827; x_wconf 76' lang='lat' dir='ltr'>cordis,</span> 
     </span>
     <span class='ocr_line' id='line_1_25' title="bbox 731 2859 1535 2947; baseline -0.004 -20"><span class='ocrx_word' id='word_1_145' title='bbox 731 2863 884 2927; x_wconf 86' lang='lat' dir='ltr'>Floribus</span> <span class='ocrx_word' id='word_1_146' title='bbox 908 2870 941 2927; x_wconf 89' lang='lat' dir='ltr'>et</span> <span class='ocrx_word' id='word_1_147' title='bbox 964 2863 1097 2947; x_wconf 88' lang='lat' dir='ltr'>pingam</span> <span class='ocrx_word' id='word_1_148' title='bbox 1121 2860 1266 2925; x_wconf 78' lang='lat' dir='ltr'>carmina</span> <span class='ocrx_word' id='word_1_149' title='bbox 1288 2867 1405 2923; x_wconf 89' lang='lat' dir='ltr'>nostra</span> <span class='ocrx_word' id='word_1_150' title='bbox 1429 2859 1535 2924; x_wconf 89' lang='lat' dir='ltr'>novis.</span> 
     </span>
     <span class='ocr_line' id='line_1_26' title="bbox 606 2963 1551 3045; baseline -0.006 -13"><span class='ocrx_word' id='word_1_151' title='bbox 606 2981 630 3018; x_wconf 69' lang='lat'>³³</span> <span class='ocrx_word' id='word_1_152' title='bbox 683 2967 729 3031; x_wconf 87' lang='lat' dir='ltr'>Vt</span> <span class='ocrx_word' id='word_1_153' title='bbox 751 2968 866 3045; x_wconf 83' lang='lat' dir='ltr'>fatear,</span> <span class='ocrx_word' id='word_1_154' title='bbox 890 2965 995 3029; x_wconf 90' lang='lat' dir='ltr'>doctis</span> <span class='ocrx_word' id='word_1_155' title='bbox 1018 2972 1147 3029; x_wconf 90' lang='lat' dir='ltr'>constat</span> <span class='ocrx_word' id='word_1_156' title='bbox 1163 2963 1254 3028; x_wconf 75' lang='lat' dir='ltr'>¹bene</span> <span class='ocrx_word' id='word_1_157' title='bbox 1278 2963 1386 3027; x_wconf 87' lang='lat' dir='ltr'>dicere</span> <span class='ocrx_word' id='word_1_158' title='bbox 1410 2963 1551 3033; x_wconf 90' lang='lat' dir='ltr'>laetum;</span> 
     </span>
     <span class='ocr_line' id='line_1_27' title="bbox 733 3068 1449 3155; baseline -0.007 -20"><span class='ocrx_word' id='word_1_159' title='bbox 733 3072 856 3135; x_wconf 84' lang='lat' dir='ltr'>Tristia</span> <span class='ocrx_word' id='word_1_160' title='bbox 878 3071 924 3134; x_wconf 94' lang='lat' dir='ltr'>nil</span> <span class='ocrx_word' id='word_1_161' title='bbox 947 3069 1081 3155; x_wconf 78' lang='lat' dir='ltr'>capiunt</span> <span class='ocrx_word' id='word_1_162' title='bbox 1103 3076 1238 3155; x_wconf 78' lang='lat' dir='ltr'>pectora</span> <span class='ocrx_word' id='word_1_163' title='bbox 1261 3068 1449 3152; x_wconf 86' lang='lat' dir='ltr'>versiloqui.</span> 
     </span>
     <span class='ocr_line' id='line_1_28' title="bbox 687 3172 1574 3255; baseline -0.006 -15"><span class='ocrx_word' id='word_1_164' title='bbox 687 3177 754 3242; x_wconf 85' lang='lat' dir='ltr'>Sed</span> <span class='ocrx_word' id='word_1_165' title='bbox 777 3175 890 3241; x_wconf 83' lang='lat' dir='ltr'>redeat</span> <span class='ocrx_word' id='word_1_166' title='bbox 912 3196 1058 3255; x_wconf 87' lang='lat' dir='ltr'>vernum,</span> <span class='ocrx_word' id='word_1_167' title='bbox 1083 3180 1190 3238; x_wconf 84' lang='lat' dir='ltr'>cesset</span> <span class='ocrx_word' id='word_1_168' title='bbox 1212 3175 1276 3236; x_wconf 92' lang='lat' dir='ltr'>iam</span> <span class='ocrx_word' id='word_1_169' title='bbox 1299 3172 1416 3238; x_wconf 91' lang='lat' dir='ltr'>bruma</span> <span class='ocrx_word' id='word_1_170' title='bbox 1438 3172 1574 3236; x_wconf 88' lang='lat' dir='ltr'>timoris:</span> 
     </span>
     <span class='ocr_line' id='line_1_29' title="bbox 734 3277 1577 3365; baseline -0.005 -21"><span class='ocrx_word' id='word_1_171' title='bbox 734 3279 891 3365; x_wconf 87' lang='lat' dir='ltr'>Stringite</span> <span class='ocrx_word' id='word_1_172' title='bbox 915 3300 999 3364; x_wconf 91' lang='lat' dir='ltr'>qnae</span> <span class='ocrx_word' id='word_1_173' title='bbox 1023 3284 1156 3343; x_wconf 85' lang='lat' dir='ltr'>nectant</span> <span class='ocrx_word' id='word_1_174' title='bbox 1178 3277 1316 3342; x_wconf 80' lang='lat' dir='ltr'>frondea</span> <span class='ocrx_word' id='word_1_175' title='bbox 1339 3285 1426 3342; x_wconf 86' lang='lat' dir='ltr'>serta</span> <span class='ocrx_word' id='word_1_176' title='bbox 1449 3282 1577 3341; x_wconf 84' lang='lat' dir='ltr'>comcs!</span> 
     </span>
     <span class='ocr_line' id='line_1_30' title="bbox 688 3380 1607 3467; baseline -0.004 -21"><span class='ocrx_word' id='word_1_177' title='bbox 688 3382 825 3448; x_wconf 79' lang='lat' dir='ltr'>(lantem</span> <span class='ocrx_word' id='word_1_178' title='bbox 849 3403 933 3466; x_wconf 92' lang='lat' dir='ltr'>quae</span> <span class='ocrx_word' id='word_1_179' title='bbox 957 3382 1084 3460; x_wconf 83' lang='lat' dir='ltr'>solitus,</span> <span class='ocrx_word' id='word_1_180' title='bbox 1107 3380 1184 3445; x_wconf 90' lang='lat' dir='ltr'>dnm</span> <span class='ocrx_word' id='word_1_181' title='bbox 1207 3381 1340 3461; x_wconf 88' lang='lat' dir='ltr'>plebem</span> <span class='ocrx_word' id='word_1_182' title='bbox 1363 3387 1517 3467; x_wconf 89' lang='lat' dir='ltr'>pasceret</span> <span class='ocrx_word' id='word_1_183' title='bbox 1540 3400 1607 3457; x_wconf 78' lang='lat' dir='ltr'>oro,</span> 
     </span>
     <span class='ocr_line' id='line_1_31' title="bbox 607 3485 1464 3571; baseline -0.006 -19"><span class='ocrx_word' id='word_1_184' title='bbox 607 3502 633 3539; x_wconf 80' lang='lat'>⁴⁰</span> <span class='ocrx_word' id='word_1_185' title='bbox 738 3486 933 3551; x_wconf 87' lang='lat' dir='ltr'>Ambrosius</span> <span class='ocrx_word' id='word_1_186' title='bbox 957 3487 1040 3550; x_wconf 87' lang='lat' dir='ltr'>vatis</span> <span class='ocrx_word' id='word_1_187' title='bbox 1063 3485 1207 3549; x_wconf 87' lang='lat' dir='ltr'>carmina</span> <span class='ocrx_word' id='word_1_188' title='bbox 1229 3485 1344 3571; x_wconf 83' lang='lat' dir='ltr'>pulcra</span> <span class='ocrx_word' id='word_1_189' title='bbox 1367 3485 1464 3568; x_wconf 92' lang='lat' dir='ltr'>loqui.</span> 
     </span>
    </p>
   </div>
   <div class='ocr_carea' id='block_1_3' title="bbox 1028 3777 1270 3866">
    <p class='ocr_par' dir='ltr' id='par_1_3' title="bbox 1028 3777 1270 3866">
     <span class='ocr_line' id='line_1_32' title="bbox 1028 3777 1270 3866; baseline 0 -19"><span class='ocrx_word' id='word_1_190' title='bbox 1028 3777 1091 3847; x_wconf 91' lang='lat' dir='ltr'>Ill</span> <span class='ocrx_word' id='word_1_191' title='bbox 1114 3779 1208 3866; x_wconf 85' lang='lat' dir='ltr'>(uror.</span> <span class='ocrx_word' id='word_1_192' title='bbox 1227 3782 1270 3865; x_wconf 81' lang='lat'>7).</span> 
     </span>
    </p>
   </div>
   <div class='ocr_carea' id='block_1_4' title="bbox 355 3955 1945 4174">
    <p class='ocr_par' dir='ltr' id='par_1_4' title="bbox 355 3955 1945 4174">
     <span class='ocr_line' id='line_1_33' title="bbox 355 3955 1945 4052; baseline -0.002 -14"><span class='ocrx_word' id='word_1_193' title='bbox 355 3965 468 4039; x_wconf 84' lang='grc' dir='ltr'>ΙΤΕΜ</span> <span class='ocrx_word' id='word_1_194' title='bbox 496 3961 656 4037; x_wconf 86' lang='lat' dir='ltr'>DICTlO</span> <span class='ocrx_word' id='word_1_195' title='bbox 685 3959 826 4036; x_wconf 85' lang='lat' dir='ltr'>CUlUS</span> <span class='ocrx_word' id='word_1_196' title='bbox 853 3958 1014 4034; x_wconf 85' lang='lat' dir='ltr'><strong>SUPRA</strong></span> <span class='ocrx_word' id='word_1_197' title='bbox 1040 3956 1090 4032; x_wconf 91' lang='lat' dir='ltr'>IN</span> <span class='ocrx_word' id='word_1_198' title='bbox 1117 3955 1439 4032; x_wconf 83' lang='lat' dir='ltr'><strong>DEDICATIONE</strong></span> <span class='ocrx_word' id='word_1_199' title='bbox 1467 3957 1716 4035; x_wconf 81' lang='lat' dir='ltr'>AVDITORll</span> <span class='ocrx_word' id='word_1_200' title='bbox 1744 3961 1945 4052; x_wconf 87' lang='lat' dir='ltr'><strong>QVANDO</strong></span> 
     </span>
     <span class='ocr_line' id='line_1_34' title="bbox 696 4096 1609 4174; baseline -0.008 0"><span class='ocrx_word' id='word_1_201' title='bbox 696 4100 760 4174; x_wconf 83' lang='lat' dir='ltr'>AD</span> <span class='ocrx_word' id='word_1_202' title='bbox 787 4098 957 4172; x_wconf 85' lang='lat' dir='ltr'>FORVM</span> <span class='ocrx_word' id='word_1_203' title='bbox 983 4096 1293 4172; x_wconf 84' lang='lat' dir='ltr'>TRANSLATIO</span> <span class='ocrx_word' id='word_1_204' title='bbox 1320 4097 1481 4171; x_wconf 83' lang='lat' dir='ltr'><strong>FACTA</strong></span> <span class='ocrx_word' id='word_1_205' title='bbox 1509 4098 1609 4171; x_wconf 85' lang='lat' dir='ltr'><strong>EST.</strong></span> 
     </span>
    </p>
   </div>
   <div class='ocr_carea' id='block_1_5' title="bbox 187 4247 1979 4464">
    <p class='ocr_par' dir='ltr' id='par_1_5' title="bbox 187 4247 1979 4464">
     <span class='ocr_line' id='line_1_35' title="bbox 295 4247 1977 4362; baseline 0.002 -26"><span class='ocrx_word' id='word_1_206' title='bbox 295 4279 307 4336; x_wconf 86' lang='lat'>1</span> <span class='ocrx_word' id='word_1_207' title='bbox 443 4247 493 4340; x_wconf 84' lang='lat' dir='ltr'>Vt</span> <span class='ocrx_word' id='word_1_208' title='bbox 517 4298 651 4362; x_wconf 91' lang='lat' dir='ltr'>campus</span> <span class='ocrx_word' id='word_1_209' title='bbox 675 4275 822 4352; x_wconf 91' lang='lat' dir='ltr'>militem,</span> <span class='ocrx_word' id='word_1_210' title='bbox 846 4294 938 4338; x_wconf 86' lang='lat' dir='ltr'>mare</span> <span class='ocrx_word' id='word_1_211' title='bbox 961 4274 1099 4355; x_wconf 84' lang='lat' dir='ltr'>navitas,</span> <span class='ocrx_word' id='word_1_212' title='bbox 1123 4273 1196 4338; x_wconf 85' lang='lat' dir='ltr'>fora</span> <span class='ocrx_word' id='word_1_213' title='bbox 1219 4274 1421 4339; x_wconf 88' lang='lat' dir='ltr'>causidicum</span> <span class='ocrx_word' id='word_1_214' title='bbox 1444 4273 1632 4352; x_wconf 82' lang='lat' dir='ltr'>sollicitant,</span> <span class='ocrx_word' id='word_1_215' title='bbox 1655 4273 1782 4338; x_wconf 85' lang='lat' dir='ltr'>incerta</span> <span class='ocrx_word' id='word_1_216' title='bbox 1798 4280 1977 4361; x_wconf 86' lang='lat' dir='ltr'>raptorem:</span> 
     </span>
     <span class='ocr_line' id='line_1_36' title="bbox 187 4375 1979 4464; baseline 0.001 -22"><span class='ocrx_word' id='word_1_217' title='bbox 187 4376 233 4419; x_wconf 69' lang='lat'>⁰³⁰·</span> <span class='ocrx_word' id='word_1_218' title='bbox 248 4375 306 4417; x_wconf 60' lang='lat'>9¹¹⁸·</span> <span class='ocrx_word' id='word_1_219' title='bbox 325 4381 371 4443; x_wconf 92' lang='lat' dir='ltr'>ita</span> <span class='ocrx_word' id='word_1_220' title='bbox 393 4380 522 4464; x_wconf 88' lang='lat' dir='ltr'>linguas</span> <span class='ocrx_word' id='word_1_221' title='bbox 546 4379 707 4443; x_wconf 87' lang='lat' dir='ltr'>auditoria</span> <span class='ocrx_word' id='word_1_222' title='bbox 732 4384 899 4444; x_wconf 80' lang='lat' dir='ltr'>exercent.</span> <span class='ocrx_word' id='word_1_223' title='bbox 945 4400 1021 4442; x_wconf 90' lang='lat' dir='ltr'>nam</span> <span class='ocrx_word' id='word_1_224' title='bbox 1044 4399 1139 4464; x_wconf 85' lang='lat' dir='ltr'>quse,</span> <span class='ocrx_word' id='word_1_225' title='bbox 1163 4380 1295 4460; x_wconf 78' lang='lat' dir='ltr'>malum,</span> <span class='ocrx_word' id='word_1_226' title='bbox 1319 4380 1402 4444; x_wconf 89' lang='lat' dir='ltr'>ratio</span> <span class='ocrx_word' id='word_1_227' title='bbox 1426 4379 1580 4444; x_wconf 88' lang='lat' dir='ltr'>suadebit</span> <span class='ocrx_word' id='word_1_228' title='bbox 1604 4378 1769 4443; x_wconf 87' lang='lat' dir='ltr'>silentium</span> <span class='ocrx_word' id='word_1_229' title='bbox 1785 4380 1818 4443; x_wconf 91' lang='lat' dir='ltr'>in</span> <span class='ocrx_word' id='word_1_230' title='bbox 1835 4379 1920 4457; x_wconf 74' lang='lat' dir='ltr'>loco,</span> <span class='ocrx_word' id='word_1_231' title='bbox 1945 4379 1979 4444; x_wconf 90' lang='lat' dir='ltr'>in</span> 
     </span>
    </p>
   </div>
   <div class='ocr_carea' id='block_1_6' title="bbox 194 4427 2041 4571">
    <p class='ocr_par' dir='ltr' id='par_1_6' title="bbox 194 4427 2041 4571">
     <span class='ocr_line' id='line_1_37' title="bbox 194 4427 2041 4571; baseline 0.005 -32"><span class='ocrx_word' id='word_1_232' title='bbox 194 4427 250 4477; x_wconf 59' lang='grc' dir='ltr'>Μ’</span> <span class='ocrx_word' id='word_1_233' title='bbox 265 4432 298 4471; x_wconf 49' lang='grc' dir='ltr'>ω’</span> <span class='ocrx_word' id='word_1_234' title='bbox 326 4505 389 4568; x_wconf 93' lang='lat' dir='ltr'>qno</span> <span class='ocrx_word' id='word_1_235' title='bbox 414 4490 490 4547; x_wconf 89' lang='lat' dir='ltr'>sunt</span> <span class='ocrx_word' id='word_1_236' title='bbox 513 4483 660 4570; x_wconf 87' lang='lat' dir='ltr'>praemia</span> <span class='ocrx_word' id='word_1_237' title='bbox 683 4483 862 4547; x_wconf 89' lang='lat' dir='ltr'>constituta</span> <span class='ocrx_word' id='word_1_238' title='bbox 878 4483 1071 4547; x_wconf 79' lang='lat' dir='ltr'>verborum?</span> <span class='ocrx_word' id='word_1_239' title='bbox 1109 4483 1166 4546; x_wconf 92' lang='lat' dir='ltr'>ubi</span> <span class='ocrx_word' id='word_1_240' title='bbox 1190 4483 1344 4548; x_wconf 89' lang='lat' dir='ltr'>orationis</span> <span class='ocrx_word' id='word_1_241' title='bbox 1361 4485 1481 4571; x_wconf 84' lang='lat' dir='ltr'>palma,</span> <span class='ocrx_word' id='word_1_242' title='bbox 1506 4483 1533 4546; x_wconf 92' lang='lat' dir='ltr'>si</span> <span class='ocrx_word' id='word_1_243' title='bbox 1548 4483 1602 4547; x_wconf 90' lang='lat' dir='ltr'>hic</span> <span class='ocrx_word' id='word_1_244' title='bbox 1619 4483 1727 4568; x_wconf 88' lang='lat' dir='ltr'>gratia</span> <span class='ocrx_word' id='word_1_245' title='bbox 1742 4483 1976 4548; x_wconf 73' lang='lat' dir='ltr'>taciturnitati?</span> <span class='ocrx_word' id='word_1_246' title='bbox 2029 4507 2041 4545; x_wconf 75' lang='lat' dir='ltr'>s</span> 
     </span>
    </p>
   </div>
   <div class='ocr_carea' id='block_1_7' title="bbox 294 4585 1979 4881">
    <p class='ocr_par' dir='ltr' id='par_1_7' title="bbox 294 4585 1979 4881">
     <span class='ocr_line' id='line_1_38' title="bbox 326 4585 1979 4672; baseline 0.001 -22"><span class='ocrx_word' id='word_1_247' title='bbox 326 4587 410 4651; x_wconf 89' lang='lat' dir='ltr'>bene</span> <span class='ocrx_word' id='word_1_248' title='bbox 435 4587 605 4651; x_wconf 91' lang='lat' dir='ltr'>solvuntur</span> <span class='ocrx_word' id='word_1_249' title='bbox 628 4585 754 4650; x_wconf 89' lang='lat' dir='ltr'>sudoris</span> <span class='ocrx_word' id='word_1_250' title='bbox 777 4587 893 4671; x_wconf 88' lang='lat' dir='ltr'>pretia,</span> <span class='ocrx_word' id='word_1_251' title='bbox 917 4587 973 4651; x_wconf 92' lang='lat' dir='ltr'>ubi</span> <span class='ocrx_word' id='word_1_252' title='bbox 1000 4593 1076 4650; x_wconf 88' lang='lat' dir='ltr'>sunt</span> <span class='ocrx_word' id='word_1_253' title='bbox 1099 4586 1223 4672; x_wconf 92' lang='lat' dir='ltr'>templa</span> <span class='ocrx_word' id='word_1_254' title='bbox 1246 4587 1416 4663; x_wconf 64' lang='lat' dir='ltr'>victoriam</span> <span class='ocrx_word' id='word_1_255' title='bbox 1440 4587 1525 4652; x_wconf 91' lang='lat' dir='ltr'>bene</span> <span class='ocrx_word' id='word_1_256' title='bbox 1549 4586 1715 4671; x_wconf 85' lang='lat' dir='ltr'>effugatur</span> <span class='ocrx_word' id='word_1_257' title='bbox 1737 4587 1875 4651; x_wconf 87' lang='lat' dir='ltr'>servitus</span> <span class='ocrx_word' id='word_1_258' title='bbox 1891 4587 1979 4652; x_wconf 89' lang='lat' dir='ltr'>intsr</span> 
     </span>
     <span class='ocr_line' id='line_1_39' title="bbox 294 4688 1979 4777; baseline 0.002 -26"><span class='ocrx_word' id='word_1_259' title='bbox 294 4691 410 4755; x_wconf 79' lang='lat' dir='ltr'>2atria</span> <span class='ocrx_word' id='word_1_260' title='bbox 440 4690 612 4755; x_wconf 78' lang='lat' dir='ltr'>libertatis.</span> <span class='ocrx_word' id='word_1_261' title='bbox 666 4691 775 4754; x_wconf 81' lang='lat' dir='ltr'>vinctu</span> <span class='ocrx_word' id='word_1_262' title='bbox 803 4690 856 4754; x_wconf 93' lang='lat' dir='ltr'>hic</span> <span class='ocrx_word' id='word_1_263' title='bbox 883 4711 941 4754; x_wconf 88' lang='lat' dir='ltr'>ora</span> <span class='ocrx_word' id='word_1_264' title='bbox 969 4696 1082 4755; x_wconf 83' lang='lat' dir='ltr'>teneat</span> <span class='ocrx_word' id='word_1_265' title='bbox 1109 4711 1202 4754; x_wconf 90' lang='lat' dir='ltr'>mens</span> <span class='ocrx_word' id='word_1_266' title='bbox 1237 4691 1376 4777; x_wconf 88' lang='lat' dir='ltr'>captiva.</span> <span class='ocrx_word' id='word_1_267' title='bbox 1428 4712 1493 4754; x_wconf 91' lang='lat' dir='ltr'>non</span> <span class='ocrx_word' id='word_1_268' title='bbox 1522 4690 1674 4775; x_wconf 89' lang='lat' dir='ltr'>agnoscit</span> <span class='ocrx_word' id='word_1_269' title='bbox 1702 4688 1808 4753; x_wconf 86' lang='lat' dir='ltr'>forum</span> <span class='ocrx_word' id='word_1_270' title='bbox 1838 4688 1979 4754; x_wconf 86' lang='lat' dir='ltr'>Romani</span> 
     </span>
     <span class='ocr_line' id='line_1_40' title="bbox 325 4793 1978 4881; baseline 0.002 -24"><span class='ocrx_word' id='word_1_271' title='bbox 325 4793 453 4879; x_wconf 90' lang='lat' dir='ltr'>populi,</span> <span class='ocrx_word' id='word_1_272' title='bbox 485 4814 550 4857; x_wconf 91' lang='lat' dir='ltr'>non</span> <span class='ocrx_word' id='word_1_273' title='bbox 573 4793 720 4859; x_wconf 89' lang='lat' dir='ltr'>liberalis</span> <span class='ocrx_word' id='word_1_274' title='bbox 745 4793 936 4858; x_wconf 87' lang='lat' dir='ltr'>eruditionis</span> <span class='ocrx_word' id='word_1_275' title='bbox 959 4795 1167 4881; x_wconf 89' lang='lat' dir='ltr'>gymnasium</span> <span class='ocrx_word' id='word_1_276' title='bbox 1190 4795 1245 4878; x_wconf 90' lang='lat' dir='ltr'>qni</span> <span class='ocrx_word' id='word_1_277' title='bbox 1269 4794 1374 4859; x_wconf 90' lang='lat' dir='ltr'>adhuc</span> <span class='ocrx_word' id='word_1_278' title='bbox 1398 4797 1490 4879; x_wconf 89' lang='lat' dir='ltr'>quasi</span> <span class='ocrx_word' id='word_1_279' title='bbox 1515 4796 1547 4859; x_wconf 94' lang='lat' dir='ltr'>in</span> <span class='ocrx_word' id='word_1_280' title='bbox 1571 4793 1759 4859; x_wconf 84' lang='lat' dir='ltr'>secessibus</span> <span class='ocrx_word' id='word_1_281' title='bbox 1783 4793 1978 4860; x_wconf 89' lang='lat' dir='ltr'>conticiscit.</span> 
     </span>
    </p>
   </div>
   <div class='ocr_carea' id='block_1_8' title="bbox 325 5049 1984 5640">
    <p class='ocr_par' dir='ltr' id='par_1_8' title="bbox 325 5049 1981 5366">
     <span class='ocr_line' id='line_1_41' title="bbox 430 5049 1980 5122; baseline 0.003 -19"><span class='ocrx_word' id='word_1_282' title='bbox 430 5071 454 5103; x_wconf 88' lang='lat' dir='ltr'>v.</span> <span class='ocrx_word' id='word_1_283' title='bbox 475 5051 507 5104; x_wconf 85' lang='lat'>13</span> <span class='ocrx_word' id='word_1_284' title='bbox 526 5054 607 5105; x_wconf 85' lang='lat' dir='ltr'>uariis</span> <span class='ocrx_word' id='word_1_285' title='bbox 625 5055 708 5106; x_wconf 84' lang='lat' dir='ltr'>tenuit</span> <span class='ocrx_word' id='word_1_286' title='bbox 722 5054 754 5117; x_wconf 88' lang='lat' dir='ltr'>B,</span> <span class='ocrx_word' id='word_1_287' title='bbox 772 5056 857 5106; x_wconf 83' lang='lat' dir='ltr'>tonuit</span> <span class='ocrx_word' id='word_1_288' title='bbox 875 5056 954 5107; x_wconf 82' lang='lat' dir='ltr'>uariis</span> <span class='ocrx_word' id='word_1_289' title='bbox 971 5055 1046 5107; x_wconf 64' lang='lat' dir='ltr'>cebri</span> <span class='ocrx_word' id='word_1_290' title='bbox 1189 5072 1213 5104; x_wconf 85' lang='lat' dir='ltr'>v.</span> <span class='ocrx_word' id='word_1_291' title='bbox 1234 5052 1267 5105; x_wconf 87' lang='grc'>19</span> <span class='ocrx_word' id='word_1_292' title='bbox 1284 5055 1387 5122; x_wconf 85' lang='lat' dir='ltr'>subegit</span> <span class='ocrx_word' id='word_1_293' title='bbox 1399 5054 1424 5105; x_wconf 90' lang='lat' dir='ltr'><em>B</em></span> <span class='ocrx_word' id='word_1_294' title='bbox 1567 5071 1592 5104; x_wconf 85' lang='lat' dir='ltr'>v.</span> <span class='ocrx_word' id='word_1_295' title='bbox 1611 5049 1645 5105; x_wconf 72' lang='lat'>22</span> <span class='ocrx_word' id='word_1_296' title='bbox 1663 5052 1762 5122; x_wconf 88' lang='lat' dir='ltr'>portus]</span> <span class='ocrx_word' id='word_1_297' title='bbox 1781 5063 1872 5122; x_wconf 88' lang='lat' dir='ltr'>protus</span> <span class='ocrx_word' id='word_1_298' title='bbox 1889 5054 1934 5106; x_wconf 66' lang='grc' dir='ltr'>Βα</span> <span class='ocrx_word' id='word_1_299' title='bbox 1952 5064 1980 5106; x_wconf 80' lang='lat' dir='ltr'>ut</span> 
     </span>
     <span class='ocr_line' id='line_1_42' title="bbox 325 5128 1981 5208; baseline 0.002 -18"><span class='ocrx_word' id='word_1_300' title='bbox 325 5139 425 5191; x_wconf 71' lang='lat' dir='ltr'>rtidctur</span> <span class='ocrx_word' id='word_1_301' title='bbox 511 5138 594 5204; x_wconf 80' lang='lat' dir='ltr'>lsssis]</span> <span class='ocrx_word' id='word_1_302' title='bbox 614 5141 675 5191; x_wconf 86' lang='lat' dir='ltr'>felix</span> <span class='ocrx_word' id='word_1_303' title='bbox 695 5139 773 5192; x_wconf 77' lang='lat' dir='ltr'>Siras.</span> <span class='ocrx_word' id='word_1_304' title='bbox 914 5160 938 5192; x_wconf 92' lang='lat' dir='ltr'>v.</span> <span class='ocrx_word' id='word_1_305' title='bbox 957 5139 992 5192; x_wconf 79' lang='lat'>28</span> <span class='ocrx_word' id='word_1_306' title='bbox 1009 5128 1096 5208; x_wconf 81' lang='lat' dir='ltr'>quam]</span> <span class='ocrx_word' id='word_1_307' title='bbox 1115 5158 1191 5207; x_wconf 87' lang='lat' dir='ltr'>quarn</span> <span class='ocrx_word' id='word_1_308' title='bbox 1211 5141 1289 5192; x_wconf 77' lang='lat' dir='ltr'>Sis-m.</span> <span class='ocrx_word' id='word_1_309' title='bbox 1431 5158 1455 5191; x_wconf 86' lang='lat' dir='ltr'>v.</span> <span class='ocrx_word' id='word_1_310' title='bbox 1475 5137 1508 5191; x_wconf 76' lang='lat'>32</span> <span class='ocrx_word' id='word_1_311' title='bbox 1527 5141 1635 5192; x_wconf 87' lang='lat' dir='ltr'>rimosas</span> <span class='ocrx_word' id='word_1_312' title='bbox 1656 5143 1738 5208; x_wconf 87' lang='lat' dir='ltr'>puppi</span> <span class='ocrx_word' id='word_1_313' title='bbox 1761 5140 1861 5205; x_wconf 68' lang='lat' dir='ltr'>semu,</span> <span class='ocrx_word' id='word_1_314' title='bbox 1886 5143 1981 5193; x_wconf 74' lang='lat' dir='ltr'>rimosa</span> 
     </span>
     <span class='ocr_line' id='line_1_43' title="bbox 327 5222 1980 5295; baseline 0.004 -22"><span class='ocrx_word' id='word_1_315' title='bbox 327 5228 412 5292; x_wconf 85' lang='lat' dir='ltr'>pompi</span> <span class='ocrx_word' id='word_1_316' title='bbox 425 5226 457 5290; x_wconf 83' lang='lat' dir='ltr'>B,</span> <span class='ocrx_word' id='word_1_317' title='bbox 476 5226 593 5277; x_wconf 87' lang='lat' dir='ltr'>rimosam</span> <span class='ocrx_word' id='word_1_318' title='bbox 613 5228 718 5295; x_wconf 89' lang='lat' dir='ltr'>puppim</span> <span class='ocrx_word' id='word_1_319' title='bbox 735 5229 810 5279; x_wconf 72' lang='lat' dir='ltr'>ceteri</span> <span class='ocrx_word' id='word_1_320' title='bbox 880 5246 905 5278; x_wconf 88' lang='lat' dir='ltr'>v.</span> <span class='ocrx_word' id='word_1_321' title='bbox 923 5226 958 5279; x_wconf 90' lang='lat'>33</span> <span class='ocrx_word' id='word_1_322' title='bbox 975 5225 1125 5294; x_wconf 85' lang='lat' dir='ltr'>conpositis]</span> <span class='ocrx_word' id='word_1_323' title='bbox 1144 5234 1285 5294; x_wconf 82' lang='lat' dir='ltr'>conpetunt</span> <span class='ocrx_word' id='word_1_324' title='bbox 1297 5226 1342 5277; x_wconf 70' lang='lat' dir='ltr'>Bc</span> <span class='ocrx_word' id='word_1_325' title='bbox 1412 5222 1536 5291; x_wconf 62' lang='lat' dir='ltr'>‹pustiaml</span> <span class='ocrx_word' id='word_1_326' title='bbox 1555 5228 1687 5291; x_wconf 84' lang='lat' dir='ltr'>quantiam</span> <span class='ocrx_word' id='word_1_327' title='bbox 1700 5225 1726 5276; x_wconf 84' lang='grc' dir='ltr'><em>Β</em></span> <span class='ocrx_word' id='word_1_328' title='bbox 1795 5244 1819 5278; x_wconf 86' lang='lat' dir='ltr'>v.</span> <span class='ocrx_word' id='word_1_329' title='bbox 1835 5224 1871 5278; x_wconf 80' lang='lat' dir='ltr'>3t&#39;)</span> <span class='ocrx_word' id='word_1_330' title='bbox 1888 5224 1980 5295; x_wconf 83' lang='lat' dir='ltr'>doctis]</span> 
     </span>
     <span class='ocr_line' id='line_1_44' title="bbox 327 5312 970 5366; baseline 0.008 -5"><span class='ocrx_word' id='word_1_331' title='bbox 327 5312 400 5362; x_wconf 86' lang='lat' dir='ltr'>dictis</span> <span class='ocrx_word' id='word_1_332' title='bbox 416 5312 457 5361; x_wconf 80' lang='lat' dir='ltr'>Va</span> <span class='ocrx_word' id='word_1_333' title='bbox 475 5321 499 5363; x_wconf 84' lang='lat' dir='ltr'>et</span> <span class='ocrx_word' id='word_1_334' title='bbox 517 5312 596 5363; x_wconf 80' lang='lat' dir='ltr'>Sirm.</span> <span class='ocrx_word' id='word_1_335' title='bbox 701 5332 726 5365; x_wconf 89' lang='lat' dir='ltr'>v.</span> <span class='ocrx_word' id='word_1_336' title='bbox 745 5312 781 5366; x_wconf 85' lang='lat'>40</span> <span class='ocrx_word' id='word_1_337' title='bbox 798 5324 872 5366; x_wconf 84' lang='lat' dir='ltr'>uates</span> <span class='ocrx_word' id='word_1_338' title='bbox 891 5315 970 5366; x_wconf 81' lang='lat' dir='ltr'>Sirm.</span> 
     </span>
    </p>

    <p class='ocr_par' dir='ltr' id='par_1_9' title="bbox 327 5412 1984 5640">
     <span class='ocr_line' id='line_1_45' title="bbox 432 5412 1980 5485; baseline 0.003 -20"><span class='ocrx_word' id='word_1_339' title='bbox 432 5412 490 5482; x_wconf 91' lang='lat'>[111]</span> <span class='ocrx_word' id='word_1_340' title='bbox 527 5413 545 5467; x_wconf 90' lang='lat'><strong>3</strong></span> <span class='ocrx_word' id='word_1_341' title='bbox 562 5418 728 5469; x_wconf 83' lang='lat' dir='ltr'>causedicum</span> <span class='ocrx_word' id='word_1_342' title='bbox 745 5416 768 5465; x_wconf 81' lang='lat' dir='ltr'><strong><em>V</em></strong></span> <span class='ocrx_word' id='word_1_343' title='bbox 863 5415 880 5468; x_wconf 81' lang='lat'>4</span> <span class='ocrx_word' id='word_1_344' title='bbox 897 5417 1001 5485; x_wconf 83' lang='lat' dir='ltr'>linguas</span> <span class='ocrx_word' id='word_1_345' title='bbox 1018 5416 1144 5468; x_wconf 83' lang='lat' dir='ltr'>auditoris</span> <span class='ocrx_word' id='word_1_346' title='bbox 1156 5414 1190 5479; x_wconf 87' lang='lat' dir='ltr'>B,</span> <span class='ocrx_word' id='word_1_347' title='bbox 1207 5416 1335 5467; x_wconf 78' lang='lat' dir='ltr'>auditoria</span> <span class='ocrx_word' id='word_1_348' title='bbox 1352 5415 1455 5481; x_wconf 80' lang='lat' dir='ltr'>linguas</span> <span class='ocrx_word' id='word_1_349' title='bbox 1472 5415 1548 5466; x_wconf 78' lang='lat' dir='ltr'>ceteri</span> <span class='ocrx_word' id='word_1_350' title='bbox 1565 5414 1580 5466; x_wconf 87' lang='lat' dir='ltr'>i.</span> <span class='ocrx_word' id='word_1_351' title='bbox 1593 5431 1615 5466; x_wconf 81' lang='lat' dir='ltr'>e.</span> <span class='ocrx_word' id='word_1_352' title='bbox 1632 5414 1777 5467; x_wconf 77' lang='lat' dir='ltr'><em>VLYOOP</em></span> <span class='ocrx_word' id='word_1_353' title='bbox 1826 5432 1886 5468; x_wconf 78' lang='lat' dir='ltr'>nant</span> <span class='ocrx_word' id='word_1_354' title='bbox 1902 5412 1980 5483; x_wconf 73' lang='lat' dir='ltr'>qm]</span> 
     </span>
     <span class='ocr_line' id='line_1_46' title="bbox 327 5500 1984 5570; baseline 0.001 -18"><span class='ocrx_word' id='word_1_355' title='bbox 327 5517 413 5567; x_wconf 86' lang='lat' dir='ltr'>namq.</span> <span class='ocrx_word' id='word_1_356' title='bbox 433 5501 531 5553; x_wconf 66' lang='lat' dir='ltr'>codices</span> <span class='ocrx_word' id='word_1_357' title='bbox 666 5501 684 5554; x_wconf 82' lang='lat'>5</span> <span class='ocrx_word' id='word_1_358' title='bbox 701 5504 882 5556; x_wconf 73' lang='lat' dir='ltr'>taciturnitatis</span> <span class='ocrx_word' id='word_1_359' title='bbox 901 5503 979 5557; x_wconf 64' lang='lat' dir='ltr'>sim.</span> <span class='ocrx_word' id='word_1_360' title='bbox 1108 5501 1123 5554; x_wconf 82' lang='lat'>7</span> <span class='ocrx_word' id='word_1_361' title='bbox 1141 5503 1216 5554; x_wconf 86' lang='lat' dir='ltr'>uinta</span> <span class='ocrx_word' id='word_1_362' title='bbox 1233 5501 1260 5552; x_wconf 91' lang='lat' dir='ltr'><em>B</em></span> <span class='ocrx_word' id='word_1_363' title='bbox 1265 5509 1281 5539; x_wconf 79' lang='lat'><em>⁰</em></span> <span class='ocrx_word' id='word_1_364' title='bbox 1372 5519 1417 5553; x_wconf 83' lang='lat' dir='ltr'>orn</span> <span class='ocrx_word' id='word_1_365' title='bbox 1434 5505 1459 5561; x_wconf 84' lang='lat' dir='ltr'>(o</span> <span class='ocrx_word' id='word_1_366' title='bbox 1475 5501 1504 5551; x_wconf 78' lang='lat' dir='ltr'>in</span> <span class='ocrx_word' id='word_1_367' title='bbox 1523 5501 1570 5567; x_wconf 75' lang='lat' dir='ltr'>lia)</span> <span class='ocrx_word' id='word_1_368' title='bbox 1588 5500 1614 5552; x_wconf 91' lang='lat' dir='ltr'><em>B</em></span> <span class='ocrx_word' id='word_1_369' title='bbox 1743 5500 1761 5553; x_wconf 91' lang='lat'><em>8</em></span> <span class='ocrx_word' id='word_1_370' title='bbox 1776 5503 1938 5570; x_wconf 65' lang='lat' dir='ltr'>gemundum</span> <span class='ocrx_word' id='word_1_371' title='bbox 1956 5501 1984 5554; x_wconf 88' lang='lat' dir='ltr'><em>B</em></span> 
     </span>
     <span class='ocr_line' id='line_1_47' title="bbox 327 5586 516 5640; baseline -0.021 0"><span class='ocrx_word' id='word_1_372' title='bbox 327 5588 475 5640; x_wconf 75' lang='lat' dir='ltr'>conticescit</span> <span class='ocrx_word' id='word_1_373' title='bbox 491 5586 516 5636; x_wconf 87' lang='lat' dir='ltr'><em>V</em></span> 
     </span>
    </p>
   </div>
   <div class='ocr_carea' id='block_1_9' title="bbox 0 0 2264 6228">
    <p class='ocr_par' dir='ltr' id='par_1_10' title="bbox 0 0 2264 6228">
     <span class='ocr_line' id='line_1_48' title="bbox 0 0 2264 6228; baseline 0 0"><span class='ocrx_word' id='word_1_374' title='bbox 0 0 2264 6228; x_wconf 95' lang='lat' dir='ltr'> </span> 
     </span>
    </p>
   </div>
  </div>
 </body>
</html>
