4500 6232
615 264 738 329 CDXXV
757 264 879 331 (EPIST.
900 267 924 329 9,
941 267 969 334 3)
989 296 1020 305 -
1040 266 1191 321 coxxvu
1210 266 1332 334 (EPIST.
1351 268 1376 329 o,
1394 269 1430 333 5).
1787 271 1850 335 ‘295

198 439 240 502 sit
263 439 388 502 familia
410 440 516 526 potius
540 439 687 502 inveniri.
734 438 854 502 suffieit
877 438 1035 502 honorum
1067 439 1191 524 cupidis
1223 441 1268 502 sie
1298 440 1408 524 plures
1439 441 1579 508 vincere.
1607 448 1642 504 ut
1671 441 1851 524 potissimis

196 548 425 627 conparentur.
471 542 680 606 honestatem
704 543 832 606 iuvenis
856 542 1008 627 vulgatus
1033 543 1189 611 natalium
1216 541 1322 628 pudor
1350 541 1503 605 ostendit.
1549 541 1647 606 faeiat
1669 542 1851 607 divinitatis

196 645 410 730 dispensatio,
447 651 483 707 ut
516 667 575 730 per
606 666 664 708 vos
698 646 860 731 principia
894 646 964 709 eius
995 644 1048 709 hic
1082 646 1166 711 bene
1202 648 1308 711 locata
1342 646 1533 710 solidentur.
1580 668 1657 729 ergo
1692 646 1881 711 honoreml

198 748 405 812 salutationis
438 749 577 833 aecipite
602 754 635 813 et
657 748 807 833 petitioni
837 769 932 812 meae
960 755 1107 834 paterna,
1136 751 1221 814 sicut
1248 756 1480 834 praeceptores
1508 751 1637 812 vocavit
1663 750 1851 834 antiquitas.

132 874 143 905 .·.
196 853 321 938 pietate
344 850 553 938 respondete.

812 1072 991 1142 ouxxvl
1015 1077 1123 1159 (sens.
1142 1082 1171 1155 9,
1189 1076 1233 1159 4).

778 1269 991 1345 PROBINO
1018 1271 1266 1361 ENNODIVS.

320 1416 366 1512 Si
390 1445 476 1534 apud
506 1447 719 1512 eminentiam
750 1454 893 1509 vestram
924 1446 1119 1532 subplicatio
1142 1470 1216 1512 mea
1240 1447 1465 1512 recordatione
1491 1447 1696 1530 subsisteret,
1732 1448 1876 1515 crebral

199 1552 376 1638 scriptione
399 1549 571 1636 patuisset,
603 1570 664 1614 neo
687 1569 768 1635 quos
791 1546 878 1633 apud
907 1549 1076 1632 Liguriam
1105 1554 1232 1613 vestros
1265 1550 1454 1635 dignatione
1487 1552 1667 1631 vocabatis,
1697 1553 1854 1639 sepeliret

199 1654 331 1719 oblivio.
376 1651 435 1718 sed
459 1653 534 1737 quia
556 1652 630 1716 loeo
654 1659 687 1717 et
703 1651 820 1737 opibus
837 1649 933 1715 divisi
950 1673 1011 1716 uec
1026 1650 1218 1736 diligentiae
1235 1653 1309 1739 lege
1326 1663 1556 1740 conparantur,
1579 1654 1654 1719 ideo
1671 1655 1851 1741 perlectam

200 1757 358 1822 subiectis
382 1758 562 1836 caritatem,
587 1756 613 1818 si
637 1753 727 1839 digni
753 1755 818 1818 sint
841 1752 1059 1834 adlocutione,
1092 1757 1265 1841 praestatis
1295 1757 1355 1821 hae
1385 1759 1417 1821 in
1447 1759 1623 1822 amicitiam
1654 1757 1852 1824 discretione

199 1869 367 1940 coeuntes,
391 1868 427 1925 ut
450 1882 508 1925 vos
534 1861 695 1946 cogamini
718 1865 845 1924 tantum
869 1860 1045 1944 respicere,
1070 1881 1129 1924 nos
1154 1881 1273 1924 amare.
1315 1860 1376 1924 erit
1399 1861 1511 1925 vilium
1536 1862 1678 1947 superba
1694 1860 1885 1940 condicio,2

200 1967 227 2030 si
261 1966 335 2052 plus
364 1986 384 2028 a
414 1962 604 2050 potentibus
643 1983 739 2048 quam
777 1961 880 2026 verba
917 1963 1169 2046 praestulentur.
1221 1963 1260 2027 ad
1300 1965 1480 2048 querellam
1518 1964 1671 2029 descendi
1708 1966 1853 2030 caritatis

199 2070 349 2155 imperio.
396 2067 558 2132 debuistis
581 2087 633 2130 mc
657 2073 732 2152 post
754 2065 947 2151 periculum,
978 2066 1064 2150 quod
1088 2066 1253 2133 videratis.
1286 2066 1419 2152 dignum
1442 2076 1559 2154 putare
1587 2068 1770 2152 conloquio.
1801 2070 1852 2134 vel

202 2174 276 2258 quia
310 2172 451 2236 recentis
488 2170 635 2256 mysterii
676 2169 928 2234 reviviscentem
966 2168 1204 2235 conmendabat
1237 2170 1396 2245 adsertio;
1434 2177 1513 2256 puto
1545 2169 1630 2255 quod
1664 2171 1754 2255 digni
1788 2172 1854 2235 sint

202 2277 358 2340 bonorum
383 2275 490 2358 gratia
512 2273 552 2339 de
579 2273 738 2359 sepulcris
762 2272 976 2358 redemptoris
999 2274 1101 2336 nostri
1124 2273 1270 2359 potentia
1294 2273 1444 2337 restituti.
1480 2295 1540 2358 ego
1563 2280 1682 2351 tamen,
1706 2275 1854 2360 quamvis

200 2380 261 2442 sim
285 2377 440 2464 prodigus
465 2377 579 2442 frontis
604 2383 637 2440 et
659 2376 821 2461 garrulus,
853 2374 994 2440 necdum
1018 2374 1058 2440 de
1083 2398 1134 2440 mc
1161 2375 1313 2440 fiduciam
1344 2394 1467 2462 gerens
1495 2378 1692 2463 propinquos
1716 2378 1854 2443 insinuo.

199 2480 422 2568 praesentium
438 2480 577 2566 portitor
593 2478 703 2544 domui
719 2479 867 2544 Faustini
891 2478 977 2543 filius
997 2479 1198 2545 sufficienter
1212 2480 1299 2543 bona
1317 2480 1491 2565 pollicetur
1508 2482 1624 2545 merita
1640 2479 1680 2544 do
1697 2488 1851 2566 parente:
1866 2483 1885 2543 3

198 2585 284 2651 hune
308 2590 345 2648 ut
367 2604 424 2648 vos
447 2583 594 2663 foveatis,
618 2584 766 2670 imploro,
790 2584 866 2668 quia
889 2584 974 2648 bene
997 2584 1102 2648 nostis
1126 2605 1191 2670 qua
1215 2584 1258 2647 sit
1282 2590 1411 2648 creator
1434 2585 1504 2648 eius
1528 2604 1653 2649 morum
1678 2585 1751 2649 luce
1777 2605 1852 2648 con·

201 2689 344 2776 spiceus,
368 2708 429 2752 nee
453 2685 553 2751 debet
576 2686 616 2751 ad
641 2687 722 2751 alios
752 2686 910 2751 festinare
939 2687 1000 2751 nisi
1029 2686 1069 2751 ad
1093 2708 1152 2751 vos
1176 2707 1413 2772 quemcumque
1436 2687 1524 2752 vitae
1548 2687 1726 2752 auotoritas
1750 2694 1855 2752 armat

123 2815 148 2847 ιιι
201 2799 235 2857 et
261 2791 405 2879 generis.
451 2812 541 2876 ergo,
573 2788 702 2854 domiue
732 2791 786 2868 mi,
822 2790 979 2876 obsequio
1011 2791 1216 2857 salutationis
1248 2790 1386 2875 inpenso
1416 2811 1507 2875 rogo,
1537 2797 1574 2854 ut
1603 2791 1854 2877 prosperitatem

202 2903 346 2962 vestram
370 2894 559 2980 epistolaris
582 2914 660 2959 eura
683 2892 882 2958 manifestet.

806 3218 1006 3287 cuxxvu
1029 3221 1253 3306 (EPlST.9,5).
1325 3164 1329 3180 ’

631 3416 912 3489 HORMlSDAE
939 3415 1151 3491 DlACONO
1179 3416 1427 3489 ENNODIVS.

316 3562 489 3657 Caelestis
513 3592 714 3677 dispensatio
735 3591 965 3678 epistolaribus
989 3593 1159 3656 beneficiis
1176 3592 1303 3655 iunctos
1322 3593 1457 3654 caritate
1475 3592 1650 3668 consociat,
1674 3589 1749 3653 dum
1774 3595 1883 3674 quesl

203 3697 359 3762 discernit
374 3697 527 3760 itinerum
543 3697 726 3780 prolixitas,
749 3697 781 3759 in
799 3694 942 3759 remedio
960 3695 1189 3760 sollicitudinis
1206 3696 1311 3780 iungit
1328 3694 1467 3771 allectio,
1492 3695 1517 3757 si
1535 3695 1578 3757 sit
1595 3716 1672 3757 cura
1689 3695 1856 3758 sermonis.

138 3846 143 3857 ·
202 3802 367 3867 silentium
392 3807 502 3865 tamen
527 3805 671 3863 vestrum
695 3799 791 3863 nimis
815 3798 968 3878 admiror,
992 3799 1077 3884 quod
1095 3806 1169 3886 pest
1185 3799 1356 3884 depositae
1374 3799 1520 3863 sarcinas
1537 3797 1751 3882 aegritudiuis
1768 3799 1858 3863 nulla

202 3926 254 3971 me
284 3904 492 3969 adlocutione
523 3903 733 3968 sublevastis.
779 3901 837 3968 sed
866 3904 941 3987 quia
971 3904 1134 3989 loquendo
1165 3909 1324 3989 oportune
1363 3902 1520 3986 cogimus.
1551 3908 1586 3964 ut
1617 3901 1771 3987 loquaris,
1805 3902 1856 3967 vel

201 4007 324 4092 garruli
346 4007 528 4071 imitatione
552 4006 727 4092 responde.
763 4007 849 4071 bene
869 4006 955 4070 enim
978 4028 1030 4071 res
1055 4005 1208 4071 desiderii
1225 4013 1258 4071 et
1276 4007 1422 4092 poscitur
1438 4013 1472 4070 et
1488 4006 1670 4091 inpetratur
1685 4007 1856 4092 exemplis.

202 4130 281 4195 ergo
303 4110 459 4175 honorem
484 4110 689 4174 salutationis
719 4108 901 4195 inpendens
931 4107 1038 4172 indico
1069 4130 1121 4173 me
1148 4109 1209 4174 deo
1240 4109 1380 4195 propitio
1409 4109 1476 4173 iarn
1505 4109 1627 4184 valere,
1659 4108 1889 4194 subplioaus,2

202 4218 239 4276 ut
260 4213 381 4277 vicaria
403 4213 482 4277 mihi
506 4212 572 4276 stili
595 4213 856 4298 promulgatione
881 4209 1070 4276 benedicas.

310 4473 481 4526 lanitioetB
585 4470 782 4537 2uulgaturB
886 4468 1129 4536 ipraeceptorisB
1231 4468 1411 4535 braapondite
1424 4469 1449 4518 Β

308 4573 461 4642 [CDXXVl]
497 4574 514 4624 ti
533 4575 641 4642 prouino
663 4575 789 4625 ennodius
806 4573 837 4635 B,
859 4575 984 4624 ennodius
1009 4574 1117 4640 prouino
1133 4572 1207 4622 VLY
1336 4569 1351 4620 'l
1370 4573 1522 4640 supplicatio
1541 4573 1563 4621 V
1691 4572 1815 4638 tique-s
1835 4572 1859 4622 Β

204 4661 221 4713 9
238 4663 334 4729 opliuio
346 4661 371 4711 B
499 4660 532 4712 10
548 4661 703 4712 allocutione
719 4660 744 4708 V
830 4666 970 4725 praestatae
983 4659 1008 4709 B
1137 4655 1170 4707 12
1188 4659 1209 4707 si
1228 4659 1286 4723 plus
1305 4658 1413 4725 simplex
1431 4674 1448 4710 a
1463 4658 1492 4720 B,
1511 4658 1621 4725 simplex
1639 4667 1666 4708 ut
1684 4658 1859 4724 dittoyrwda'd

204 4749 341 4815 cerastarum
362 4749 499 4800 &lendum
567 4748 754 4814 praestolentur
771 4746 793 4794 V
859 4746 1011 4812 quaerillam
1024 4743 1058 4808 B,
1073 4744 1204 4810 querelam
1222 4744 1245 4792 V
1307 4745 1420 4797 discendi
1437 4745 1506 4806 libri,
1523 4763 1569 4795 em.
1583 4744 1661 4797 Sim.
1766 4742 1798 4795 13
1815 4745 1857 4795 de·

205 4837 302 4886 buistes
314 4835 339 4884 B
412 4834 540 4899 colloquio
553 4833 578 4882 V
683 4831 715 4882 15
733 4833 875 4899 sepulchris
892 4831 915 4879 V
985 4829 1080 4896 tamen]
1099 4840 1149 4882 tam
1163 4830 1188 4880 B
1302 4828 1333 4879 16
1351 4831 1468 4896 garrolus
1482 4830 1506 4880 Β
1575 4827 1705 4895 fiduciam]
1724 4831 1820 4881 tiduam
1834 4831 1859 4880 B

205 4921 400 4989 propinquusll
523 4915 554 4968 ll
572 4926 702 4986 parentem
715 4919 740 4969 B
862 4917 894 4969 19
911 4919 981 4969 debit
994 4918 1019 4968 B
1101 4917 1167 4967 alius
1181 4916 1205 4964 B
1324 4914 1360 4966 ‘20
1378 4918 1469 4967 domne
1482 4916 1560 4967 Siras.
1643 4913 1687 4982 mi]
1707 4917 1769 4966 milri
1783 4915 1858 4965 BVL

204 5005 236 5058 21
257 5008 406 5075 epistolares
418 5006 443 5057 B
513 5005 652 5056 manifestit
663 5003 689 5054 Β

309 5106 475 5176 [coxxvn]
516 5105 551 5159 22
567 5088 639 5161 dia-<se
648 5107 682 5172 B,
699 5089 827 5159 ‹113th
943 5106 978 5158 ‘23
998 5109 1101 5158 iunctus
1114 5105 1146 5169 B,
1168 5107 1309 5156 disiunctos
1329 5104 1393 5154 coni.
1408 5103 1503 5154 llaral
1617 5102 1651 5155 ‘24
1667 5104 1822 5157 itenererum
1833 5103 1860 5157 B

205 5196 240 5249 26
257 5197 413 5248 allocutione
430 5194 454 5243 V
544 5196 681 5261 inportune
699 5195 764 5245 coni.
779 5193 875 5245 Hor-tel
976 5195 1092 5261 loquaree
1105 5191 1130 5243 B
1268 5189 1300 5241 al
1318 5191 1413 5259 garroli
1427 5191 1452 5241 B
1549 5191 1655 5258 respode
1672 5207 1728 5259 sup.
1742 5192 1787 5241 lin.
1805 5209 1822 5242 n
1835 5190 1861 5243 B

205 5284 287 5352 poscit
298 5281 324 5332 B
425 5279 460 5332 28
478 5281 625 5352 supplicans
642 5279 667 5329 V
