4500 6232
324 262 388 323 m
813 256 919 313 cccxi
937 257 1044 319 reim.
1064 258 1115 321 rs..
1131 255 1252 309 cestu
1269 255 1393 309 «essu
1411 258 1435 319 ι,
1450 256 1489 309 n.

323 434 492 495 institutus
516 431 664 496 cruditus
688 432 729 495 ad
753 432 838 495 bane
861 452 1013 496 messem
1037 430 1171 495 iudices.
1195 432 1304 495 ieiuna
1327 430 1462 515 pudoris
1484 446 1594 494 mente
1616 430 1777 516 pervenit.
1798 450 1843 493 ue
1858 428 1896 493 iu
1912 428 1989 493 iuro

324 558 383 599 suo
413 538 557 622 patiatur
586 558 676 600 csse.
711 554 883 622 postquam
914 537 1068 600 universo
1099 534 1256 622 perdidit.
1285 536 1472 621 patrimonii
1502 535 1685 618 largitores.
1729 532 1928 597 damnamus
1950 532 1988 596 iu

324 641 485 703 scelerato
510 641 709 703 voluntatem
733 641 969 725 turpissimam.
1007 661 1081 703 nam
1104 641 1242 723 contigit
1257 640 1406 702 liutsiton.
1430 656 1465 700 ut
1480 637 1522 701 ad
1538 637 1657 723 probos
1672 636 1819 701 dominos
1834 637 1987 723 priorum

293 742 451 805 iruorum
475 764 550 805 osas
574 743 734 807 tenedon
758 744 901 807 lenitatis
917 745 1077 807 emiseris.
1115 743 1294 806 communis
1310 757 1360 806 est
1376 741 1535 804 universis
1550 741 1776 805 detunctorum
1792 741 1987 805 reverentia

322 864 357 909 ct
380 848 465 909 eirca
488 847 681 929 religionem
706 862 796 910 sorte
812 847 927 910 ultima
945 846 1149 909 conditonrm
1165 844 1298 929 dignam
1316 845 1419 930 poscit
1436 843 1622 907 humanitas
1637 846 1789 909 universa
1804 846 1987 909 culturam.

323 948 539 1012 excellentius
564 966 672 1013 tamon
698 949 874 1013 maioribus
898 950 1019 1014 uostris
1041 948 1153 1013 debita
1175 969 1329 1033 suprema
1353 946 1541 1011 redduntur.
1563 969 1645 1033 quos
1668 948 1714 1012 ita
1728 948 1792 1013 sibi
1808 948 1988 1013 veneratio

324 1054 476 1137 proponit
505 1070 580 1117 anto
614 1054 743 1115 oculos.
782 1070 816 1115 ut
844 1052 895 1116 dis
925 1051 1098 1117 credamus
1128 1052 1327 1117 exhibitum.
1361 1052 1393 1113 in
1421 1052 1540 1135 quibus
1567 1049 1795 1115 detunctorum
1821 1049 1986 1115 mandata

323 1172 536 1239 prnsguntur.
576 1176 745 1219 servemus
769 1156 1029 1240 universaquae
1054 1156 1218 1219 iusserint.
1243 1176 1305 1217 non
1329 1147 1502 1218 credentes
1524 1156 1646 1239 inpune
1669 1156 1869 1239 contingere,
1893 1152 1987 1238 quod

292 1258 366 1323 ‘cde
401 1281 512 1322 eorum
550 1260 648 1323 fucrit
684 1260 916 1345 praeceptione
950 1260 1117 1323 violatum.
1173 1280 1238 1322 non
1273 1260 1402 1322 invenio
1435 1278 1554 1321 norum
1588 1258 1741 1323 facinoris
1774 1279 1881 1342 genus
1916 1277 1988 1341 quo

325 1363 488 1447 explicem
520 1364 664 1427 novitate
695 1382 890 1425 sennonem.
936 1362 1056 1447 quibus
1085 1363 1146 1425 tuit
1174 1363 1381 1446 sacrilegium
1411 1382 1475 1425 non
1506 1382 1637 1446 parcre.
1666 1363 1763 1446 quale
1791 1374 1841 1425 est
1863 1380 1986 1425 eorum

327 1486 479 1549 suprema
502 1465 666 1529 domicilia
682 1488 739 1550 pro
756 1464 888 1528 ludicris
906 1465 1111 1529 vendidisse?
1147 1464 1281 1529 credite.
1305 1466 1501 1547 cognitores.
1524 1476 1612 1528 sture
1627 1472 1704 1529 ante
1720 1465 1833 1529 oculos
1848 1472 1987 1527 vestros

324 1584 371 1631 tot
409 1568 503 1631 istius
539 1586 653 1631 atavos
688 1566 851 1631 vindictae
892 1584 1040 1654 tempera
1075 1570 1331 1654 praestolantes.
1371 1589 1508 1653 quorum
1543 1568 1726 1653 placatione
1759 1588 1914 1631 mansura
1949 1567 1986 1629 iu

326 1686 492 1753 postemm
515 1672 603 1735 circa
626 1688 779 1756 parentes
804 1671 976 1757 diligentia
1000 1673 1121 1756 poterit
1143 1674 1215 1736 sine
1238 1673 1314 1736 labe
1336 1672 1465 1736 sanciri.

958 1992 1114 2063 ccuxll
1137 1997 1243 2081 (tuus.
1264 2005 1290 2065 t.
1306 2000 1351 2075 3).

652 2190 928 2265 PRAEFATIO
965 2191 1110 2265 DlCTA
1145 2191 1411 2265 NEPOTlBVS
1447 2191 1657 2265 Psocvu

855 2329 945 2402 SVB
980 2329 1058 2401 DIE
1091 2327 1171 2402 XV,
1205 2328 1313 2403 KAL.
1349 2330 1448 2403 lllAl.

692 2498 855 2584 Exprimit
877 2499 911 2563 iu
934 2498 1059 2583 spicum
1082 2496 1181 2561 tellus
1203 2499 1268 2561 iam
1291 2499 1359 2562 leta
1381 2499 1531 2584 papillas.

739 2603 841 2667 Lacte
864 2601 1026 2666 maritatis
1050 2599 1181 2685 turgida
1204 2601 1393 2686 cespitibus.

691 2708 870 2792 Stringitur
891 2709 923 2771 iu
946 2707 1072 2792 prolem
1096 2726 1229 2791 sparsus
1252 2728 1312 2793 per
1333 2707 1482 2792 gramine
1505 2726 1614 2769 sucus.

740 2810 792 2875 De
815 2811 917 2895 guttis
942 2809 1069 2873 iaciens
1093 2810 1283 2896 progeniem
1308 2809 1457 2874 solidam.

622 2931 632 2963 ἰ
690 2914 842 2979 Vestitus
865 2915 1004 2998 gemmis
1028 2913 1193 2999 protendit
1215 2913 1349 2978 brachio
1371 2914 1507 2999 palmes.

740 3018 791 3083 De
814 3020 939 3103 gremio
962 3018 1044 3102 ligni
1068 3019 1242 3103 pampinus
1265 3039 1344 3082 ecce
1368 3018 1461 3082 viret.

693 3123 787 3187 Iussa
811 3144 871 3208 per
894 3133 1106 3207 augmentum
1130 3142 1215 3185 nune
1239 3123 1355 3185 silvam
1378 3120 1517 3208 perdere
1540 3121 1616 3184 sitis

740 3225 905 3311 Frugibus
929 3236 967 3290 ut
989 3238 1125 3305 creseat,
1149 3227 1285 3290 vulnera
1309 3227 1494 3291 conciliant.

692 3331 819 3395 Evocat
841 3330 977 3415 inquirit
1000 3328 1149 3415 gaudeus
1171 3330 1310 3395 infantis
1333 3329 1444 3394 muudi

627 3458 635 3485 ν
740 3433 921 3511 Nutricem,
945 3431 1046 3518 tepidi
1070 3453 1166 3516 quom
1189 3432 1279 3497 dedit
1302 3453 1381 3497 eura
1404 3433 1480 3519 poli.

690 3535 789 3602 Ludit
812 3557 872 3623 per
895 3536 1013 3600 faciem
1037 3556 1226 3621 camporum
1251 3537 1372 3600 rustica
1395 3536 1510 3620 pubes.

738 3640 936 3725 Respiciens
960 3637 1033 3702 duri
1055 3637 1150 3703 dulce
1175 3638 1296 3703 laboris
1319 3660 1412 3703 onus.

694 3748 810 3810 Annus
834 3752 944 3830 reptat
967 3764 1069 3808 orcus
1090 3751 1215 3808 tractus
1239 3766 1299 3830 per
1321 3765 1487 3807 murmura
1510 3744 1597 3808 reris

738 3849 857 3913 Fracto
880 3849 1040 3913 locuturis
1063 3850 1163 3914 mellc
1185 3850 1296 3914 serens
1320 3849 1427 3913 lobiis.

621 3994 626 4005 ι
691 3954 774 4019 Cum
799 3953 898 4018 rebus
920 3960 1033 4017 noster
1057 3952 1212 4018 balbuttit
1234 3955 1379 4018 carmine
1402 3974 1532 4018 sensus:

739 4060 851 4122 Aures
874 4057 1044 4143 principiis
1069 4055 1206 4122 dextera
1231 4066 1338 4142 portet
1361 4079 1468 4144 opem.

692 4161 849 4227 Blandior
872 4161 913 4226 cd
937 4162 1053 4228 falcem
1077 4184 1200 4228 messor
1223 4163 1373 4249 perducit
1396 4164 1525 4228 cristas.

737 4266 773 4330 Si
796 4268 909 4330 rastris
934 4273 1081 4351 segetem
1105 4277 1238 4354 pectere
1261 4269 1437 4332 continuet.

693 4370 789 4433 Nunc
812 4370 947 4455 stirpem
970 4371 1114 4443 Proculi,
1138 4371 1219 4436 dans
1242 4392 1378 4436 vernum
1403 4372 1532 4456 suscipe
1556 4370 1679 4435 doctor.

739 4472 790 4537 Ne
813 4472 923 4537 fervor
945 4482 1079 4539 teneros
1102 4474 1267 4561 decoquat
1288 4476 1321 4538 in
1346 4473 1473 4538 studiis.

692 4574 872 4641 Serventur
894 4579 1003 4662 leges:
1029 4598 1090 4643 ceu
1113 4599 1231 4643 census
1255 4578 1365 4643 litters
1387 4584 1505 4642 currat.

738 4679 863 4745 Horum
886 4680 1069 4747 Pindercus
1093 4683 1227 4748 flumina
1249 4682 1328 4746 vicit
1351 4701 1441 4758 avus,

428 4952 624 5024 ‘ldumpnamus
636 4956 660 5005 V
742 4958 972 5023 5ltorpissimarnB
1024 4960 1180 5025 uiutigctB‚
1192 4958 1385 5026 coritingitCPb
1473 4956 1689 5023 orelegiouemB
1775 4952 1986 5019 buu-premaB

326 5036 341 5088 'l
360 5040 409 5091 diis
426 5040 507 5093 To'l’b
623 5041 651 5093 ll
673 5044 818 5095 uiudcdisss
832 5045 856 5094 B
971 5044 1003 5096 12
1021 5048 1150 5098 uindictae
1168 5058 1280 5113 tempore
1295 5043 1393 5105 ΜΨ,
1416 5045 1529 5094 uindicta
1547 5056 1572 5095 et
1591 5054 1705 5110 teurpors
1717 5042 1742 5093 B
1747 5040 1758 5078 ¹
1765 5040 1818 5104 VL,
1840 5039 1985 5092 uindictam

327 5135 352 5177 ct
370 5136 484 5195 tempora
502 5128 527 5178 T
592 5130 774 5196 praestolantes
793 5128 816 5176 V

429 5227 565 5297 {cerritu}
597 5232 646 5282 sus
662 5216 732 5283 inu
749 5216 782 5282 ii
797 5234 846 5282 mu
864 5232 916 5295 Vc,
934 5252 982 5285 om.
998 5234 1021 5283 u
1113 5253 1137 5283 v.
1152 5235 1162 5285 1
1184 5238 1302 5303 expensi
1322 5244 1350 5293 ix
1363 5236 1389 5284 n.
1403 5236 1451 5299 re.)
1467 5236 1489 5284 s
1582 5233 1635 5286 »23
1653 5235 1818 5301 surrngnur
1829 5231 1907 5297 (em.
1920 5232 1944 5295 ι)
1957 5233 1986 5284 Β

327 5315 434 5379 p-fnlem
448 5314 473 5365 B
566 5315 621 5367 ub
639 5320 749 5369 uestitus
767 5316 857 5368 lucr>
912 5318 1028 5385 brachiu}
1047 5320 1170 5372 eruciaB
1226 5323 1317 5389 palmis
1332 5320 1407 5370 Bl'L
1498 5321 1551 5373 ui
1571 5340 1615 5390 per
1633 5323 1660 5372 in
1673 5322 1709 5372 lit.
1723 5320 1748 5370 B
1803 5320 1866 5372 uitis
1877 5319 1985 5385 Hortel,

326 5400 393 5451 uites
411 5401 471 5451 libri
491 5400 531 5463 (in
547 5403 583 5453 lit.
601 5402 637 5467 B)
778 5420 803 5453 v.
822 5401 855 5453 14
878 5408 957 5456 fracta
979 5405 1104 5455 locuturis
1125 5404 1235 5465 (Posce
1254 5425 1314 5472 appu
1329 5410 1354 5469 d,
1372 5404 1416 5473 2)]
1439 5410 1521 5459 licrctu
1544 5409 1607 5469 (scil.
1630 5406 1716 5459 inellul
1745 5407 1871 5459 locuturis
1886 5404 1987 5459 Hordei

327 5501 352 5534 v.
366 5483 398 5535 lb
416 5487 526 5540 balbutit
539 5488 562 5537 V
644 5507 669 5540 v.
685 5488 716 5539 18
733 5488 766 5557 si}
784 5508 815 5556 sy
828 5490 853 5541 Β
939 5508 963 5541 v.
977 5488 1012 5541 20
1028 5492 1056 5540 iu
1073 5492 1165 5543 studiis
1178 5491 1210 5557 B,
1227 5493 1372 5546 inmodicus
1386 5491 1459 5557 VcP,
1477 5494 1617 5545 inmodicos
1630 5493 1654 5543 L
1741 5510 1765 5544 v.
1779 5489 1813 5543 ‘21
1830 5508 1878 5547 scu
1890 5488 1990 5549 VLOP

327 5580 401 5623 cunt
415 5570 459 5622 VL
564 5592 589 5625 v.
607 5572 642 5625 2‘2
658 5592 725 5629 suus
738 5575 828 5640 Sim,
844 5590 909 5628 suos
920 5576 946 5627 Β
954 5576 1006 5639 VL,
1023 5593 1085 5629 aues
1098 5578 1133 5629 Ob
