4500 6232
305 246 345 308 58
1012 242 1047 296 lh
1066 242 1200 306 (OPUSC.
1218 245 1255 303 21.

304 415 508 481 reverentiae
533 422 662 480 nostrae
686 415 741 479 diu
766 415 879 479 cervix
904 415 1046 501 superba
1069 415 1280 481 submittitur.
1319 438 1444 481 sacram
1462 416 1549 481 enim
1573 417 1862 502 congregationem
1884 425 1962 483 tune

305 520 445 599 vocatis,
478 519 607 605 quando
638 519 852 583 extinctorem
885 527 1030 583 nostrum
1055 518 1285 605 Symmachum
1308 519 1406 583 vultis
1434 519 1603 599 adserere,
1634 528 1667 585 et
1690 519 1816 585 crudeli
1838 519 1961 606 pietate

252 623 420 688 bthonori
444 628 554 688 nostre
578 622 701 708 putatia
724 622 933 701 adcrescere,
964 623 1049 707 quod
1080 622 1227 688 residens
1257 624 1290 687 in
1319 623 1532 688 ecclesiarum
1562 644 1638 688 aree
1666 621 1856 710 perdiderit.
1902 644 1962 687 nos

305 725 370 789 ista
397 747 462 789 non
490 724 594 789 solum
622 745 684 788 non
712 726 888 801 sensimus,
919 724 976 788 sed
1004 724 1136 790 diversa
1164 725 1334 792 sentimus.
1378 726 1419 790 ad
1447 727 1529 791 alios
1556 727 1661 812 magis
1684 727 1808 792 tutelae
1830 730 1962 790 vestrae

306 849 434 893 venena
467 830 655 893 convertite.
702 849 765 892 non
796 828 896 893 habet
925 829 1148 894 testimouium
1176 829 1373 900 defensoris,
1409 831 1463 916 qui
1493 831 1689 918 repugnanti
1720 828 1869 916 inpendit
1896 828 1963 894 oris
2024 884 2030 895 .

306 933 508 1018 obsequium.
552 932 657 1018 perdit
680 953 776 1017 quam
800 953 873 997 esse
896 939 990 1019 putat
1013 934 1163 1024 beneficii
1188 934 1337 1019 gratiam,
1362 934 1415 1020 qui
1439 934 1561 1020 aliquid
1584 934 1865 1021 praestatinvito,
1888 933 1964 1020 quia

307 1056 371 1100 non
395 1042 446 1100 est
468 1057 585 1099 munus
609 1036 672 1099 nisi
696 1035 782 1120 quod
807 1036 886 1099 velis
911 1036 1071 1120 accipere.

254 1140 294 1200 65
414 1137 511 1202 Nune
534 1140 631 1224 longa
654 1159 718 1202 non
741 1159 823 1223 opus
847 1145 898 1203 est
928 1138 1145 1204 admonitione
1175 1140 1238 1203 iarn
1270 1140 1414 1225 perditis.
1460 1140 1568 1206 odium
1596 1141 1754 1206 debemus
1781 1140 1889 1227 operi,
1921 1137 1963 1204 de

152 1237 401 1344 lsig¹pl3g¹3f¹ecuius
426 1242 490 1305 iam
514 1263 577 1305 non
601 1250 751 1326 superest
773 1241 859 1326 quod
883 1242 1055 1306 damnetur
1078 1242 1277 1308 auctoribus.
1317 1245 1489 1309 mulierum
1513 1245 1634 1325 turbas,
1658 1245 1809 1311 adseritis
1830 1244 1964 1309 urbanis

307 1345 480 1424 coloribus,
505 1366 578 1410 eum
600 1346 748 1431 praefato
764 1344 805 1409 ad
823 1342 943 1409 iudicia
959 1347 1160 1425 convenisse,
1183 1354 1217 1410 et
1240 1346 1296 1410 illa
1312 1354 1422 1411 vestra
1444 1348 1625 1414 subtilitate
1648 1346 1837 1436 ostenditur·
1850 1367 1963 1425 sexus,

152 1440 299 1545 callisessss
310 1447 365 1532 qui
380 1449 537 1513 maiorem
554 1448 694 1513 antistiti
709 1448 880 1513 debuisset
895 1448 1060 1513 affectum.
1096 1448 1313 1534 profanissimi
1330 1448 1505 1527 hominum,
1528 1451 1683 1537 seriptum
1701 1451 1841 1515 retineo:
1864 1446 1965 1513 ‘aliud

179 1543 278 1645 ¹3¹5}
309 1555 360 1613 est
382 1551 468 1615 male
491 1550 617 1632 dicere,
647 1550 734 1616 aliud
759 1549 934 1622 accusare’,
966 1559 999 1616 ct
1021 1554 1179 1637 profetam
1208 1550 1347 1616 dixisse:
1384 1554 1610 1639 ‘reprobantes
1641 1553 1776 1618 verbum
1805 1552 1964 1639 sperastis

308 1651 340 1715 in
369 1654 531 1718 calumnia
560 1661 593 1719 ct
620 1656 652 1719 in
681 1655 836 1734 tumultu,
868 1661 901 1719 et
931 1657 1007 1720 estis
1036 1656 1068 1719 in
1098 1678 1151 1720 co:
1187 1662 1359 1741 propterea
1387 1658 1448 1721 erit
1470 1657 1561 1722 vebis
1591 1657 1746 1742 iniquitas
1774 1656 1856 1721 haec
1879 1656 1965 1721 sient
1977 1683 1999 1725 n·
2011 1675 2047 1715 ιιι

168 1765 246 1819 ιιιι,
261 1775 293 1814 ss.
309 1756 522 1845 interruptio',
559 1760 634 1843 quia
666 1780 725 1845 pro
757 1758 849 1822 nobis
878 1759 956 1823 dicit
984 1759 1080 1824 deus:
1119 1762 1187 1824 ‘cos
1216 1780 1308 1839 vero,
1342 1759 1396 1844 qui
1424 1760 1568 1825 indicant
1595 1782 1667 1841 vos,
1700 1781 1763 1845 ego
1791 1755 1963 1824 iudicabe'.

173 1867 203 1911 n.
219 1876 253 1922 n,
267 1878 286 1916 ι.
309 1866 343 1924 ot
369 1859 487 1925 iterum
520 1862 561 1926 ad
593 1883 703 1926 servos
733 1884 808 1926 suos
837 1861 928 1927 dicit:
964 1863 1076 1928 ‘nolite
1112 1864 1225 1926 timere
1259 1862 1468 1948 obprobrium
1503 1863 1669 1930 hominum
1697 1871 1732 1929 et
1757 1863 1963 1929 blasfemiam
2017 1892 2041 1931 n

154 1973 422 2028 rosnsacorum
454 1987 494 2030 nc
527 1965 703 2032 metuatis'.
753 1988 864 2031 rursus
898 1967 997 2031 etiam
1030 1967 1123 2031 vobis
1157 1967 1294 2031 clamat:
1333 1965 1490 2032 ‘accedite
1520 1967 1583 2032 huc
1620 1989 1732 2032 semen
1765 1966 1904 2030 adulteri
1932 1970 1967 2029 et

308 2066 483 2132 fornicarii.
522 2090 621 2154 super
644 2090 740 2155 quem
763 2071 899 2147 lusistis,
924 2092 1021 2156 super
1044 2091 1140 2156 quem
1164 2069 1327 2135 dilatastis
1343 2091 1380 2134 os
1396 2077 1429 2134 et
1446 2070 1587 2136 eiecistis
1604 2072 1771 2156 linguam?
1809 2067 1965 2155 numquid

310 2191 373 2234 non
398 2192 453 2235 vos
476 2172 522 2236 lili
545 2173 678 2238 scelesti
703 2173 793 2254 ostis,
819 2195 933 2239 semen
957 2171 1133 2238 mendax?'
1630 2244 1635 2256 ,

257 2274 298 2335 67
420 2273 514 2348 Quae
539 2276 655 2361 quibus
679 2277 848 2363 copulatis,
872 2275 1046 2353 advertite,
1070 2275 1234 2342 dicentes:
1272 2276 1406 2341 ‘indicta
1422 2297 1531 2353 eausa,
1554 2277 1720 2342 derelictis
1736 2273 1966 2340 defensoribus

310 2400 396 2464 papa
418 2378 591 2461 discessit',
621 2381 679 2445 fori
709 2381 803 2446 nobis
831 2382 862 2445 in
896 2382 1025 2468 negotio
1056 2382 1220 2468 praesenti
1251 2388 1285 2445 ct
1307 2381 1488 2466 platearum
1513 2400 1650 2466 quarum
1673 2380 1752 2445 estis
1775 2378 1966 2465 hypocritae

312 2483 466 2568 exempla
488 2491 717 2570 proponentes.
763 2485 856 2549 nobis
881 2485 1017 2572 sriptum
1042 2491 1092 2548 est
1116 2506 1175 2570 per
1197 2483 1335 2548 Paulum
1359 2484 1553 2569 apostolum,
1577 2480 1693 2568 quibus
1717 2481 1893 2545 crucifixus
1915 2485 1967 2545 est

169 2598 218 2640 eu.
231 2603 251 2649 s.
267 2601 297 2643 n.
312 2588 462 2665 mundus,
487 2587 564 2673 quid
580 2588 644 2652 illis
661 2610 734 2653 cum
750 2589 840 2653 foro?
879 2587 935 2653 scd
953 2589 1016 2652 ista
1032 2588 1166 2653 nescitis
1187 2594 1253 2665 aut,
1277 2587 1362 2673 quod
1386 2592 1436 2651 est
1457 2586 1600 2671 gravius,
1623 2592 1702 2650 nota
1724 2581 1966 2669 contempnitis.

258 2686 300 2749 68
312 2691 519 2775 peregrinum
544 2691 640 2756 credo
663 2691 785 2778 aliquid
815 2698 848 2757 et
870 2714 889 2755 n
913 2691 1037 2755 ratione
1062 2696 1249 2777 separatum
1273 2688 1443 2775 postulans
1466 2708 1552 2774 papa
1574 2686 1735 2752 discessit.
1772 2705 1881 2749 nonne
1903 2682 1966 2748 hoe

312 2795 456 2879 speravit
479 2817 536 2881 pro
560 2802 647 2860 statu
670 2796 811 2860 labentis
835 2794 996 2860 eeclesiae
1020 2794 1175 2879 pastorali
1198 2815 1277 2858 cura
1300 2792 1507 2867 constrictus,
1530 2789 1617 2877 quod
1640 2795 1674 2856 et
1689 2789 1844 2874 religiosa
1858 2787 1966 2874 provi·

313 2896 426 2963 dantia
448 2905 482 2962 et
506 2919 625 2963 causae
648 2899 750 2984 ipsius
774 2897 852 2963 ordo
875 2897 1045 2985 flagitabat
1054 2905 1067 2961 't
1112 2918 1195 2983 qnae
1221 2897 1306 2961 enim
1329 2894 1521 2960 iudiciorum
1544 2895 1649 2960 forma
1671 2898 1908 2981 praecesserat,
1931 2896 1967 2955 ut
2019 2950 2038 2965 ..

313 2999 422 3080 vobis,
454 3001 620 3066 hostiliter
642 3000 796 3088 disruptis
819 3010 852 3067 et
875 3003 937 3066 iam
961 3023 1019 3087 per
1042 3001 1288 3087 suggestionem
1313 3006 1454 3064 vestram
1480 2997 1620 3062 sublatis
1650 2997 1812 3062 ecelesiae
1840 2994 1970 3082 opibus,

314 3102 369 3187 qui
396 3103 451 3168 diu
480 3105 588 3169 fuerat
616 3105 707 3169 cibus
732 3106 961 3185 esurientium,
991 3105 1089 3170 famis
1112 3105 1311 3190 mancipium
1335 3102 1500 3168 videretur
1523 3102 1677 3176 effectus,
1706 3101 1783 3165 dum
1805 3098 1970 3165 alimentis

313 3205 503 3271 distributor
526 3207 654 3294 egebat,
679 3216 714 3272 nt
736 3210 830 3273 fieret
853 3210 884 3274 in
908 3209 1077 3274 dominatu
1102 3209 1243 3273 servitus
1267 3214 1300 3272 et
1323 3209 1357 3271 iu
1379 3207 1538 3271 servitute
1560 3204 1765 3269 dominatus?
1803 3223 1887 3288 quae
1908 3201 1970 3266 hec

261 3310 304 3371 69
315 3309 456 3395 qualitas
479 3312 709 3398 praecedentis
733 3315 806 3377 aevi
829 3334 889 3398 per
912 3314 1100 3378 memoriam
1125 3313 1157 3376 in
1174 3310 1315 3376 medium
1333 3316 1500 3375 transacta
1515 3307 1694 3375 reddebat?
1732 3306 1838 3393 qualis
1853 3305 1971 3371 habuit

160 3407 401 3516 ¹glplgsgfffeffici
424 3434 467 3479 ex
499 3436 639 3481 censura
669 3417 850 3494 convictus,
882 3418 914 3481 in
943 3438 1005 3503 quo
1035 3438 1166 3481 causam
1191 3413 1388 3479 adiudicatio
1410 3412 1655 3500 praecedebat?
1700 3410 1848 3475 nonfuit
1870 3408 1968 3496 privi-
2021 3441 2047 3481 ω

314 3517 452 3602 legium,
487 3540 550 3605 quo
584 3520 717 3607 spoliari
751 3521 857 3606 potuit
888 3521 952 3586 iam
986 3521 1137 3585 nudatus.
1191 3538 1290 3582 unum
1327 3517 1419 3582 vobis
1456 3514 1597 3602 putastis
1630 3513 1776 3579 residere
1808 3514 1840 3578 in
1875 3531 2056 3585 sacrapsss

315 3621 505 3689 collectione
530 3623 719 3699 subsidium,
743 3631 780 3688 ut
802 3623 845 3688 ad
867 3624 1061 3690 tuendorum
1084 3623 1311 3687 inmanitatem
1335 3620 1504 3684 criminum
1520 3617 1708 3683 sacerdotes
1723 3617 1817 3683 vobis
1833 3614 1969 3680 comites

263 3722 302 3784 70
315 3722 496 3809 iungeretis
532 3733 566 3792 et
598 3727 693 3792 fieret
726 3729 910 3815 inpunitum
943 3727 1071 3792 facinus
1106 3725 1283 3813 pollutione
1320 3725 1505 3788 multorum.
1554 3742 1732 3807 numquam
1764 3718 1970 3786 convenienti

315 3834 464 3916 tempore
488 3851 605 3895 censor
628 3831 831 3909 adsciscitur,
860 3831 915 3916 qui
938 3830 979 3895 ad
1002 3829 1149 3895 decisum
1172 3851 1256 3917 pene
1281 3827 1446 3913 negotium
1470 3832 1676 3893 convocatur.
1721 3823 1886 3888 criminosi
1907 3821 1969 3888 etsi

316 3938 367 3996 est
389 3934 558 4014 meritum,
588 3933 671 3997 tollit
700 3940 869 4010 accusato,
902 3935 957 4018 qui
984 3935 1016 3997 in
1040 3955 1079 3999 eo
1102 3934 1175 4020 plus
1198 3932 1298 3997 furori
1321 3952 1381 3996 suo
1404 3931 1473 3994 vult
1495 3929 1595 3995 licere
1619 3950 1715 4016 quam
1737 3927 1847 3992 iudici.
1892 3924 1971 3991 dicit

160 4043 256 4095 bei-1⁷,
272 4047 303 4088 1⁴·
318 4037 404 4100 enim
428 4056 485 4099 vos
506 4036 659 4122 inpetens
682 4035 825 4120 profeta:
859 4036 953 4100 ‘haec
981 4043 1032 4101 est
1059 4058 1137 4122 pars
1167 4057 1295 4115 corum,
1327 4035 1381 4121 qui
1402 4040 1614 4099 vastaverunt
1642 4054 1717 4114 nos,
1744 4037 1778 4097 et
1800 4052 1870 4096 sors
1892 4028 1970 4094 diri·

182 4145 213 4190 n.
229 4151 261 4199 1⁸,
274 4151 295 4191 ²·
318 4139 476 4226 pientium
500 4137 581 4204 nos’.
627 4139 699 4218 ite,
723 4140 833 4224 angeli
857 4139 1003 4220 veloces,
1027 4139 1069 4204 ad
1091 4158 1226 4224 gregem
1250 4138 1441 4203 convulsum
1464 4144 1497 4203 et
1520 4136 1735 4202 dilaceratum
1757 4141 1792 4200 et
1813 4133 1970 4221 populum

421 4401 435 4452 l
453 4402 564 4468 superba
581 4402 690 4452 mittitur
707 4399 768 4465 (sub
785 4417 840 4466 sep.
858 4400 904 4450 lisa
922 4397 996 4464 add.)
1014 4398 1042 4461 V,
1060 4416 1137 4466 super
1154 4400 1313 4451 submittitur
1331 4399 1376 4462 (bs
1392 4414 1447 4463 sup.
1466 4398 1510 4447 lia
1527 4394 1637 4461 adan
1747 4393 1764 4446 3
1782 4394 1934 4446 eclesiarum
1945 4392 1971 4444 Β

315 4485 332 4539 4
350 4485 409 4555 ista]
423 4489 457 4539 ita
466 4485 541 4537 B⁰B
637 4483 653 4536 7
666 4487 741 4539 uallis
750 4486 776 4536 Β
869 4484 886 4535 8
901 4485 1019 4552 perdictis
1030 4482 1077 4548 Vl,
1094 4485 1238 4552 perdidistis
1249 4483 1307 4535 ePo
1320 4481 1389 4549 [eod.
1403 4482 1527 4546 Damnst,
1544 4482 1635 4550 perditi
1647 4483 1708 4534 estis
1719 4480 1811 4531 Bansb.
1827 4479 1889 4531 leid.
1903 4480 1920 4530 l.
1933 4477 1970 4546 a]

316 4571 333 4623 9
349 4573 471 4625 adseretis
487 4572 512 4623 Β
628 4571 658 4623 11
678 4573 800 4623 scribtum
817 4571 842 4621 B
964 4569 997 4622 12
1015 4572 1199 4639 prophetaturi
1325 4567 1358 4620 14
1379 4567 1453 4636 dens]
1473 4571 1591 4620 dominus
1610 4568 1668 4620 OPb
1745 4584 1806 4620 vero
1824 4583 1873 4619 oea
1890 4565 1970 4618 Siras.

317 4657 351 4712 15
368 4660 528 4712 blasfemiam
540 4659 574 4722 B,
592 4659 775 4726 blasphemiam
788 4657 821 4721 Β,
838 4657 1009 4724 blasphemias
1027 4658 1102 4709 ceteri
1206 4654 1238 4707 17
1255 4653 1375 4722 eiecistis]
1394 4657 1482 4722 egistis
1493 4654 1519 4705 B
1536 4652 1665 4722 [egeeistis
1680 4653 1745 4706 Iota
1757 4652 1852 4706 mae.
1863 4669 1902 4721 ep.
1914 4652 1931 4716 i
1943 4649 1970 4718 dl

315 4749 406 4816 lingua
416 4747 442 4798 Β
556 4744 589 4797 18
606 4745 657 4797 filis
674 4744 777 4796 caelesti
788 4742 822 4805 B,
839 4742 886 4792 tilii
904 4744 1005 4795 scelesti
1022 4745 1097 4794 ceteri
1208 4741 1244 4795 ‘20
1261 4743 1370 4795 decessit
1382 4743 1396 4792 b
1465 4742 1612 4809 yppocritse
1623 4740 1649 4791 Β
1758 4737 1791 4790 21
1810 4739 1935 4791 scribtum
1945 4736 1972 4789 Β

315 4832 350 4888 22
368 4834 553 4901 contempnetis
565 4831 591 4882 B
688 4827 722 4881 24
740 4829 846 4881 selsam
859 4826 885 4877 Β
949 4830 1074 4896 relegisse
1085 4829 1109 4894 (r
1120 4846 1151 4880 es
1163 4829 1183 4893 l)
1196 4829 1222 4879 B
1318 4827 1352 4880 26
1370 4848 1386 4880 a
1398 4829 1471 4880 robis
1485 4845 1561 4893 prop.
1576 4825 1672 4877 Hartel
1736 4833 1762 4877 et
1779 4825 1830 4877 iam
1842 4823 1970 4891 disoeifi,

316 4921 391 4973 etiam
409 4920 470 4971 libri
542 4918 736 4986 suggessionem
749 4916 774 4966 B
779 4912 789 4951 ¹
862 4913 982 4981 sublatis]
1001 4915 1145 4966 sublstibus
1162 4915 1202 4963 Va
1275 4916 1383 4967 eclesias
1398 4914 1423 4965 B
1535 4911 1570 4964 30
1586 4913 1721 4963 conuictus
1739 4911 1859 4963 iudicatio
1876 4910 1904 4962 in
1920 4908 1972 4961 ΔΒ

315 5005 349 5060 31
368 5024 420 5075 quo
431 5024 480 5058 om.
494 5005 545 5056 AB
597 5004 712 5057 resedere
724 5003 749 5053 Β
836 5003 870 5054 32
888 5003 1010 5055 tuendam
1027 5002 1117 5051 caralim
1210 4999 1244 5051 35
1262 5009 1380 5054 semusto
1393 5000 1426 5064 B,
1443 5008 1575 5051 aecusator
1591 4999 1666 5051 ceteri
1760 4993 1794 5048 36
1811 4992 1971 5064 prophetari

316 5095 496 5162 deripientinm
508 5090 533 5142 Β
1667 5104 1670 5108 ·

515 5214 608 5221 .-.-
620 5214 650 5219 .-
674 5212 680 5216 -
700 5213 708 5217 -
745 5213 748 5216 -
1688 5204 1829 5211 -—---
1846 5202 1971 5211 -.—-

425 5299 459 5352 23
477 5299 545 5352 Aeta
567 5312 625 5366 syn.
644 5311 664 5347 e.
683 5300 715 5348 3.-
745 5295 871 5363 [sperans
896 5295 938 5363 ut]
967 5293 1061 5347 omnia
1089 5308 1161 5360 quse
1191 5307 1241 5362 per
1268 5288 1461 5359 suggestiones
1489 5288 1665 5344 inimicorum
1692 5304 1804 5343 suornm
1830 5286 1973 5348 amiserat,

317 5382 452 5453 potestati
471 5382 584 5437 eiusab
609 5378 766 5436 honorabili
790 5379 908 5434 concilio
933 5379 1116 5434 redderentur
1137 5381 1167 5432 st
1184 5377 1258 5431 tanti
1282 5375 1336 5431 loci
1359 5376 1470 5446 praesul
1493 5375 1623 5445 legaliter
1643 5373 1721 5445 prius
1741 5373 1828 5429 statui
1851 5372 1972 5444 pristino

317 5467 488 5525 redderetur.
501 5472 531 5521 et
540 5471 608 5523 tunc
618 5466 728 5522 veniret
736 5464 773 5520 ad
785 5481 898 5520 caumas
907 5467 944 5529 et,
956 5465 980 5519 si
989 5463 1032 5519 ita
1040 5465 1115 5518 recte
1127 5463 1277 5528 rideretur,
1289 5461 1481 5517 cananeum
1491 5460 1729 5532 propositionibus
1740 5460 1929 5531 responderet
1938 5488 1972 5501 -

319 5554 416 5626 &nera
435 5553 466 5605 in
483 5555 555 5608 relat.
573 5554 647 5623 episc
666 5552 758 5620 (Tletel
769 5568 798 5622 p.
813 5556 890 5620 ew:
916 5549 1147 5607 restaurationem
1166 5549 1344 5605 ecclesiarum
1362 5547 1529 5619 regulariter
1546 5546 1669 5621 poposci.
