4500 6232
956 273 1048 328 ccxl.
1065 272 1200 342 (OPUSC.
1217 274 1255 343 4).
1873 278 1932 342 t8'l

280 451 427 536 gentium
456 447 621 513 cotidiana
648 445 832 533 gladiorum
862 467 958 530 seges
980 467 1120 511 messem
1151 447 1328 511 nobilitatis
1351 447 1539 513 absciderat
1562 454 1596 511 ct
1617 447 1775 512 fecundas
1797 448 1930 512 humani

280 552 434 638 germinis
469 560 574 617 terras
608 552 657 615 ira
691 550 870 636 populante
907 549 1088 614 desolabat.
1145 551 1209 614 iam
1237 549 1354 615 Franci
1391 549 1509 615 Heruli
1544 549 1695 616 Saxones
1729 552 1930 638 multiplices
1946 550 1984 611 13

281 656 510 721 crudelitatum
528 655 656 742 species
672 653 843 717 beluarum
861 673 951 716 more
975 652 1193 739 peragebant3
1217 673 1300 738 quae
1325 654 1492 718 nationum
1508 654 1681 719 diversitas
1697 654 1935 739 superstitiosis

280 761 467 845 mancipata
494 758 629 821 culturis
658 755 739 821 deos
762 777 839 821 suos
864 756 1005 821 humana
1034 755 1213 821 credebant
1240 756 1341 821 caede
1364 757 1499 822 mulceri
1531 778 1592 822 nec
1615 778 1768 842 umquam
1794 758 1935 844 propitia

216 917 220 927 .
281 885 317 927 sc
341 862 464 927 habere
488 861 633 941 numina,
657 861 719 924 nisi
744 880 816 924 cum
841 880 881 924 ea
897 859 1083 944 aequalium
1107 879 1222 923 cruore
1237 860 1433 945 placassent.
1469 882 1600 926 cessare
1625 860 1834 925 confidebant
1851 861 1933 925 iram

282 966 474 1031 caelicolum
499 964 684 1028 innocentis
708 964 869 1027 effusione
886 963 1066 1047 sanguinis,
1090 962 1145 1045 qui
1168 969 1204 1026 ut
1227 963 1259 1026 iu
1282 963 1422 1047 gratiam
1439 963 1583 1028 redirent
1606 985 1678 1028 curn
1703 965 1831 1051 superis
1856 965 1933 1033 suis.

281 1069 535 1155 propinquorum
560 1072 800 1131 consueverant
821 1073 944 1129 mortes
967 1066 1097 1129 offerre.
1138 1086 1359 1149 quoscumque
1383 1071 1493 1131 tamen
1517 1068 1662 1152 religiosi
1686 1069 1800 1132 titulus
1823 1067 1934 1133 decla·
1949 1066 1987 1125 14

281 1173 375 1237 rabat
397 1171 513 1249 oflicii,
538 1170 597 1234 hos
621 1170 712 1255 quasi
736 1169 1063 1234 serenioreshostias
1082 1168 1304 1247 immolabant,
1329 1170 1541 1235 aestimantes
1560 1172 1647 1255 quod
1663 1172 1788 1257 piorum
1813 1173 1934 1257 iugulis

282 1274 460 1341 divinitatis
491 1280 638 1339 cessaret
666 1272 846 1356 indignatio
876 1278 909 1337 et
940 1271 1035 1336 lieret
1064 1273 1202 1337 materia
1236 1273 1363 1356 gratiae
1397 1274 1488 1339 locus
1523 1275 1680 1339 offensae.
1737 1277 1822 1339 inter
1855 1296 1935 1360 quas

205 1406 230 1443 m
282 1387 465 1465 temporum
494 1376 655 1461 proeellas
683 1374 897 1439 Constantius
926 1374 1089 1459 pontifex,
1120 1396 1162 1439 ne
1193 1374 1270 1458 quid
1300 1376 1332 1438 in
1363 1377 1482 1440 mundo
1513 1378 1653 1443 haberet
1680 1378 1819 1442 subsidii
1847 1386 1935 1443 terra

283 1483 433 1548 hostibus
457 1481 626 1567 deputata,
649 1480 793 1544 humana
815 1480 889 1562 lege
912 1478 1072 1543 liberatus
1096 1485 1157 1543 est.

390 1586 468 1649 Post
491 1585 583 1649 euius
607 1584 839 1648 resolutionem
857 1583 1036 1646 Antonium
1060 1591 1205 1647 nostrum
1228 1583 1341 1646 saniuli
1364 1582 1405 1647 ad
1431 1583 1547 1648 ltaliae
1571 1592 1693 1670 partes,
1717 1585 1835 1669 quibus
1859 1605 1932 1649 cac·
1950 1587 1988 1647 15

192 1712 264 1762 aco
282 1691 359 1754 litus
382 1688 489 1754 fuerat
511 1687 706 1774 deputatus,
730 1685 860 1751 Christo
883 1685 965 1751 duce
988 1686 1181 1773 perducunt.
1228 1686 1373 1773 principa
1398 1688 1468 1751 loco
1492 1686 1643 1752 Tellinae
1666 1689 1772 1763 vallis,
1797 1709 1880 1774 quae
1904 1689 1935 1753 id

283 1794 399 1857 sortita
423 1800 473 1855 cst
495 1790 657 1868 vocabuli,
681 1791 780 1854 limen
805 1789 1001 1875 ingreditur:
1023 1811 1121 1875 quam
1144 1791 1302 1853 montium
1327 1811 1369 1854 ex
1393 1797 1532 1875 utroque
1555 1792 1659 1856 latere
1676 1792 1819 1857 brachiis
1835 1792 1934 1858 fabri-

205 1923 229 1960 ι.·»
283 1906 358 1960 cata
381 1904 517 1960 naturae
541 1894 624 1958 ditat
647 1894 830 1958 amoenitas
858 1902 892 1957 et
919 1894 960 1958 de
985 1894 1161 1958 verticibus
1190 1893 1339 1957 fecundis
1363 1894 1506 1958 amnium
1530 1895 1629 1980 plebs
1652 1896 1834 1980 locupletat
1855 1897 1937 1962 uber

282 2001 405 2073 solum,
429 1997 514 2083 quod
538 1998 646 2061 avaris
671 1997 850 2082 respondet
874 1999 966 2060 iuxta
995 1995 1160 2060 desideria
1186 1995 1390 2060 inmoderata
1425 1997 1618 2076 cultoribus,
1649 2019 1713 2062 non
1748 2006 1859 2064 tamen
1890 2002 1934 2064 ita

282 2105 389 2169 aristis
412 2101 663 2190 praegravidum
679 2110 737 2165 aut
753 2101 900 2166 dotatum
925 2101 1056 2188 pascuis
1074 2106 1130 2165 aut
1146 2099 1288 2164 arbustis
1306 2100 1509 2186 conpositum
1526 2107 1582 2164 aut
1595 2101 1784 2166 fluminibus
1802 2102 1935 2175 laetvrm,

281 2214 405 2272 utnon
428 2208 459 2272 ei
482 2208 556 2291 plus
580 2205 845 2290 supervenientis
869 2226 1028 2290 personae
1057 2207 1163 2291 gratia
1191 2212 1375 2291 praestaret
1402 2226 1498 2289 quam
1522 2207 1625 2291 ipsius
1650 2207 1783 2293 originis
1808 2210 1934 2273 variata

282 2318 315 2376 ct
337 2311 489 2375 distincta
518 2309 716 2373 formositas.
762 2308 827 2372 illio
851 2308 956 2373 Mario
986 2309 1194 2395 presbytero,
1223 2309 1277 2392 qui
1305 2309 1473 2394 spiritibus
1500 2310 1664 2375 inmundis
1693 2311 1932 2391 dominabatur,
1950 2314 1988 2374 16

205 2446 209 2456 ·
283 2414 454 2478 adiunctus
479 2420 545 2477 est:
577 2413 651 2497 quia
675 2411 756 2475 hacc
780 2418 960 2476 astrorum
985 2411 1149 2489 condicio,
1182 2419 1218 2476 ut
1242 2413 1317 2476 novi
1340 2412 1481 2476 hominis
1504 2435 1609 2478 mores
1633 2414 1781 2499 divulget
1803 2417 1937 2480 inventa

283 2517 448 2595 sodalitas,
472 2522 506 2581 et
528 2516 582 2599 qui
604 2514 775 2599 ignoratur
791 2536 849 2600 per
866 2516 1036 2599 originem,
1060 2514 1214 2579 similium
1230 2514 1390 2579 clarescat
1405 2516 1536 2581 affeetu.
1571 2516 1830 2604 deprehenditur
1845 2539 1937 2583 mens

282 2628 411 2687 secreta
434 2641 493 2706 per
515 2619 634 2697 socios,
658 2624 692 2682 et
715 2619 767 2683 oui
791 2638 855 2683 nou
879 2619 956 2683 licet
979 2618 1020 2682 ad
1043 2617 1201 2703 liquidum
1219 2619 1482 2704 supervenientis
1505 2621 1680 2686 aestimare
1703 2623 1936 2687 conscientiam

283 2724 482 2799 conceditur,
506 2728 543 2786 ut
565 2721 607 2786 de
631 2721 700 2786 suis
717 2721 944 2807 deprehendat
959 2729 1128 2786 externos.
1162 2742 1236 2785 nam
1261 2742 1333 2784 eum
1359 2742 1432 2786 eum
1455 2721 1572 2788 beatus
1590 2724 1713 2790 Marius
1737 2725 1802 2790 illis
1824 2724 1990 2807 oculis,17

281 2828 397 2914 quibus
433 2832 560 2891 mentes
592 2824 753 2905 videntur,
791 2826 970 2911 inspiceret
1003 2833 1037 2890 ct
1070 2826 1232 2891 interioris
1266 2825 1419 2890 decorem
1455 2827 1595 2893 hominis
1628 2828 1828 2893 absconditis
1863 2851 1937 2915 per-

205 2956 230 2992 ·ι
283 2936 470 2997 contaretur
501 2929 685 3015 optutibus,
723 2929 827 2992 voluit
858 2950 934 2993 eum
966 2930 1160 2993 clericorum
1189 2929 1315 2993 sociare
1348 2929 1486 3015 collegio
1520 2938 1553 2995 at
1581 2932 1667 2997 iuter
1697 2933 1941 2997 ecclesiasticos

282 3041 394 3100 coetus
433 3039 655 3120 praestantem
697 3033 821 3097 meritis
862 3029 1014 3097 dedicare
1053 3052 1238 3118 personam.
1292 3032 1349 3097 sed
1389 3032 1473 3118 fugit
1512 3034 1666 3100 honorem
1699 3037 1790 3101 velut
1824 3035 1941 3101 veneni

282 3140 445 3225 poculum,
472 3137 528 3222 qui
551 3157 683 3222 semper
705 3136 888 3221 potentiam
911 3135 1050 3200 credidit
1073 3136 1242 3201 subiacere
1266 3143 1300 3202 et
1322 3137 1445 3202 servire
1469 3139 1634 3224 patienter
1656 3141 1813 3225 praetulit
1836 3141 1940 3224 regali

281 3243 471 3308 dominatui.

391 3346 441 3411 Ne
474 3352 585 3410 tamen
616 3343 672 3407 diu
697 3344 859 3409 humanae
889 3345 1148 3409 conversationis
1172 3345 1293 3410 mixtus
1319 3346 1494 3411 inlecebris
1517 3347 1709 3412 societatem
1733 3349 1937 3435 contagionis
1953 3351 1991 3413 18

205 3470 231 3509 ιο
284 3453 444 3532 hauriret,
473 3450 573 3534 elegit
600 3469 766 3516 secessum
797 3448 883 3512 haud
907 3449 1019 3535 procul
1044 3448 1174 3514 abacti
1200 3450 1350 3533 nrsmyris
1374 3448 1497 3515 Fidelis
1520 3449 1712 3535 sepulchro,
1743 3450 1799 3515 ubi
1822 3451 1939 3515 Larius

191 3580 212 3621 r·
225 3572 263 3612 ιιι
284 3555 366 3619 Ionii
398 3554 568 3618 marmoris
596 3554 699 3617 minas
728 3552 877 3638 deponit,
913 3553 1042 3639 quando
1070 3574 1110 3618 no
1139 3561 1298 3637 evagetur
1327 3553 1474 3638 longius,
1503 3554 1641 3618 obiectis
1670 3555 1752 3640 ripis
1784 3555 1939 3619 resistunt

282 3659 374 3724 frena
397 3658 535 3722 telluris.
581 3657 649 3720 illie
672 3657 796 3720 inserto
821 3654 964 3720 nubibus
989 3656 1112 3720 vertice
1136 3676 1228 3720 mons
1252 3663 1420 3734 coruscat,
1453 3657 1507 3741 qui
1533 3657 1733 3721 sublimitate
1757 3677 1816 3721 sua
1840 3657 1941 3722 vincit

284 3768 462 3847 aspectum.
498 3759 557 3826 sed
582 3780 677 3844 quam
703 3759 865 3845 superbus
888 3766 940 3822 est
955 3758 1189 3843 magnitudine,
1213 3767 1279 3824 tam
1303 3758 1443 3824 difficilis
1467 3780 1616 3825 ascensu.
1651 3781 1726 3825 nam
1749 3761 1847 3826 nullis
1863 3768 1941 3828 ante
1956 3763 1995 3824 lu

283 3864 477 3929 monachum
500 3869 649 3928 nostrum
673 3863 779 3950 patuit
805 3863 975 3949 gressibus
1004 3882 1065 3926 nec
1096 3883 1155 3948 pcr
1184 3868 1361 3949 praerupta
1391 3884 1546 3928 saxorum
1571 3865 1703 3928 humaui
1726 3864 1856 3950 generis
1883 3864 1942 3929 ad·

219 3989 231 4023 r·
285 3967 371 4031 misit
394 3966 567 4033 formidine
584 3973 789 4052 repugnante
814 3967 1000 4051 vestigium.
1036 3967 1068 4031 in
1092 3966 1248 4051 praecisis
1272 3967 1422 4032 cautibus
1446 3974 1517 4032 tuta
1539 3968 1617 4034 feris
1635 3970 1767 4055 longum
1791 3970 1942 4056 praebuit

284 4070 373 4134 nullo
396 4062 587 4137 exterrente
612 4071 750 4152 cubilia,
786 4092 826 4136 eo
850 4070 963 4136 bestiis
986 4070 1151 4147 blandior,
1180 4091 1243 4156 quo
1272 4071 1450 4135 terribilius
1472 4072 1693 4158 agricolarum
1716 4073 1861 4137 minatur
1882 4093 1942 4137 ex-

285 4175 403 4240 cursui.
449 4174 482 4238 in
505 4173 568 4238 hoc
591 4174 645 4239 dei
669 4174 812 4240 famulus
835 4174 947 4240 sedem
970 4173 1109 4260 delegit,
1139 4175 1172 4237 in
1196 4194 1260 4257 quo
1284 4174 1355 4238 sola
1381 4174 1441 4239 fuit
1464 4174 1615 4260 placendi
1639 4196 1755 4254 causa,
1785 4176 1862 4261 quia
1883 4196 1942 4240 uc-

284 4298 445 4362 quaquam
467 4278 717 4343 lenocinabatur
738 4277 937 4364 aspectibus.
971 4278 1052 4343 nihil
1075 4298 1187 4343 secum
1211 4277 1350 4361 amplius
1373 4278 1435 4342 nisi
1456 4299 1573 4363 parum
1596 4278 1771 4363 leguminis
1794 4284 1827 4342 ct
1855 4277 1994 4363 ligo-20

284 4401 375 4462 nem,
400 4400 463 4465 quo
485 4385 607 4445 terram
631 4380 836 4463 sollicitaret,
860 4381 901 4448 de
925 4381 1037 4446 mundi
1060 4381 1230 4446 beneficiis
1254 4379 1442 4458 adsumens,
1465 4379 1629 4447 dedicavit
1652 4382 1768 4447 callem
1792 4382 1942 4447 subiecta

285 4484 464 4570 asperitate
487 4482 657 4547 nescitum.
711 4482 789 4569 iuga
815 4485 873 4548 illa
895 4483 1086 4548 indomitam
1110 4488 1248 4548 naturae
1271 4482 1381 4568 legem
1405 4483 1548 4549 Antonio
1574 4484 1808 4569 congrediente
1832 4484 1941 4571 perdi·

285 4586 412 4652 derunt.
458 4593 605 4652 reserata
628 4586 749 4653 itinera
770 4593 845 4674 post
866 4588 1050 4673 ingressum
1076 4587 1147 4651 eius
1171 4592 1308 4672 patuere
1331 4586 1551 4673 cupientibus.
1597 4589 1722 4653 invenit
1743 4589 1808 4653 illic
1832 4589 1992 4654 tameu2l

285 4690 368 4756 duos
391 4712 506 4773 senes,
530 4712 612 4777 quos
636 4692 701 4756 iam
725 4692 772 4758 ita
793 4693 879 4757 inter
902 4692 1007 4756 lustra
1029 4690 1200 4756 beluarum
1223 4688 1384 4755 habitatio
1407 4691 1507 4776 longa
1529 4691 1717 4773 miscuerat,
1741 4698 1777 4757 ut
1799 4691 1878 4757 nihil
1902 4691 1944 4756 de

388 4985 402 5037 1
422 4987 527 5038 humani
544 4988 646 5054 generis
663 4987 787 5054 germinis
800 4984 844 5049 0¹,
867 4986 974 5038 humaui
995 4985 1125 5051 generisi
1258 4982 1276 5034 5
1293 4981 1330 5049 se]
1349 4984 1393 5036 sed
1406 4984 1432 5034 Β
1531 4987 1698 5039 eorrfldebuut
1708 4983 1750 5034 Βι
1883 4983 1900 5035 6
1918 4984 1944 5035 iu

284 5088 340 5138 sap.
353 5072 398 5122 liu.
412 5071 438 5121 B
569 5070 599 5122 11
623 5073 740 5124 hostibus
752 5071 790 5136 B,
814 5072 958 5138 hospitibus
974 5069 1074 5134 VIM,
1097 5070 1234 5121 hostilibus
1251 5068 1330 5121 Sem.
1428 5072 1548 5138 deputata
1565 5072 1591 5122 Β
1721 5068 1753 5120 14
1775 5078 1900 5135 utcmque
1912 5067 1946 5131 Β,

284 5166 392 5223 utraque
411 5154 498 5207 VLT¹
639 5156 671 5208 lt
697 5158 829 5225 respondit
844 5156 870 5207 B
1011 5152 1042 5205 17
1065 5152 1236 5222 conpositum]
1262 5155 1389 5206 causitum
1406 5155 1502 5208 Hortel
1641 5154 1674 5207 18
1697 5155 1720 5206 ei
1738 5154 1776 5218 Β,
1803 5170 1852 5205 ona.
1870 5152 1947 5205 celeri

283 5241 316 5293 ‘21
334 5243 453 5295 elariscat
465 5240 490 5291 B
605 5239 640 5292 29
657 5244 867 5295 conuersationes
880 5242 906 5292 Β
1020 5238 1056 5292 30
1072 5240 1136 5292 haut
1148 5240 1174 5290 Β
1248 5237 1353 5305 Fidelis]
1372 5241 1465 5294 Felicis
1482 5242 1561 5293 Siras.
1638 5241 1756 5308 sepulcro
1779 5240 1806 5303 (lr
1824 5256 1881 5306 sup.
1900 5239 1946 5289 lin.

282 5346 316 5380 m.
331 5329 354 5393 1)
366 5327 392 5377 Β
460 5328 506 5379 ubi
525 5328 554 5393 (u
572 5336 632 5378 onte
649 5327 706 5393 lia.)
720 5328 747 5379 B
848 5325 884 5378 32
904 5327 1070 5378 sublimitatis
1091 5327 1174 5378 uincit
1186 5324 1212 5375 Β
1314 5325 1349 5377 34
1368 5344 1413 5395 per
1424 5327 1458 5392 Β,
1482 5345 1529 5379 orn.
1543 5327 1620 5378 ceteri
1727 5324 1763 5376 35
1781 5341 1946 5394 repugnasse

285 5415 329 5481 (na
346 5414 414 5482 exp.)
430 5414 457 5465 Β
594 5410 628 5465 37
652 5415 762 5466 famulas
781 5413 828 5465 Vb
931 5414 1025 5480 delegit
1043 5412 1110 5476 01²⁶,
1134 5412 1220 5479 diligit
1235 5411 1261 5461 Β
1268 5411 1343 5462 VJA‘
1476 5411 1512 5463 38
1532 5413 1708 5464 leoeinuhatur
1731 5412 1856 5479 (napus.
1875 5410 1905 5475 n)
1922 5410 1948 5460 B

284 5500 319 5553 39
336 5502 476 5553 solicitamt
487 5500 521 5564 B,
537 5500 688 5553 sollicitant
703 5501 745 5552 V⁶
831 5516 966 5551 mumans
984 5498 1009 5549 V
1091 5495 1218 5564 subiecta]
1238 5498 1288 5549 sub
1304 5505 1375 5549 ιιιιιιιι
1393 5498 1443 5562 (cel
1459 5499 1518 5561 ista)
1536 5498 1601 5548 coni.
1619 5497 1717 5549 Hartal
1842 5492 1878 5547 42
1896 5497 1947 5547 iam

285 5588 335 5637 iam
353 5588 413 5637 ista
431 5584 516 5651 (piritu
534 5586 586 5637 iam
603 5584 706 5649 deme
773 5582 935 5638 immet

1684 5674 1740 5729 24*
