4500 6232
348 310 408 371 192
807 304 941 361 ccxuul
958 304 1062 373 (DIOT.
1084 305 1136 371 18),
1153 303 1286 360 CCXLIV
1304 302 1428 372 (EPIS'I'.
1445 305 1472 367 5,
1491 303 1542 372 l'l).

345 479 463 564 quibus
487 479 520 542 in
543 479 648 544 altero
672 483 813 543 statuam
830 477 1008 543 contulisti.
1042 499 1179 544 necesse
1196 483 1256 557 est,
1280 476 1473 563 amplissimi
1489 476 1670 559 homiuum,
1692 476 1864 542 universos
1887 477 2004 542 lovers

345 583 431 669 quod
455 582 586 659 luerint,
612 603 672 647 nec
695 582 819 646 utiliter
840 582 904 646 nisi
927 581 969 646 ab
994 581 1175 647 emendatis
1199 581 1405 665 corriguntur
1427 601 1594 646 excessus.
1627 579 1785 667 prodigus
1807 578 1924 645 frontis
1940 586 2003 660 est,
2090 645 2100 659 ,

346 687 401 772 qui
435 687 620 772 punitorem
659 685 735 750 mali
770 685 872 750 crodit
902 685 1084 749 facinorum
1119 691 1325 750 sectatorem.
1381 683 1498 748 iudicis
1532 684 1735 748 conscientia
1768 683 2004 769 constringitur

345 790 543 855 necessitate
568 790 685 853 secreti
709 795 743 853 et
765 808 831 852 non
854 793 948 874 putat
970 787 1109 853 liberum
1125 788 1341 853 condemnare
1365 788 1399 850 in
1422 785 1590 867 subiectis,
1612 786 1699 872 quod
1721 787 1794 873 ipsa
1814 807 1881 852 nou
1903 785 2001 853 dubi-

313 893 427 957 6tavit
458 892 643 957 admittere.
692 892 821 975 quantis
852 891 1060 956 successibus
1089 897 1146 956 aut
1175 912 1272 977 quam
1300 890 1399 956 variis
1430 892 1640 956 incrementis
1670 890 1711 956 ad
1741 890 1836 969 haec,
1869 893 2002 958 sentina

345 996 533 1070 criminum,
564 995 761 1080 pervenisti.
788 1002 825 1060 ut
847 995 906 1060 tibi
929 996 1045 1061 liceret
1067 994 1109 1059 ad
1132 993 1283 1059 sublimia
1305 994 1508 1082 pervenienti
1533 995 1565 1058 in
1589 1002 1714 1060 tantum
1738 1016 1894 1082 peccare,
1925 1015 2002 1059 cum

346 1100 465 1178 velles,
495 1105 532 1162 ιιι
554 1097 730 1185 probrosos
761 1097 801 1162 ad
834 1099 960 1186 potiora
982 1099 1099 1163 statuis
1123 1097 1301 1162 invitares?
1336 1104 1371 1161 tu
1400 1098 1563 1162 libertatis
1591 1119 1741 1184 saporem
1770 1097 1845 1163 ielle
1874 1098 2002 1164 servitii

345 1202 556 1273 conmutasti,
580 1201 637 1266 ille
660 1200 818 1286 obsequia
841 1201 928 1288 patri
950 1201 1063 1267 debita
1087 1201 1184 1266 vertit
1212 1199 1253 1265 ad
1276 1200 1416 1286 gladios.
1461 1207 1618 1287 quantum
1640 1200 1803 1266 laudanda
1826 1202 1892 1267 sint
1914 1223 2001 1287 quae

344 1306 486 1370 laesistis
510 1306 670 1371 advertite
694 1312 727 1370 et
750 1305 868 1370 feriato
892 1326 948 1369 ore
972 1303 1175 1385 adcusantis,
1206 1301 1283 1388 quid
1306 1309 1472 1368 mereatur
1493 1312 1588 1390 pater
1610 1310 1643 1368 et
1666 1304 1867 1390 ingenuitas,
1897 1305 1999 1370 aesti-

315 1410 448 1473 lmate!
487 1415 523 1472 ιιι
539 1408 691 1472 absoluta
713 1408 796 1472 oolla
819 1408 896 1492 iugo
916 1407 1120 1472 miserrimae
1145 1405 1346 1470 condicionis
1363 1405 1551 1492 adstringis,
1574 1407 1661 1494 apud
1683 1408 1774 1472 illum
1797 1408 1877 1473 nihil
1900 1430 1999 1494 prae·

345 1511 446 1575 valuit
468 1511 523 1576 lex
546 1518 693 1577 naturae.
733 1512 794 1575 hoc
818 1517 852 1574 tu
877 1511 963 1574 eirca
985 1511 1126 1595 patriam
1151 1509 1248 1594 geris,
1272 1508 1358 1593 quod
1381 1511 1491 1574 intulit
1513 1509 1564 1575 hie
1587 1512 1726 1596 parenti,
1748 1511 1780 1575 in
1804 1531 1844 1574 eo
1859 1510 2001 1578 fortasse

345 1615 506 1681 crudelior
535 1622 569 1679 tu
597 1616 795 1693 credendus,
824 1615 907 1700 quod
939 1615 1020 1679 dura
1049 1614 1187 1700 imperia
1214 1613 1275 1677 sub
1304 1614 1396 1677 vitali
1427 1613 1567 1697 quadam
1600 1621 1704 1679 morte
1735 1613 1908 1700 dispensas
1936 1635 2000 1680 nec

344 1720 426 1793 illis,
455 1720 572 1804 quibus
604 1727 653 1785 est
683 1718 911 1785 desiderabilis
939 1717 1061 1798 obitus,
1090 1717 1183 1801 quasi
1212 1716 1340 1781 medica
1366 1738 1466 1782 manu
1488 1723 1636 1804 praestas
1660 1718 1807 1783 exitium.
1853 1717 1909 1783 ille
1932 1738 2000 1784 nou

311 1822 459 1909 8psssus
481 1824 664 1907 genitorem
688 1824 721 1885 iu
745 1822 864 1886 mundo
888 1822 1065 1886 subsistere
1095 1821 1221 1906 pernici
1243 1822 1309 1884 ictu
1333 1821 1455 1906 eripuit
1476 1821 1578 1885 vitain
1600 1821 1683 1885 lucis
1707 1822 1842 1887 auctori.
1886 1824 1999 1887 nescio

344 1946 407 2010 qua
429 1928 494 1990 sint
517 1927 689 1990 criminum
713 1926 902 1989 diversitate
926 1923 1072 1987 discreti:
1103 1924 1250 2001 interim,
1274 1925 1300 1986 si
1324 1924 1440 2004 liceat,
1472 1945 1579 2008 poena
1602 1924 1755 2009 iungendi
1780 1931 1865 1990 suut.
1911 1925 1939 1989 si
1964 1931 1998 1991 te
2069 1966 2074 1979 ·

345 2029 431 2093 circa
454 2030 543 2093 cives
568 2030 705 2093 alieuius
728 2028 895 2114 supercilii
919 2036 1026 2090 tumor
1050 2027 1227 2101 elevasset,
1258 2047 1348 2090 reum
1372 2032 1405 2090 te
1430 2026 1619 2111 designaret
1641 2028 1732 2093 laesa
1755 2029 1939 2093 commuuio
1965 2036 1999 2094 et

344 2132 491 2217 privatae
515 2133 734 2197 abiuratorem
766 2129 948 2195 dulcedinis
972 2128 1176 2193 inmoderata
1198 2129 1364 2194 nuntiaret
1388 2132 1519 2195 erectio.
1566 2132 1593 2194 si
1619 2131 1675 2195 ille
1700 2138 1882 2196 creatorem
1905 2138 1999 2198 torvo

312 2231 518 2299 tlusvrosset
541 2245 692 2323 aspectu.
725 2236 875 2320 genitore
907 2233 1059 2297 incolumi
1083 2231 1255 2296 habuisset
1278 2233 1427 2296 meritum
1452 2233 1643 2317 parricidae.
1690 2233 1896 2319 videtequid
1925 2235 1999 2321 dig·

341 2359 419 2402 num
443 2340 493 2403 his
517 2341 569 2414 sit,
592 2340 647 2425 qui
670 2340 710 2403 ad
735 2340 926 2403 delictorum
950 2337 1084 2420 fastigia
1107 2341 1338 2421 pervenerunt.
1384 2336 1463 2399 nihil
1488 2337 1647 2422 estquod
1671 2337 1836 2403 residuum
1858 2345 1915 2403 aut
1938 2338 1997 2404 ad·

342 2443 432 2506 flicta
455 2443 567 2508 credat
590 2445 695 2528 patria
724 2450 780 2507 aut
803 2448 896 2530 pater
919 2441 1093 2505 extinctus.
1141 2439 1284 2503 facessat
1313 2460 1333 2502 a
1362 2439 1471 2511 nobis,
1503 2441 1666 2527 principes
1690 2442 1766 2521 viri,
1794 2443 1999 2526 argumentis
2055 2490 2067 2501 .

341 2544 497 2611 acerbare
533 2547 741 2610 conmissum.
792 2544 956 2609 sufficiunt
984 2543 1072 2607 nuda
1104 2563 1230 2607 reorum
1263 2543 1436 2619 vocabula,
1469 2544 1558 2608 uullo
1591 2544 1789 2610 defensionis
1821 2547 2000 2613 munienda

342 2649 523 2734 privilegio.
569 2648 686 2714 addam
716 2670 795 2713 sone
826 2648 945 2712 delicto
975 2647 1131 2732 quodam,
1163 2666 1246 2732 quae
1277 2654 1352 2710 sunt
1381 2649 1553 2731 praecelsa
1586 2656 1750 2731 reatuum,
1780 2672 1821 2715 ue
1849 2650 1916 2714 ulla
1942 2672 1999 2717 res

294 2750 496 2816 tondeatur
519 2752 560 2818 de
584 2755 711 2817 actions
735 2751 918 2826 subtracta,
941 2772 1038 2836 quam
1062 2751 1254 2835 sagacibus,
1278 2758 1313 2815 ut
1337 2751 1491 2827 aestimo,
1525 2753 1672 2837 vestigiis
1697 2754 1874 2819 invenistis.
1928 2776 2000 2820 am·

341 2853 429 2918 bitur
452 2855 632 2940 parricidae
661 2860 771 2919 statua
799 2853 931 2917 sortium
962 2853 1083 2917 vallata
1115 2852 1291 2921 lateribus,
1323 2859 1356 2916 et
1381 2840 1606 2936 simulacrum,
1638 2855 1724 2940 quod
1751 2863 1807 2921 aut
1835 2857 1998 2925 litteraria

343 2978 422 3022 cura
444 2959 572 3043 peperit
595 2965 651 3022 aut
673 2957 811 3021 Martius
835 2976 969 3042 campus
993 2955 1128 3035 refudit,
1157 2955 1253 3021 huius
1278 2957 1412 3041 imagini
1435 2959 1660 3045 posthabetur.
1705 2960 1842 3040 dunter,
1872 2961 1898 3025 si
1923 2984 1997 3028 ore·
2054 2980 2069 3019 ε’

339 3059 429 3142 ditis,
452 3061 562 3127 ferunt
585 3069 633 3125 tot
656 3062 761 3125 evecti
784 3059 885 3124 titulis
908 3060 998 3124 nulla
1021 3080 1056 3124 se
1080 3060 1121 3124 ab
1139 3060 1280 3125 effusore
1303 3063 1431 3146 paterni
1456 3063 1624 3147 sanguinis
1642 3063 1855 3130 retributione
1871 3065 1999 3132 distare

340 3170 382 3239 et,
407 3164 434 3228 si
458 3165 513 3248 qui
536 3164 708 3228 animabus
732 3164 875 3249 reliquus
898 3164 990 3247 vigor
1013 3169 1080 3236 est,
1103 3162 1226 3228 deflent
1249 3165 1397 3250 praemia
1420 3187 1490 3245 sua,
1514 3186 1598 3250 quae
1622 3166 1738 3232 adnisu
1763 3168 1891 3234 roboris
1915 3192 1998 3237 exe·

339 3274 466 3353 gerunt.
512 3269 568 3332 ubi
592 3269 761 3343 honestae,
793 3267 849 3332 ubi
873 3266 972 3332 studii
997 3266 1142 3331 liberalis
1168 3267 1335 3340 efficacia,
1367 3269 1422 3333 ubi
1445 3291 1563 3334 munus
1587 3291 1646 3355 pro
1670 3271 1777 3356 patria
1799 3271 1998 3347 dimicantis,

339 3372 366 3435 si
395 3393 510 3436 aereas
534 3371 655 3436 formas
684 3372 768 3435 arcis
795 3392 968 3459 possessor
992 3369 1128 3435 exhibet
1155 3376 1204 3449 et,
1236 3372 1290 3457 qui
1319 3373 1478 3456 genitoris
1509 3373 1605 3438 funus
1634 3381 1800 3460 procurat,
1829 3375 1998 3442 obtineat?

291 3476 323 3535 ll
341 3496 399 3539 vos
423 3482 549 3540 tantum
572 3476 670 3561 digna
700 3476 823 3540 meritis
852 3476 1009 3540 exhibete
1033 3482 1211 3553 tormenta,
1242 3497 1283 3540 ne
1316 3477 1344 3540 si
1373 3478 1466 3561 inpar
1494 3498 1601 3562 poena
1628 3477 1791 3563 impetitos
1821 3478 1999 3555 addixerit,

339 3600 400 3643 nec
423 3578 515 3645 vobis
538 3580 700 3647 debeatur
723 3580 865 3645 laudatio
889 3580 1014 3644 directa
1032 3579 1195 3644 censendi.
1232 3601 1296 3643 uuo
1319 3580 1439 3645 itinere
1462 3582 1528 3645 vita
1552 3582 1727 3667 pellantur,
1750 3582 1867 3666 quibus
1889 3605 1999 3670 paene

340 3702 400 3767 par
423 3684 535 3748 existit
558 3693 591 3748 et
614 3707 684 3749 sors
707 3683 829 3749 delicti.

950 3883 1115 3952 ccxulv
1138 3886 1249 3972 (uersa.
1267 3891 1298 3962 5,
1318 3884 1381 3962 17).

938 4063 1116 4137 AVIENO
1150 4062 1399 4137 ENNODIVS.

313 4233 324 4290 1
454 4206 559 4301 Bene
584 4237 773 4320 magnitudo
798 4242 924 4307 vestra.
952 4237 1028 4301 dum
1053 4238 1168 4323 origini
1197 4244 1230 4303 et
1255 4238 1400 4302 moribus
1426 4246 1573 4324 praestat
1597 4240 1809 4327 obsequium,
1838 4242 1995 4308 emenda-

340 4339 462 4402 tionem
491 4340 561 4403 sine
590 4339 761 4403 intervallo
791 4340 959 4425 coniungit
987 4341 1088 4404 errori
1118 4349 1151 4405 et
1182 4339 1267 4425 quod
1292 4348 1463 4428 peccatum
1487 4343 1656 4428 sapienter
1678 4344 1856 4430 intellegit,
1884 4348 1995 4432 prius·
2052 4398 2057 4407 .

341 4462 437 4526 quam
461 4443 565 4506 altero
588 4442 816 4521 denuntietur,
840 4444 967 4509 avertit.
1013 4445 1085 4529 quis
1110 4444 1221 4510 eredat
1244 4445 1421 4531 deliquisse
1451 4447 1483 4510 iu
1508 4448 1708 4512 correctione
1732 4447 1996 4518 velocissimum?

445 4650 458 4699 l
477 4657 563 4700 statua
579 4649 623 4699 Vn
709 4653 847 4703 uniuersus
862 4651 888 4700 B
1013 4650 1031 4702 2
1048 4661 1219 4720 correguntur
1236 4653 1261 4702 B
1386 4652 1403 4704 4
1421 4654 1606 4722 condempnare
1619 4655 1676 4706 BV
1797 4655 1815 4708 5
1832 4662 1998 4714 successibus

341 4735 431 4799 (cessei
452 4737 479 4786 in
496 4736 544 4799 lit.)
561 4735 586 4786 B
720 4736 734 4786 l
758 4739 833 4790 uallis
850 4738 874 4788 B
961 4740 1098 4804 probrosus
1114 4738 1139 4788 B
1269 4741 1285 4790 8
1306 4742 1406 4808 gladios
1429 4741 1456 4801 (ιι
1474 4757 1529 4805 sap.
1549 4759 1565 4792 o
1583 4741 1661 4805 eros.)
1679 4741 1704 4791 B
1790 4742 1852 4810 sint]
1877 4754 1939 4798 sunt
1955 4747 1998 4798 1⁷⁰

341 4821 519 4874 baccnsautis
535 4821 560 4870 V
624 4832 696 4889 pater
713 4822 747 4887 etl
767 4833 867 4890 potrum
883 4824 941 4876 t'l'b
1051 4824 1318 4879 remeatremeat
1388 4829 1509 4895 astringis
1526 4829 1550 4878 V
1658 4827 1689 4879 14
1706 4830 1842 4897 aripuetB
1911 4836 1998 4886 autori

340 4926 394 4974 srsp.
408 4908 517 4959 tinea
580 4911 650 4961 nesci
668 4927 722 4975 sap.
737 4912 781 4961 lia.
796 4910 849 4962 oV
953 4911 985 4961 ll)
1003 4913 1154 4963 auntSimt.
1218 4915 1410 4979 peramplis.
1424 4936 1439 4965 o
1452 4916 1477 4966 B
1585 4913 1614 4964 lli
1633 4923 1658 4966 te
1675 4916 1738 4966 satis
1755 4916 1833 4982 matii
1849 4917 1999 4983 relinquens

340 5012 387 5046 om.
401 4993 426 5044 B
560 4992 592 5044 17
611 4996 692 5060 torvo]
712 4998 787 5047 turbo
800 4996 825 5047 B
964 4996 996 5047 18
1015 4999 1132 5050 incolomi
1146 4998 1171 5048 B
1305 4998 1337 5049 19
1355 5002 1450 5052 afflicta
1466 5002 1490 5050 V
1618 4999 1653 5051 ‘20
1671 5003 1798 5070 principos
1809 5001 1851 5054 1³²
1867 5013 1891 5055 et
1907 5004 1998 5071 Sient,

339 5080 613 5148 principisBVLTP¹
711 5080 743 5132 21
763 5085 870 5135 scobare
882 5084 926 5134 11ιι
1023 5082 1058 5134 22
1075 5085 1189 5136 adamB
1252 5087 1346 5138 delictu
1360 5085 1385 5136 B
1447 5089 1570 5154 quaedam
1589 5089 1657 5140 Tei>
1751 5086 1786 5139 23
1804 5089 1836 5141 de
1853 5108 1902 5153 cat.
1916 5090 1998 5143 Sis-st.

339 5165 372 5217 24
391 5168 499 5220 litania-is
512 5168 590 5218 Siras.
712 5167 746 5219 25
764 5170 870 5236 imagini
889 5171 981 5237 scripsi
1000 5171 1044 5237 (cs.
1060 5171 1152 5223 0002(
1165 5170 1199 5234 1),
1216 5173 1327 5240 imagine
1340 5173 1446 5238 BVUP,
1464 5176 1601 5241 imaginem
1616 5176 1668 5227 LT
1681 5185 1705 5227 et
1723 5175 1801 5228 Siras.
1881 5177 1996 5246 creditis]

338 5253 507 5306 credentesB
592 5252 626 5304 26
644 5256 714 5306 nulla
732 5257 765 5307 ab
784 5258 824 5307 eil.
843 5273 870 5307 se
885 5256 1001 5308 vam
1085 5255 1118 5307 27
1137 5259 1285 5323 reliquosB
1371 5258 1405 5309 29
1423 5262 1486 5312 artis
1499 5261 1571 5313 nol’
1620 5264 1735 5330 optineat
1749 5262 1807 5324 Va·
1824 5281 1861 5314 aa
1878 5265 1997 5318 obtinet?

338 5338 373 5389 30
391 5358 458 5406 pona
475 5357 530 5407 sap.
544 5341 653 5420 limati
731 5343 860 5409 impetitos
874 5343 941 5407 oPs,
962 5344 1092 5409 impetitus
1104 5341 1211 5393 BVLT
1321 5343 1356 5395 32
1374 5347 1460 5399 existit
1477 5354 1503 5399 et
1520 5349 1619 5413 scripsi,
1637 5349 1750 5400 existitst
1761 5348 1796 5413 B,
1816 5349 1902 5401 extitit
1918 5351 1997 5403 catari

338 5425 411 5477 sorbs
423 5423 464 5477 B¹
532 5427 618 5478 dilecti
631 5426 695 5477 ·l·B

443 5523 589 5595 [CCXLIV]
625 5526 660 5580 38
678 5531 949 5583 ΕιιιιυιιίιιιΑιιιοιιοὺ
1052 5529 1087 5582 35
1100 5539 1160 5599 post
1177 5532 1257 5583 errori
1273 5532 1385 5599 spadum
1397 5537 1430 5588 12
1447 5535 1492 5586 litt.
1509 5552 1618 5591 oasam
1636 5537 1701 5591 aa
1804 5535 1840 5594 36
1857 5540 1997 5597 susara

338 5610 532 5677 delinquiascB
