4500 6232
324 279 387 343 326
557 274 722 329 cnnxvul
739 275 863 343 (EPIS'I'.
881 277 906 339 9,
924 277 979 344 35),
998 276 1132 332 CDLXIX
1150 276 1271 344 (CARM.
1289 277 1315 340 2,
1331 276 1369 344 4),
1388 275 1509 332 CDLXX
1527 275 1647 342 (clun.
1665 277 1691 340 2,
1709 277 1745 344 i).

327 468 405 513 suae
435 447 545 513 radios
574 470 638 514 non
673 449 862 531 obumbrat,
897 449 1018 516 deinde
1046 450 1123 535 quia
1150 450 1236 516 unde
1265 450 1429 537 despicior
1455 450 1655 518 vindioabor.
1700 472 1778 536 ergo
1808 450 1849 517 ad
1882 472 1980 517 usum

293 552 549 637 3promissionis
574 552 717 638 benigue
740 560 916 633 revertere,
941 576 982 619 ue
999 553 1111 619 videar
1134 556 1308 620 manifeste
1331 555 1526 641 suspicatus.
1565 575 1639 639 ego,
1662 556 1737 640 quia
1760 555 1920 621 haetenus
1935 555 1978 621 ab

323 655 510 741 scriptionis
522 677 658 721 munere
672 658 893 742 temperastis,
911 659 941 721 in
956 658 1038 723 haee
1050 658 1150 723 verba
1163 660 1310 744 prorupi:
1327 680 1385 720 vus
1397 664 1453 722 eut
1465 659 1585 723 laetum
1597 656 1723 723 diluere
1736 665 1792 723 aut
1805 659 1978 723 adfirmare

323 759 542 822 innocentiam
567 760 720 823 convenit
744 760 915 824 nobilitate
939 763 1107 827 sermonis.
1154 761 1284 827 domine
1312 763 1372 841 mi,
1403 763 1607 827 salutationis
1636 763 1846 849 plenissimae
1868 764 1978 828 officia

323 860 515 946 persolvens
535 883 643 946 spero,
667 863 773 946 utqui
792 862 982 946 diligentem
994 864 1182 949 neglexisti,
1207 866 1317 929 saltim
1327 865 1497 950 colloquiis
1509 865 1640 948 dignum
1655 865 1756 930 fusiss
1774 875 1978 951 arguentem.
2033 890 2045 923 r·

941 1410 1117 1478 cnnxlx
1141 1414 1247 1498 (assu.
1265 1417 1294 1490 2,
1313 1413 1357 1497 4).

1050 1590 1246 1665 VERSVS.

711 1742 858 1806 Antistes
882 1762 1026 1806 summus
1049 1743 1196 1827 plaustro
1218 1750 1251 1807 te
1276 1742 1385 1807 nobile
1409 1741 1519 1807 donat.

757 1843 876 1907 Pandit
899 1846 962 1908 iter
984 1845 1122 1929 mugnis,
1146 1845 1256 1910 omino
1279 1845 1396 1911 dextra
1418 1846 1507 1910 facit.

953 2130 1109 2198 CDLXX
1131 2131 1237 2214 (11111111.
1254 2135 1284 2208 2,
1302 2132 1346 2218 7).

711 2286 847 2351 Oeoisor
869 2289 990 2369 mortis,
1013 2289 1081 2352 dux
1104 2289 1202 2370 vitae,
1226 2289 1337 2373 planta
1361 2287 1488 2352 salutis!

757 2390 893 2477 Aspioe:
918 2413 993 2455 nam
1018 2412 1154 2478 serpens
1177 2411 1256 2455 eeoe
1280 2411 1408 2455 venena
1431 2391 1532 2476 fugat,

711 2493 754 2557 Et
777 2495 864 2579 quod
887 2496 1037 2582 supplicii
1062 2495 1192 2581 speeies
1216 2502 1249 2557 et
1272 2494 1384 2557 mortis
1408 2493 1518 2579 imago

757 2598 825 2662 Iam
850 2599 963 2664 luerat·
980 2600 1117 2678 miseris,
1143 2605 1195 2663 est
1218 2596 1297 2660 milri
1320 2605 1411 2661 oerta
1434 2599 1534 2662 salus.

427 2842 439 2890 l
460 2843 580 2909 dispiciat
592 2842 617 2892 B
734 2840 752 2892 2
771 2841 932 2908 promisionis
944 2839 970 2890 B
1050 2842 1111 2906 quia
1129 2840 1148 2905 (i
1165 2841 1194 2891 ie
1206 2840 1254 2905 tir.)
1267 2840 1293 2890 B
1410 2839 1427 2890 3
1445 2841 1573 2892 affirmare
1590 2839 1614 2888 Γ
1725 2837 1742 2891 4
1760 2837 1805 2906 111ἰ]
1824 2840 1885 2890 milri
1899 2838 1978 2890 ΒΓΕ

321 2926 338 2977 5
356 2927 445 2978 sallem
462 2927 486 2975 V
550 2929 675 2995 coloquiis
688 2928 720 2991 B,
741 2928 860 2993 alloquiis
873 2927 951 2978 Siros.
1021 2927 1099 2977 sacius
1121 2926 1228 2992 dignum
1247 2924 1377 2976 Simnana
1397 2954 1430 2962 —
1455 2925 1516 2976 Hoc
1533 2927 1642 2991 epistula
1658 2927 1790 2992 finiuntur
1807 2927 1904 2977 codioas
1921 2928 1978 2978 sim

322 3013 512 3080 asumptum.

425 3114 578 3182 [cnnxlx]
607 3116 667 3167 Duo
684 3135 749 3184 qums
766 3117 1106 3183 sequunturopiqromsaolo
1118 3133 1166 3167 om.
1178 3115 1204 3166 B
1207 3134 1216 3175 ,·
1232 3117 1261 3166 ie
1277 3115 1473 3182 Veiuademque
1484 3116 1572 3181 alirpis
1589 3116 1715 3168 codicibus
1734 3116 1796 3166 liaeo
1813 3124 1849 3166 sat
1866 3133 1976 3182 wasers·

321 3203 405 3252 lorum
434 3205 524 3254 serus:
560 3203 638 3255 XCV
667 3203 812 3255 ODLXIX
839 3203 975 3254 CDLXII
999 3202 1128 3255 ODLXV
1152 3202 1281 3254 ODLXX
1304 3203 1400 3254 „roal
1424 3203 1536 3253 XCVII
1556 3200 1687 3253 XCVIII
1698 3211 1741 3252 etc.
1771 3230 1802 3238 —
1831 3203 1864 3268 cs.
1886 3205 1976 3268 praes.

321 3289 360 3338 De
378 3289 491 3353 plaustro
509 3291 576 3354 quod
595 3292 729 3358 episeopus
746 3291 854 3342 donarat
870 3291 948 3341 inser.
963 3290 1041 3340 Sirm.
1146 3306 1170 3339 v.
1191 3289 1203 3339 1
1224 3289 1368 3355 plaustrum
1381 3289 1476 3338 Horret

425 3389 563 3459 [CDLXX]
599 3396 709 3461 Serpens
726 3411 822 3445 aeneus
840 3396 867 3444 in
885 3411 962 3446 erues
980 3395 1056 3445 inser.
1073 3393 1151 3445 Siros.
1256 3410 1280 3444 v.
1299 3392 1317 3443 2
1335 3411 1395 3445 nam
1413 3391 1459 3455 Vb,
1477 3410 1546 3443 nuno
1562 3392 1671 3455 Wffl'h,
1690 3391 1809 3443 narrtola
