4500 6232
716 283 736 337 Ι,
765 281 812 337 Dll
830 282 920 338 VITA
940 281 988 337 ΕΤ
1006 281 1169 338 SORIPTIS
1186 283 1337 341 ENNODI.
1814 289 1853 345 xl

300 452 537 540 Nequetamen
559 456 608 520 his
632 478 740 523 ornnes
763 456 856 523 officii
879 465 984 542 partes
1007 458 1273 523 enumeravimus:
1303 468 1399 524 restat
1420 459 1482 538 illa,
1513 482 1593 546 qnae
1614 459 1654 526 ad
1680 459 1853 550 discipulos

199 559 399 645 scholamque
421 559 688 625 Mediolanensem
718 568 847 647 spectat.
896 583 967 625 nam
997 561 1070 625 licet
1096 560 1248 627 dictiones
1272 562 1356 641 illas,
1386 561 1469 627 unde
1498 564 1623 629 scholae
1652 575 1683 630 et
1706 566 1854 633 subsellia

199 662 354 742 redolent,
376 685 414 726 ex
437 663 593 726 communi
616 663 788 727 litterarum
809 664 930 743 favore,
953 686 1045 749 quem
1068 664 1099 728 in
1122 664 1270 730 Ennodio
1291 666 1389 731 fuisse
1411 689 1508 753 supra
1529 668 1747 754 exposuimus,
1769 678 1854 734 ortas

199 790 267 832 esse
289 765 375 831 dicas
391 777 483 853 atque
498 768 673 854 epistulam,
696 768 750 832 ubi
771 769 854 854 patri
876 767 1000 832 cuidam
1022 768 1148 855 scripsit
1169 769 1267 834 filium
1290 770 1322 834 in
1345 768 1459 835 studiis
1474 770 1655 836 liberalibus
1672 795 1854 859 progressus

199 871 298 936 facere
320 875 361 957 (p.
376 873 526 951 21119),
557 872 647 936 aliter
672 872 820 959 explicari
843 895 935 960 posse
958 870 1178 952 concedamus,
1208 874 1304 938 verba
1326 883 1429 939 tamen
1458 883 1494 938 ut
1513 898 1545 960 p.
1561 877 1670 954 297‚9
1697 876 1855 954 ‚erubesco

199 976 404 1040 ecclesiastica
434 976 628 1060 profitentem
656 976 846 1040 ornamentis
869 976 1080 1041 saecularibus
1103 977 1250 1063 expolire‘
1271 987 1303 1040 et
1324 1002 1355 1065 p.
1370 980 1495 1057 29128
1517 977 1603 1058 ,nibil
1627 978 1720 1064 longe
1742 978 1856 1065 degen-

200 1079 284 1142 tibus
306 1079 465 1164 magistris
488 1100 568 1164 opus
591 1086 653 1157 est,
683 1077 809 1164 quando
831 1078 928 1164 digna
948 1078 1041 1144 laude
1063 1079 1201 1166 loquitur
1222 1081 1276 1166 qui
1299 1078 1407 1166 dirigit
1428 1079 1469 1145 ad
1491 1079 1663 1146 docentem.
1707 1082 1855 1147 erubesco

200 1183 390 1273 insinuatum
413 1182 516 1246 minus
545 1179 702 1246 invenisse
731 1205 824 1268 quam
847 1181 972 1262 detulit,
1002 1182 1095 1247 deum
1118 1206 1244 1269 rogam,
1274 1194 1310 1248 ut
1332 1183 1417 1270 quod
1439 1183 1479 1248 de
1501 1207 1551 1248 111
1572 1207 1628 1272 per
1650 1184 1855 1250 adfectionem

199 1287 413 1373 praesumitis,
444 1285 561 1370 ingenii
593 1284 714 1349 valeam
744 1285 859 1350 virtute
888 1287 1042 1372 conplere‘
1070 1327 1111 1333 —
1138 1285 1317 1351 huiusmodi
1351 1287 1479 1373 iuquam
1511 1287 1609 1352 verba
1643 1289 1720 1353 satis
1751 1298 1856 1376 aperte

199 1391 337 1456 iudicant
363 1388 545 1454 Eunodium
573 1410 636 1452 uon
665 1389 767 1453 solum
796 1390 902 1455 Pateri
929 1390 1014 1454 illius
1045 1389 1100 1455 sed
1127 1391 1221 1455 etiam
1251 1391 1383 1456 aliorum
1405 1389 1650 1456 adulescentium
1671 1390 1855 1455 eruditionis

200 1495 419 1581 provisionem,
442 1501 479 1556 111
500 1490 545 1556 ait
566 1515 596 1577 p.
612 1494 684 1570 310,
697 1495 747 1571 30,
770 1493 952 1578 respexisse.
996 1492 1086 1578 quid,
1118 1494 1185 1582 ipse
1212 1518 1246 1559 se
1268 1503 1498 1581 praeceptorem
1526 1494 1664 1581 appellat
1685 1518 1715 1580 p.
1732 1498 1761 1574 8,
1773 1497 1803 1571 2,
1825 1503 1857 1558 et

200 1621 229 1684 p.
245 1599 349 1678 atat
371 1595 565 1683 pronuntiat:
588 1592 637 1673 ,de
659 1594 894 1660 nostrohausit
916 1598 1040 1676 Arator,
1062 1596 1211 1683 quicquid
1235 1595 1294 1662 deo
1316 1597 1526 1684 amplificante
1547 1597 1587 1662 de
1608 1597 1739 1662 scientia
1760 1619 1856 1683 opum

200 1701 305 1783 largus
327 1698 483 1764 effuderit‘
510 1698 644 1782 itemque
666 1722 696 1784 p.
712 1701 785 1778 320,
798 1701 839 1764 27
862 1699 1014 1783 gloriatur
1036 1723 1055 1763 a
1077 1722 1111 1764 se
1132 1701 1290 1765 Avienum
1318 1700 1473 1766 eruditum
1495 1722 1572 1765 esse.
1609 1699 1674 1765 noli
1696 1709 1800 1764 tamen
1823 1697 1856 1763 id

200 1805 244 1868 ita
265 1803 455 1887 intellegere,
485 1810 520 1865 111
542 1800 723 1866 Eunodirun
745 1825 803 1889 pro
832 1801 900 1867 ludi
929 1804 1079 1889 magistro
1106 1827 1124 1869 a
1153 1827 1201 1869 me
1231 1804 1337 1871 haberi
1367 1807 1540 1885 existimes;
1569 1803 1624 1869 sed
1653 1804 1776 1869 scholae
1805 1802 1855 1866 vel

201 1906 304 1992 potius
328 1904 473 1968 auditorii
497 1902 758 1982 MediolanensiS,
787 1906 875 1968 errius
898 1906 1052 1970 litterator
1074 1907 1242 1973 Deuterius
1264 1909 1338 1988 fuit,
1361 1918 1534 1974 curatorem
1556 1917 1586 1973 et
1608 1908 1761 1972 fautorem
1784 1928 1855 1970 eurn

199 2009 295 2073 fuisse
326 2017 412 2093 puto.
462 2014 558 2069 artem
586 2005 771 2071 rhetoricam
810 2016 913 2072 autem
946 2010 1113 2074 nonnullos
1150 2012 1217 2097 ipse
1249 2011 1370 2092 docuit,
1413 2036 1483 2076 curn
1514 2012 1567 2076 ille
1598 2010 1750 2097 pristinus
1778 2031 1856 2088 mos,

200 2110 370 2177 secundum
401 2132 493 2195 quem
522 2107 735 2175 adulescentes
767 2111 868 2175 claros
901 2122 1039 2177 oratores
1071 2123 1231 2200 tamquam
1264 2116 1430 2201 magistms
1453 2115 1664 2193 sectabantur,
1697 2124 1764 2177 tum
1793 2134 1856 2176 non

199 2214 341 2280 funditus
373 2213 508 2277 abolitus
540 2224 630 2278 esset.
675 2223 709 2278 111
742 2214 875 2302 exempli
909 2237 1003 2280 causa
1037 2216 1175 2281 Faustus
1207 2217 1350 2292 ,Romani
1381 2228 1482 2284 status
1514 2219 1640 2304 eloquii‘
1671 2220 1711 2304 (p.
1737 2219 1787 2295 15,
1803 2218 1856 2295 33)

201 2317 378 2384 Castoriurn
409 2324 441 2380 et
462 2316 592 2380 Florum
621 2317 797 2382 instituerat
825 2322 866 2403 (p.
888 2321 1022 2399 21,13),
1054 2320 1098 2383 ita
1124 2318 1289 2384 Ennodius
1317 2321 1437 2385 nobiles
1460 2320 1614 2409 quosdam
1643 2319 1856 2385 adulescentes

199 2424 288 2508 quasi
311 2420 546 2486 contubernales
570 2430 634 2485 arte
663 2421 828 2504 rhetorica,
851 2421 947 2485 errius¹
961 2421 1128 2485 Deuterius
1152 2444 1261 2508 parum
1283 2423 1344 2487 fuit
1366 2418 1484 2510 peritus
1507 2432 1567 2511 (op.
1583 2422 1804 2490 CCXXXIV
1818 2425 1856 2503 7),

202 2527 370 2591 excolebat.
534 2530 544 2542 ‘

200 2734 368 2798 Ravennae
390 2741 494 2817 gestas
511 2739 543 2794 ut
566 2731 610 2793 ita
624 2728 726 2793 (licam
749 2730 845 2794 statio
860 2739 927 2796 osto
951 2731 982 2795 iu
998 2731 1120 2817 syuodo
1135 2732 1255 2798 Itomae
1270 2732 1310 2797 ad
1326 2732 1462 2798 schisma
1477 2733 1726 2819 componendum
1749 2733 1856 2798 habita

200 2839 376 2904 11110502.
421 2834 575 2898 namhoc
596 2855 678 2898 anuo
701 2833 865 2921 episcopos
888 2835 1000 2901 Italiae
1026 2859 1045 2900 a
1067 2835 1261 2901 Theoderico
1284 2836 1417 2901 Romam
1441 2846 1631 2902 convocatos
1653 2860 1734 2916 csse,
1761 2847 1797 2900 ut
1817 2835 1857 2900 de

200 2939 380 3004 criminibus
409 2936 598 3023 Symmacho
625 2959 725 3023 papae
753 2937 882 3002 obiectis
911 2938 1097 3019 iudicarent,
1132 2963 1231 3028 nuper
1260 2941 1353 3005 certis
1379 2940 1554 3005 rationibus
1587 2940 1738 3027 probasse
1765 2939 1856 3004 nobis
1943 2951 1951 2961 ⁸

200 3044 343 3108 videniur
365 3050 406 3124 (v.
425 3041 519 3127 Sybcl
542 3041 651 3105 histor.
674 3041 822 3106 Zeitschr.
846 3043 886 3106 N.
903 3043 939 3107 F.
962 3043 1052 3112 XIV
1075 3069 1105 3130 p.
1121 3048 1184 3110 400
1199 3048 1260 3125 ss).
1304 3041 1485 3108 Ennodium
1513 3053 1582 3107 tum
1608 3044 1712 3130 ipsum
1734 3042 1855 3107 Romae

198 3148 295 3213 fuisse
321 3145 457 3211 dictione
477 3168 572 3231 quam
593 3145 704 3209 habuit
726 3144 862 3231 ,quando
889 3145 928 3211 (11
950 3147 1052 3212 Roma
1078 3147 1179 3212 rediit‘
1201 3147 1258 3231 (II)
1282 3146 1475 3227 ostenditur'3
1503 3147 1558 3212 sed
1580 3147 1687 3233 quanti
1709 3146 1856 3211 momenti

198 3254 264 3317 eius
281 3274 375 3339 opera
390 3251 421 3314 in
437 3249 492 3314 illa
504 3247 624 3334 synodo
639 3248 733 3314 firerit
747 3250 848 3335 planis
860 3251 964 3315 verbis
980 3250 1128 3317 traditum
1145 3275 1206 3316 101
1223 3256 1278 3317 est.
1310 3274 1410 3338 neque
1424 3262 1527 3317 tamen
1543 3250 1740 3315 mediocriter
1750 3255 1857 3313 aucto-

198 3357 321 3422 ritatem
344 3357 410 3419 cius
433 3350 657 3417 aestimandam
679 3375 747 3417 esse
770 3355 909 3419 conicere
929 3356 1001 3420 licet
1022 3357 1108 3420 hinc:
1132 3357 1267 3442 primum
1290 3355 1374 3441 quod
1394 3354 1559 3420 Ennodius
1578 3353 1776 3419 amanuensis
1796 3353 1857 3417 fuit

198 3459 347 3525 Laurenti
370 3457 509 3545 episcopi
526 3454 780 3535 Mediolanensis,
803 3480 895 3542 quem
918 3459 1009 3522 ceteri
1032 3460 1171 3545 episcopi
1194 3459 1292 3544 ,qnasi
1310 3458 1420 3522 ducem
1436 3456 1857 3522 (11111111111101111111111111ί

199 3570 239 3650 (p.
250 3566 280 3643 4,
288 3568 319 3641 2)
334 3563 483 3647 cuiusque
498 3582 610 3624 nornen
625 3559 657 3622 iu
672 3559 953 3645 subscriptionibus
969 3562 1080 3647 synodi
1094 3563 1229 3648 primum
1243 3563 1346 3626 locum
1362 3562 1496 3638 obtinet;
1511 3568 1578 3624 tum
1594 3558 1678 3646 quod
1690 3557 1855 3623 Ennodius
1943 3561 1953 3572 '

201 3667 302 3732 Roma
324 3687 466 3730 reversus
488 3663 640 3748 gloriatur
653 3666 693 3748 (p.
710 3669 738 3743 5,
751 3666 782 3739 41
803 3662 979 3742 ,didicimus
1002 3664 1063 3727 iarn
1086 3687 1149 3750 quo
1172 3665 1294 3728 turbiue
1317 3686 1374 3750 pro
1392 3686 1496 3728 amore
1518 3663 1588 3727 lidei
1604 3663 1694 3728 hasta
1715 3660 1856 3726 iacienda

201 3771 249 3835 sit
271 3780 364 3855 atque
386 3777 495 3855 postea
517 3765 739 3852 Symmachum
756 3790 870 3853 papam
895 3767 1085 3847 meritonrm,
1108 3790 1187 3854 quae
1210 3766 1271 3833 sibi
1293 3766 1426 3846 deberet,
1449 3767 1641 3831 commonuit
1659 3771 1699 3854 (p.
1712 3768 1856 3846 180,141;

200 3876 333 3962 denique
355 3874 429 3960 quia
443 3871 591 3951 ,libellum
607 3870 758 3936 adversus
773 3894 826 3936 eos
842 3873 894 3957 qui
911 3882 1017 3938 contra
1040 3871 1193 3958 synodum
1211 3870 1344 3936 scribere
1359 3878 1643 3958 praesumpserunt
1658 3867 1854 3936 scribendum

201 3978 339 4064 suscepit
354 3978 403 4041 vel
428 3986 463 4040 ut
483 3975 655 4061 susciperet
676 3975 717 4039 ab
739 3975 895 4062 episcopis
918 3977 994 4061 ipsis
1017 3977 1133 4042 electus
1156 3986 1213 4041 est.
1229 4014 1270 4023 —-
1287 3973 1448 4041 Videlicet
1469 3975 1746 4062 locupletissimum
1763 3973 1856 4038 buius

200 4083 243 4146 rei
265 4090 375 4146 testem
398 4103 431 4144 se
453 4101 520 4143 esse
542 4078 670 4142 simulat
691 4076 984 4158 Pseudo-Isidorus,
1006 4081 1059 4166 qui
1082 4080 1157 4144 haec
1180 4081 1211 4144 in
1234 4078 1371 4144 medium
1394 4078 1526 4165 profert:
1549 4080 1638 4159 ,Post
1659 4077 1855 4143 consulatum

201 4187 317 4252 Avieni
339 4208 411 4250 cum
433 4185 465 4248 in
488 4206 584 4248 1111111
608 4192 763 4247 annuente
778 4181 906 4248 dominc
928 4193 999 4247 ante
1021 4185 1245 4249 consessionem
1269 4183 1351 4247 beati
1367 4183 1452 4246 Petri
1468 4181 1682 4269 apostolorum
1705 4181 1855 4267 principis

202 4288 432 4367 resedissemus,
454 4286 716 4372 sanctasynodus
732 4286 826 4352 dixit:
849 4288 991 4353 Libellus
1007 4289 1061 4373 qui
1077 4288 1219 4375 synodali
1241 4288 1423 4353 aucmritate
1438 4297 1546 4353 contra
1560 4309 1613 4352 eos
1629 4286 1683 4373 qui
1705 4284 1855 4351 adversus

202 4405 343 4481 quartam
371 4402 509 4458 nostram
538 4391 706 4478 synodum,
735 4415 814 4477 quac
841 4392 949 4457 habita
970 4402 1018 4457 cst
1048 4392 1165 4457 ltonrac
1194 4393 1333 4457 Palinuri
1362 4394 1473 4457 mutire
1501 4397 1789 4477 praesumpserunt,
1816 4389 1856 4453 ah

202 4499 349 4564 Ennodio
371 4499 566 4585 conscriptus
589 4505 652 4575 cst,
681 4518 786 4560 coram
809 4497 954 4562 omnibus
978 4496 1133 4562 deferatur
1155 4497 1240 4560 etin
1263 4497 1440 4583 praesentia
1462 4495 1601 4560 omnirrm
1623 4493 1743 4579 legatur
1765 4502 1857 4579 atquc

202 4604 380 4669 roboretur!
424 4625 486 4687 quo
513 4601 643 4665 recitato
669 4610 701 4664 ct
723 4600 763 4665 ab
786 4601 931 4666 omnibus
958 4624 1096 4666 consona
1124 4624 1201 4666 voce
1229 4600 1433 4687 comprobato
1461 4608 1569 4664 sancta
1596 4595 1736 4683 synodus
1758 4594 1855 4660 dixit:

201 4707 292 4771 Haec
313 4707 426 4771 firturis
448 4704 640 4792 temporibus
657 4713 880 4769 conserventur
897 4713 990 4790 atque
1012 4705 1052 4769 ab
1074 4705 1219 4768 omnihus
1234 4714 1397 4768 tencantur
1418 4714 1450 4768 et
1471 4704 1511 4768 ab
1525 4701 1671 4767 omuibus
1686 4711 1856 4766 serventur.

201 4810 252 4875 hic
274 4810 398 4876 libellus
421 4811 616 4895 integerrime
638 4807 829 4894 synodaliter
850 4808 890 4873 ab
913 4809 1058 4874 omnibus
1080 4818 1220 4873 teneatur
1241 4818 1335 4895 atque
1357 4808 1436 4872 iuter
1457 4806 1532 4870 IIII
1554 4816 1585 4870 ct
1607 4805 1644 4871 V
1666 4804 1856 4891 synodonun

202 4923 379 4980 nost-rarum
412 4915 549 4979 actiones
580 4913 795 4999 interponatur
828 4920 860 4976 et
889 4913 934 4976 ita
960 4912 1041 4977 sicut
1073 4911 1183 4976 harum
1216 4911 1407 4996 synodorum
1438 4910 1560 4974 decreta
1590 4907 1753 4986 habeatur,
1783 4909 1857 4993 quia

202 5017 346 5103 synodali
369 5018 552 5083 auctoritate
574 5017 770 5102 conscriptus
793 5024 842 5081 est
863 5025 895 5080 et
909 5017 1091 5082 roboratus!
1105 5056 1145 5064 -—
1162 5018 1207 5080 At
1230 5016 1306 5081 haec
1327 5027 1360 5078 ct
1381 5015 1452 5092 alia,
1473 5036 1553 5098 quae
1575 5010 1634 5076 hac
1656 5009 1696 5075 de
1717 5033 1749 5074 rc
1771 5008 1856 5095 apud

205 5121 365 5187 Isidorum
388 5122 528 5208 legimus,
550 5144 653 5186 merae
668 5129 743 5185 srurt
764 5142 866 5205 nugae
887 5128 919 5185 et
933 5120 1064 5185 nebulae
1079 5119 1263 5200 (Hinschius
1279 5118 1458 5182 Decretales
1473 5140 1503 5202 p.
1515 5115 1600 5195 CV),
1622 5114 1736 5200 quibus
1752 5123 1857 5178 tamen

203 5223 313 5289 offusis
341 5247 390 5289 res
418 5224 575 5290 difficilior
601 5223 641 5288 ad
670 5222 920 5311 perspiciendum
954 5224 1038 5289 facta
1069 5234 1124 5288 est
1174 5233 1309 5287 cetennn
1339 5221 1379 5286 ad
1413 5219 1530 5286 falsarii
1562 5217 1645 5281 illius
1673 5216 1856 5302 praestigias

202 5325 402 5414 dissipandas
429 5328 489 5392 hoc
517 5327 627 5392 afferre
661 5327 790 5407 sufficit,
825 5326 910 5413 quod
938 5328 1079 5392 libellum
1109 5324 1235 5390 Ennodi
1270 5324 1497 5411 apologeticum
1528 5320 1647 5385 eisdem
1674 5319 1795 5385 mendis
1826 5330 1858 5385 ct

201 5431 399 5517 glossematis
422 5431 626 5519 depravatum
649 5430 783 5512 exhibet,
805 5432 920 5518 quibus
943 5454 1049 5497 omncs
1073 5429 1250 5495 Ennodiani
1274 5428 1346 5493 libri
1368 5435 1490 5513 praeter
1511 5447 1606 5490 rrnrrm
1622 5424 1857 5489 Bruxellensem

201 5533 355 5623 inquinati
377 5545 464 5603 sunt:

1661 5637 1700 5692 b*
