4500 6232
659 284 795 340 ccxxlv
812 284 936 353 (EPIST.
953 288 979 349 b,
996 286 1034 351 8),
1052 276 1173 341 CCXXV
1192 287 1315 355 (EPIS'l'.
1333 288 1358 351 b,
1376 288 1412 355 9).
1795 293 1854 355 179

198 457 320 522 fetibus
343 454 551 535 distenditur,
574 478 661 542 aqua
683 458 835 537 desecat,
859 480 922 545 ego
946 480 1089 545 quoque,
1115 461 1169 545 qui
1192 459 1365 525 Heliconis
1388 462 1511 526 fluenta
1534 481 1599 526 nou
1622 461 1732 546 tetigi,
1755 467 1855 547 poeta

199 582 304 625 novus
333 559 526 624 admiscear.
571 560 683 645 accipe
713 581 792 645 ergo
822 563 923 627 risum
950 569 1078 628 motura
1100 569 1254 649 poemata
1277 571 1309 627 et
1332 564 1550 630 Glevidenum
1574 572 1665 629 tuum
1690 573 1723 629 te
1746 565 1853 629 selum

200 664 372 749 agnovisse
403 668 575 727 contentus
606 664 779 749 apublieo
807 665 914 749 rigere
941 686 993 731 me
1024 665 1195 741 subtrahe,
1230 668 1318 752 quia,
1349 668 1376 731 si
1405 674 1457 733 est
1485 668 1570 754 qued
1597 668 1683 732 ferte
1712 667 1854 754 placeat,

201 766 366 831 sententia
390 765 468 830 mihi
486 771 595 831 restra
619 765 751 843 suflicit,
776 768 802 830 si
824 767 912 852 quod
934 789 1045 833 morsu
1068 768 1201 854 dignum
1224 771 1275 847 sit,
1298 777 1461 835 secretum
1484 779 1563 857 puto
1587 770 1673 856 quod
1696 770 1737 835 de
1760 771 1855 835 amici

134 890 145 926 ⁵
199 872 303 957 culpis
327 870 509 955 agnoveris.
548 868 641 933 dabis
666 869 765 934 etiam
783 873 921 946 veniam,
945 873 1021 956 quia
1043 874 1211 936 oeulomm
1235 894 1370 959 pressus
1393 895 1516 959 angere
1540 881 1693 960 poemata
1715 874 1888 939 lortasseb

198 974 315 1039 clauda
348 973 516 1058 conposui.
569 993 634 1036 uon
668 972 753 1037 enim
790 987 929 1060 possunt
960 997 1034 1041 esse
1065 997 1217 1041 versuum
1249 977 1387 1042 solidata
1416 979 1557 1062 vestigia
1588 977 1720 1042 luminis
1749 977 1856 1042 oifieio

198 1077 365 1142 destituta.
412 1077 487 1161 lege
511 1095 590 1161 erge
612 1097 715 1161 aquas
740 1078 875 1160 calidas,
898 1100 980 1165 quas
1004 1081 1127 1145 invisis.

540 1292 545 1301 ·
568 1249 709 1315 Tollitur
731 1249 851 1316 adelini
874 1252 972 1317 tellus
996 1252 1139 1317 subnixa
1161 1259 1298 1331 tumore,

614 1354 751 1419 Leniter
773 1357 861 1420 elate
884 1356 967 1421 fulta
990 1357 1174 1442 supercilio.

567 1455 754 1522 Vorticibus
777 1458 876 1523 nullis
900 1466 999 1545 caput
1021 1459 1175 1524 admovet
1198 1459 1254 1523 illa
1278 1460 1455 1545 superbum

611 1558 682 1624 Nec
706 1561 820 1626 similis
844 1563 966 1649 pressis
990 1563 1129 1627 vallibus
1153 1564 1217 1626 ima
1240 1564 1333 1649 petit.

566 1662 713 1729 Fumiier
736 1663 788 1728 hic
811 1666 931 1751 patulis
954 1666 1093 1752 Aponus
1117 1666 1188 1730 fluit
1210 1665 1354 1751 undique
1377 1667 1480 1730 venis.

613 1766 772 1832 Paeifieus
794 1769 905 1833 mixtis
930 1769 1016 1854 ignis
1039 1768 1174 1834 anhelat
1196 1770 1299 1854 aquis.

566 1869 665 1933 Vnda
688 1870 779 1933 iocos
802 1878 922 1951 servat,
945 1893 1010 1937 non
1035 1871 1136 1936 sorbit
1159 1872 1289 1935 flamma
1312 1862 1488 1957 liqucirem:

614 1973 728 2037 Inluso
753 1975 894 2061 crepitat
916 1976 990 2040 lons
1014 1996 1108 2041 sacer
1129 1975 1204 2040 iude
1227 1995 1318 2059 rogo.

566 2075 684 2140 Ebrius
707 2077 760 2141 hic
784 2079 911 2142 eunctis
933 2077 1129 2144 medicinam
1153 2077 1300 2161 suggerit
1323 2077 1429 2143 ardor.

614 2178 761 2266 Corpora
783 2180 955 2247 desiccans
979 2204 1051 2247 rore
1076 2181 1270 2268 vaporifero.

567 2283 631 2348 Hic
652 2304 734 2369 pyra
757 2285 952 2369 gurgitibus,
976 2285 1125 2351 scintillis
1149 2286 1285 2350 fluctuat
1308 2305 1414 2349 umor:

614 2386 744 2451 Vivitur
766 2388 913 2453 alternae
937 2391 1049 2455 mortis
1072 2387 1225 2454 amicitia.

567 2563 618 2628 Ne
643 2571 767 2649 pereat,
791 2563 953 2652 Nymphis
969 2563 1137 2628 Vulcanus
1161 2565 1319 2646 mergitur
1342 2564 1416 2631 illis.

567 2668 715 2732 Foedera
740 2676 876 2734 naturae
901 2669 989 2754 mpit
1013 2665 1186 2731 concordia
1210 2688 1355 2754 pugnax.

835 2990 987 3060 (lGXXV
1009 2993 1119 3077 (serm.
1136 2997 1166 3073 5,
1185 2996 1230 3075 9).

796 3182 1033 3262 ENNODIVS
1061 3186 1262 3261 FAVSTO.

324 3332 502 3428 secundet
524 3363 689 3428 desideria
712 3363 852 3429 honesta
876 3364 1041 3435 divinitas,
1066 3366 1144 3430 felix
1170 3366 1351 3452 auspicium
1376 3365 1471 3430 bonis
1495 3387 1558 3430 non
1576 3373 1715 3452 negetur
1730 3364 1887 3444 studiis,1

201 3468 363 3551 ingenuae
395 3468 598 3532 intentiones
628 3489 858 3554 prosperorum
889 3470 1048 3536 lmetibus
1081 3471 1326 3534 convalescant!
1372 3476 1520 3534 votomm
1544 3470 1693 3535 obsidem
1723 3468 1858 3535 tradidit

122 3602 147 3636 ·.'»
200 3571 378 3640 honestati,
410 3572 463 3657 qui
496 3571 538 3635 ad
572 3572 726 3638 liberales
753 3573 898 3659 adspirat
928 3575 1055 3659 superis
1079 3572 1265 3638 faventibus
1288 3572 1488 3657 disciplinas.
1534 3572 1691 3637 bonarum
1715 3572 1855 3636 allectus

198 3675 316 3738 artium
339 3672 445 3739 dirum
469 3673 666 3759 dedignatur
688 3674 866 3759 ingenium.
904 3675 944 3740 ad
961 3678 1171 3763 eloquentiae
1188 3682 1380 3741 ornamenta
1395 3696 1460 3740 nou
1476 3673 1615 3740 tendunt
1631 3675 1692 3739 nisi
1708 3675 1854 3740 moribus

200 3779 351 3845 instituti.
397 3778 447 3843 his
469 3778 644 3844 Partenius
672 3786 783 3844 noster
814 3801 989 3864 germanae
1018 3780 1103 3844 filius
1133 3780 1284 3843 incitatus
1316 3778 1454 3841 stimulis
1477 3778 1630 3854 Romam,
1659 3778 1693 3841 in
1717 3799 1782 3864 qua
1805 3784 1889 3853 est2

199 3883 316 3947 natalis
351 3881 505 3957 eruditio,
540 3881 674 3946 festinat
708 3883 866 3951 invisere:
902 3885 952 3948 cui
989 3882 1223 3969 magnitudinis
1259 3890 1386 3946 vestrae
1424 3880 1580 3966 suffragia
1615 3901 1687 3946 sum
1722 3888 1860 3966 patema

199 3985 374 4070 pollicitus.
425 3982 521 4049 datur
549 3984 681 4048 culmini
713 3993 821 4050 vestro
853 4007 913 4072 per
946 3987 1185 4072 supplicantem
1219 3985 1350 4069 genius,
1386 3983 1479 4061 dum,
1514 3982 1600 4069 quod
1632 4004 1712 4048 usus
1746 3984 1860 4070 exigit,

200 4086 352 4175 precibus
385 4089 601 4173 inploramus,
636 4109 697 4154 ceu
727 4089 754 4153 si
785 4090 857 4174 quis
892 4089 1003 4153 credat
1032 4110 1067 4152 se
1099 4095 1206 4153 ortum
1242 4089 1337 4163 solis,
1373 4108 1504 4153 cursum
1537 4087 1678 4151 fluminis
1712 4087 1860 4152 eratione

200 4190 389 4275 promereri.
428 4210 492 4254 non
517 4197 569 4254 est
592 4189 790 4263 benificium,
815 4191 869 4255 ubi
895 4189 975 4253 erdo
999 4197 1165 4255 servatur:
1201 4191 1281 4254 mori
1306 4191 1508 4275 obsequitur,
1531 4188 1617 4274 qued
1641 4189 1767 4275 obligat
1788 4191 1860 4255 uui·

201 4312 321 4357 versos.
367 4314 429 4378 ego
457 4301 566 4357 tamen
598 4314 695 4379 supra
726 4313 875 4367 cursum,
913 4314 933 4355 a
962 4312 1026 4377 quo
1056 4313 1262 4378 nequaquam
1294 4292 1480 4369 disceditis,
1513 4292 1636 4378 aliquid
1667 4299 1893 4379 accepturus3

201 4415 347 4460 occurro.
384 4395 490 4461 direxi
512 4418 697 4482 personam,
721 4398 753 4461 in
779 4417 842 4481 qua
865 4396 1055 4460 meritorum
1080 4416 1225 4461 meorum
1248 4401 1353 4459 status
1376 4395 1576 4459 aestimetur.
1616 4394 1698 4459 alios
1722 4396 1859 4461 forsitan

200 4500 440 4565 commendatio
471 4500 561 4564 iuvet
587 4499 749 4564 indebita:
784 4498 974 4584 parentibus
1002 4499 1109 4562 minus
1139 4506 1205 4576 est,
1232 4496 1386 4583 quicquid
1408 4518 1564 4584 superare
1587 4518 1651 4561 non
1674 4519 1859 4584 possumus.

202 4602 332 4667 domine
362 4604 422 4683 mi,
456 4603 591 4667 servitia
621 4602 827 4667 salutationis
858 4608 1127 4686 repraesentans,
1160 4602 1350 4686 portitorem
1382 4599 1494 4686 paucis
1526 4601 1662 4686 eiusque
1693 4602 1858 4688 negotium

201 4707 358 4777 elocutus,
383 4715 484 4772 restat
508 4715 543 4771 ut
566 4726 745 4791 agnoscam
769 4704 848 4789 quid
869 4712 1035 4769 mereatur
1058 4725 1198 4792 persona
1221 4725 1318 4768 eausa
1343 4704 1545 4788 proximitas.

309 4983 454 5037 ldosiecat
468 5003 543 5051 prop.
558 4983 662 5045 Herlel,
679 4984 713 5049 es.
728 5001 749 5033 r.
766 4987 795 5033 17
856 4983 963 5034 aliconis
985 4981 1082 5033 codices
1180 4980 1397 5047 dag-{nouisse
1416 4978 1493 5044 (erar.
1506 4979 1534 5043 n)
1548 4979 1573 5029 It
1675 4976 1860 5031 dmorsutffl

200 5067 356 5122 tieaudaB
472 5067 597 5123 'linuisis
614 5070 717 5136 sepa,
740 5070 838 5120 inuisas
855 5069 916 5120 libri
1030 5066 1164 5118 dodelini
1179 5068 1238 5117 c'l‘o
1356 5065 1388 5116 ll)
1409 5064 1562 5118 admonitii
1676 5064 1705 5115 ll
1726 5064 1861 5117 similssB

203 5152 236 5206 12
254 5157 365 5222 fumiger
378 5156 455 5206 Sirm.
569 5154 601 5207 14
620 5155 791 5218 derasam,
810 5158 882 5207 lbeus
901 5154 961 5205 libri
1033 5153 1145 5205 sorbatd
1257 5151 1290 5203 18
1306 5170 1368 5219 pyra
1382 5151 1470 5212 Sirra,
1491 5149 1692 5218 promovet,
1715 5166 1796 5217 poeria
1814 5149 1862 5212 Vss,

200 5256 247 5307 par
260 5242 289 5301 θ,
306 5258 373 5308 per·
390 5240 415 5291 P

304 5342 442 5411 [CCXXV]
479 5341 512 5395 ‘23
530 5343 663 5410 diuinitas]
689 5345 847 5397 diuturnitas
864 5342 904 5392 Bb
1013 5339 1333 5404 aerumnosarum,
1353 5337 1634 5392 intentionisBl'LT1
1704 5339 1864 5391 inualescant

198 5428 266 5496 (arcp.
285 5432 312 5481 in
330 5448 379 5481 rer.
396 5448 445 5483 cen
463 5449 496 5481 m.
513 5430 580 5493 ΙΝ,
602 5431 814 5482 coninualascant
831 5428 853 5478 Ι)
983 5426 1019 5476 25
1040 5428 1154 5480 liberalis
1167 5428 1192 5478 B
1321 5421 1356 5475 27
1374 5427 1504 5491 germinae
1517 5424 1543 5474 B
1673 5422 1707 5475 28
1725 5426 1818 5477 natalis
1831 5424 1865 5487 B,

199 5515 715 5584 naturalisceeri;qf.‹rccrt.t1112
830 5514 865 5564 ⁸29
882 5515 969 5580 exigat
982 5512 1007 5562 B
1123 5511 1154 5564 31
1177 5513 1329 5564 borrellcium
1346 5510 1370 5559 l'
1445 5509 1620 5561 rrrduersusB
1732 5508 1767 5561 32
1784 5511 1863 5563 disce·

199 5602 539 5661 commonuerunt
637 5600 673 5653 33
690 5601 796 5653 alinsB
899 5596 934 5651 34
957 5597 1067 5649 iubstB
1169 5597 1204 5647 :at
1220 5597 1265 5665 mi]
1285 5598 1346 5649 milri
1360 5595 1436 5646 BVI.
1505 5596 1561 5647 οἰιιι
1579 5596 1606 5646 iu
1623 5597 1660 5647 lr't.
1674 5595 1699 5645 B

1601 5687 1658 5743 23·
