4500 6232
721 303 822 358 XLVII
842 302 965 367 (uulsa.
983 303 1008 362 2,
1029 306 1079 367 12),
1099 301 1213 355 ΧΙΝΙΙΙ
1232 303 1354 370 (Elusa.
1373 306 1398 367 2,
1421 307 1469 363 131.

888 519 1025 588 XLVII
1048 523 1157 608 (aruer.
1182 527 1211 601 2,
1239 524 1301 608 12).

848 699 1084 774 ENNODIVS
1113 701 1333 775 ASTYRIO.

379 836 568 930 Profeticis
603 865 743 928 oraculis
779 864 962 927 sublimitas
997 871 1054 926 tua
1088 869 1233 948 praestat
1273 864 1466 948 obsequium
1501 872 1533 927 et
1567 862 1608 924 ad
1643 860 1739 925 fidem
1774 871 1948 928 veterurnl

269 970 472 1035 sanctionum
496 970 612 1033 militat
636 967 771 1033 novellis
795 966 995 1031 excessibus.
1042 965 1208 1051 providisti
1240 988 1280 1029 nc
1305 967 1413 1030 senior
1436 967 1612 1031 admonitio
1635 973 1819 1030 remaneret
1841 966 1921 1029 vali-

267 1073 379 1138 tudine
403 1073 571 1138 subtracta
602 1071 776 1156 neglectui.
823 1072 979 1154 scriptum
1010 1071 1096 1134 enim
1126 1080 1175 1134 cst
1208 1092 1266 1156 per
1298 1071 1350 1135 dei
1381 1073 1533 1150 cultores,
1562 1091 1697 1154 quorum
1725 1091 1821 1134 aures
1845 1091 1920 1154 pru-

206 1229 211 1241 .
271 1176 404 1242 dentum
428 1175 550 1241 debeat
573 1174 720 1239 doctrina
743 1175 889 1247 transire,
914 1194 995 1257 quos
1019 1174 1097 1237 salsi
1122 1175 1279 1237 sermonis
1297 1196 1412 1259 sapore
1430 1174 1628 1259 pertrahere,
1652 1175 1799 1258 allegans
1815 1174 1922 1260 perire

267 1280 399 1359 monita,
429 1300 513 1364 quae
541 1279 574 1342 in
605 1278 669 1343 alia
698 1279 881 1342 constitutis
917 1277 1151 1342 deliberatione
1184 1288 1400 1365 praestantur.
1448 1303 1509 1364 ego
1541 1291 1650 1344 tamen
1682 1281 1752 1343 loco
1781 1279 1954 1359 bumiliaf

267 1383 378 1468 lingua
400 1381 568 1447 mendicus
590 1382 668 1445 solis
692 1387 790 1446 antea
813 1381 1064 1446 necessitudinis
1089 1382 1230 1445 stimulis
1255 1383 1357 1446 verba
1378 1384 1527 1446 concessi
1545 1384 1634 1448 etad
1652 1384 1922 1448 contestationem

266 1486 457 1572 diligentiae
485 1485 648 1572 prioribus
677 1486 794 1550 litteris
825 1486 961 1551 exhibui
991 1485 1052 1550 sub
1085 1487 1253 1570 sanguinis
1286 1488 1438 1551 libertate
1476 1511 1678 1574 responsum.
1723 1510 1809 1552 nunc
1837 1488 1922 1552 male

268 1596 318 1654 est
340 1589 462 1670 animo,
486 1588 572 1675 quod
595 1589 784 1653 iniuriarum
809 1590 915 1654 fructu
939 1611 1053 1653 carens
1077 1592 1243 1675 sumpsisti
1267 1591 1402 1653 forsitan
1427 1593 1564 1656 mentita
1584 1593 1670 1678 apud
1687 1598 1719 1656 tc
1735 1592 1921 1655 urbanitate

267 1693 466 1771 iactantiam,
498 1693 649 1757 nesciens
680 1692 766 1778 quod
798 1698 963 1757 auctorem
995 1700 1149 1778 repetunt
1179 1695 1256 1772 tela,
1291 1715 1375 1778 quae
1410 1695 1559 1759 indocilis
1595 1696 1751 1760 adversus
1783 1696 1922 1760 altorum

266 1818 380 1861 manus
404 1797 559 1862 emiserit.
604 1797 675 1880 quis
700 1803 792 1882 putet
816 1797 1057 1876 contumeliam,
1081 1819 1164 1881 quac
1188 1799 1291 1861 solam
1313 1800 1547 1863 conscientiam
1565 1799 1761 1864 destinantis
1778 1797 1953 1883 adfligitra

267 1900 476 1986 inprobomm
499 1907 618 1965 natura
642 1908 702 1980 est,
725 1900 786 1965 hoc
810 1901 931 1965 sentire
965 1902 1005 1965 de
1034 1902 1182 1965 omnibus
1211 1902 1296 1986 quod
1325 1910 1492 1967 merentur
1521 1909 1554 1966 et
1582 1903 1615 1966 in
1646 1904 1738 1967 malis
1767 1903 1920 1965 solacium

266 2025 426 2089 nusquam
450 2003 561 2069 uldere
584 2005 813 2069 innocentiam.
859 2011 1023 2068 tormenta
1046 2011 1121 2068 sunt
1144 2006 1327 2070 maculatae
1351 2006 1607 2070 conversationis
1629 2028 1693 2071 non
1710 2006 1773 2069 sibi
1789 2005 1921 2069 credere

267 2130 340 2174 esse
372 2108 558 2195 participes.
604 2109 685 2174 haec
719 2109 774 2172 illa
810 2115 919 2171 mento
954 2108 1126 2193 descripsi,
1162 2130 1226 2193 qua
1260 2130 1384 2173 mernor
1417 2110 1576 2195 propositi
1612 2110 1720 2174 odium
1756 2110 1923 2194 conpellor

268 2211 390 2277 debere
414 2212 612 2277 criminibus.
657 2213 781 2276 nullum
811 2210 891 2275 dens
921 2230 1014 2274 meus
1042 2213 1104 2274 nisi
1134 2212 1174 2275 de
1204 2233 1239 2275 ec
1271 2212 1378 2296 tetigit
1408 2213 1626 2276 confitentem.
1672 2212 1748 2276 dum
1770 2211 1850 2274 vitia
1873 2212 1921 2274 in-

267 2316 436 2393 cessimus,
459 2337 549 2380 reum
575 2317 623 2381 ire
645 2316 844 2381 manifestat.
890 2334 966 2377 nam
989 2315 1124 2378 iniurius
1155 2316 1225 2396 sim,
1255 2315 1281 2377 si
1311 2315 1376 2378 stili
1406 2316 1478 2378 loco
1510 2335 1676 2380 vomerem
1705 2315 1845 2379 sentiam
1867 2314 1952 2379 autl

268 2418 347 2482 mihi
371 2419 494 2506 scripta
516 2424 689 2505 conputem
714 2440 798 2503 quac
823 2420 975 2503 relegens
1007 2441 1070 2482 non
1101 2442 1254 2504 agnosco.
1302 2422 1363 2484 scit
1391 2421 1476 2484 euim
1506 2420 1656 2484 dominus
1685 2422 1770 2505 quia,
1800 2421 1828 2482 si
1858 2442 1922 2484 non

267 2528 377 2585 nostro
405 2523 534 2587 nomine
563 2529 675 2587 notata
703 2522 816 2586 fuisset
843 2523 993 2609 epistula,
1028 2522 1068 2585 ad
1102 2544 1197 2608 quem
1232 2525 1347 2588 fuisset
1382 2524 1505 2589 directa
1540 2525 1710 2589 nescirem.
1755 2524 1814 2588 tibi
1838 2524 1922 2588 habe

267 2625 402 2689 facetias
433 2632 507 2690 tuas
536 2632 594 2690 aut
622 2626 686 2689 illis
718 2647 859 2706 reserva,
891 2647 965 2690 eum
997 2625 1114 2711 quibus
1144 2627 1236 2690 vobis
1271 2627 1341 2690 sine
1375 2629 1439 2690 oris
1465 2628 1571 2692 officio
1604 2648 1665 2714 per
1698 2627 1920 2692 clandestinae

266 2727 497 2793 familiaritatis
519 2729 777 2793 communionem
794 2731 916 2793 clamor
932 2737 983 2795 cst
999 2737 1140 2794 actuum.
1181 2751 1257 2795 ecce
1274 2730 1476 2794 salutationis
1491 2731 1772 2795 honorificentiam
1791 2732 1921 2795 solvens
1935 2736 1953 2794 5

266 2830 434 2919 deprecor,
457 2839 494 2896 ut
516 2831 549 2896 in
573 2831 749 2918 dirigendis
773 2833 920 2917 epistulis
951 2835 1023 2897 loca
1056 2840 1205 2920 tempora
1234 2855 1390 2919 personas
1418 2834 1587 2914 adtendas,
1616 2857 1657 2899 nc
1687 2835 1772 2920 quod
1796 2855 1857 2920 ego
1881 2834 1921 2898 ad

267 2956 318 3000 me
349 2936 506 3022 scriptum
533 2958 598 3000 non
627 2946 767 3022 conputo
798 2937 937 3001 altorum
969 2939 1102 3001 forsitan
1135 2936 1255 3003 laedat.
1291 2940 1367 3022 quia
1401 2939 1536 3002 aestimo
1570 2945 1603 3002 te
1638 2939 1733 3002 huius
1762 2939 1922 3024 epistulas

266 3039 438 3104 formulam
461 3039 504 3104 ad
526 3040 682 3126 plurimos
705 3040 890 3104 destinasse
914 3047 947 3104 et
970 3041 1040 3104 sola
1062 3043 1228 3105 nominum
1253 3043 1495 3106 conmutatione
1515 3063 1586 3106 cam
1609 3063 1669 3126 per
1689 3042 1835 3126 singulos
1852 3043 1921 3106 sinc

267 3143 454 3208 meritorum
478 3142 739 3208 consideratione
763 3146 995 3209 transmittere.

876 3430 1034 3499 XLVIII
1058 3435 1166 3519 (crisa.
1190 3438 1219 3515 2,
1248 3436 1309 3519 13).

850 3611 1087 3687 ENNODIVS
1115 3612 1339 3687 OLYBRIO.

377 3744 438 3839 Ut
459 3774 558 3840 tradit
581 3775 741 3860 quaedam
765 3776 972 3862 eloquentiae
997 3797 1134 3862 persona
1158 3775 1316 3855 sublimis,
1341 3775 1396 3839 lex
1419 3783 1469 3838 est
1491 3775 1523 3836 in
1544 3771 1693 3856 epistulis
1713 3770 1950 3856 neglegentiel
1974 3767 2071 3865 {ruffi

268 3886 303 3944 et
325 3884 492 3943 auctorem
514 3878 603 3962 genii
626 3879 746 3943 artifex
770 3900 805 3944 se
829 3879 967 3965 praebet
992 3879 1125 3944 incuria.
1171 3881 1203 3942 in
1235 3900 1298 3964 quo
1330 3897 1428 3963 opere
1458 3874 1537 3938 illud
1567 3873 1757 3938 subducitur
1786 3875 1923 3958 gratiae,
1976 3830 2069 3919 ‘lm-l·

269 3980 355 4066 quod
380 3982 580 4046 cruciatuum
604 3982 696 4046 testis
722 3981 819 4046 sudor
841 3983 1012 4048 invenerit.
1060 3984 1194 4047 caminis
1224 3989 1360 4047 excocta
1389 3979 1559 4043 fabrilibus
1587 3977 1690 4042 verba
1712 3998 1776 4041 non
1799 3977 1926 4062 flagitat

269 4084 383 4150 salutis
406 4104 484 4147 suae
507 4083 641 4146 nuntius
665 4089 698 4147 ct
722 4084 888 4168 quaesitor
911 4086 1047 4149 alienae.
1083 4086 1198 4148 melius
1222 4086 1247 4148 si
1271 4085 1303 4146 in
1326 4083 1375 4146 his
1391 4082 1593 4147 commerciis
1610 4103 1690 4168 pura
1706 4082 1925 4146 elocutionum

269 4186 375 4253 fronte
399 4186 642 4272 congredimur:
673 4185 858 4250 diademata
881 4188 1021 4272 simplex
1045 4188 1208 4272 conloquii
1232 4189 1338 4251 cultus
1361 4187 1507 4251 abiurat:
1533 4186 1719 4272 epistularis
1742 4187 1925 4250 communio

270 4290 298 4353 si
322 4289 450 4375 quando
474 4290 663 4355 affectatum
681 4289 839 4356 decorem
863 4292 957 4376 fugit,
981 4291 1130 4357 obtinuit.
1175 4291 1233 4356 sed
1264 4290 1496 4375 magnitudinis
1525 4297 1654 4354 vestrae
1679 4289 1771 4354 dives
1796 4297 1829 4354 et
1853 4286 1955 4356 clu-2

269 4392 406 4459 cubrata
428 4394 572 4458 narratio
602 4393 761 4457 mendicis
789 4395 946 4459 limitibus
978 4396 1084 4460 nescit
1112 4394 1232 4458 includi
1262 4416 1321 4458 nec
1352 4397 1416 4457 oris
1446 4395 1634 4458 thesaurum
1667 4393 1924 4479 quibuscumque

268 4503 375 4562 artare
399 4497 562 4562 confiniis:
594 4517 784 4580 magnomm
807 4519 897 4562 more
926 4499 1093 4562 fluminum
1123 4499 1265 4585 riparum
1293 4500 1384 4563 frena
1418 4498 1604 4563 contemnit.
1649 4518 1723 4561 nam
1747 4497 1823 4561 dum
1847 4519 1922 4561 con·

269 4601 409 4688 positum
447 4602 597 4666 velamen
632 4603 853 4687 occupationis
888 4602 1032 4688 locuples
1067 4603 1178 4687 lingua
1212 4601 1459 4686 transgreditur,
1498 4600 1546 4664 his
1578 4608 1705 4665 tantum
1739 4624 1774 4665 sc
1810 4600 1924 4665 studiis

373 4824 490 4892 [XLVII]
521 4823 662 4893 lAstyrio]
676 4828 850 4893 Asturiopcp.
864 4831 907 4889 33,
921 4836 948 4880 11
1044 4828 1237 4890 3ssnim·Bb'b,
1254 4830 1357 4895 segnior
1370 4827 1412 4877 VL
1508 4826 1714 4879 IrreclectuiB¹
1767 4829 1890 4879 scribtum
1901 4827 1925 4876 B

271 4915 434 4982 prudentium
452 4913 509 4964 'lab
632 4911 743 4979 liquos]
766 4923 842 4980 etque
865 4933 893 4967 os
904 4918 971 4981 sort.
1061 4916 1325 4981 pernumerentur.
1346 4914 1400 4964 ΙιΒ
1481 4914 1590 4980 alligans
1603 4911 1631 4964 B
1752 4913 1768 4963 li
1786 4912 1925 4963 moneas

269 4998 328 5052 910
345 5017 393 5051 om.
406 4998 432 5049 B
522 5000 663 5050 orbmritate
679 4998 705 5048 B
850 4998 879 5050 ll
900 5000 1088 5053 dismmrtislt
1178 5001 1320 5066 adfligitur
1338 5002 1416 5064 (erus.
1436 5001 1476 5064 ur)
1496 5001 1521 5050 B
1662 4997 1694 5050 12
1712 5007 1751 5050 eet
1767 5015 1822 5064 sup.
1841 4998 1886 5048 lin.
1900 4996 1925 5046 B

271 5084 303 5136 14
324 5087 459 5153 participas
485 5084 552 5153 (part
573 5086 602 5136 in
620 5085 666 5148 za)
688 5084 713 5133 V
795 5087 911 5154 discripsi
929 5086 1006 5137 BVL
1092 5084 1153 5152 (qual
1180 5104 1256 5152 quarn
1279 5084 1316 5134 VJ
1322 5086 1345 5135 L
1484 5085 1517 5136 15
1539 5084 1622 5151 nieusl
1646 5087 1719 5137 metis
1739 5084 1786 5147 Va,
1813 5083 1925 5135 mensL

272 5171 304 5223 lb'
321 5170 405 5239 mum]
426 5189 472 5223 reu
487 5172 519 5236 B,
538 5172 612 5224 ratim
628 5171 670 5220 Va
735 5173 843 5241 irriurius
862 5171 967 5239 (lump.
981 5173 1037 5236 liri.)
1051 5173 1076 5223 B
1137 5172 1194 5224 stoli
1207 5170 1247 5222 Β1
1308 5170 1426 5237 scudem]
1446 5174 1595 5224 sententiam
1613 5168 1692 5221 l'lLl
1789 5167 1822 5219 18
1839 5179 1925 5221 nostro

271 5258 358 5323 Siras,
375 5268 461 5311 uestro
480 5259 539 5310 fibri
609 5276 701 5309 nomen
719 5259 858 5310 errotateB
962 5258 992 5310 21
1014 5261 1130 5311 attendas
1146 5259 1169 5307 V
1270 5257 1304 5308 22
1322 5259 1445 5307 scribtum
1460 5257 1484 5306 B

375 5360 506 5429 [XLVIII]
536 5371 614 5413 totam
631 5358 699 5412 lmrrc
716 5362 852 5427 epistelam
864 5364 912 5413 eidi
922 5363 1061 5413 vindicavit
1073 5362 1317 5413 Proculo-Isidorus
1330 5361 1357 5410 iu
1369 5378 1408 5426 ep.
1419 5364 1435 5409 3
1448 5360 1544 5410 Liberii
1556 5377 1646 5425 popae
1732 5359 1765 5409 ‘2:'1
1777 5359 1869 5410 olibrio
1882 5357 1924 5407 Β(Ι

268 5444 304 5497 26
321 5448 480 5515 negligentia
496 5445 537 5498 B¹
649 5444 683 5496 2ἶ
702 5448 800 5514 presbit
816 5448 842 5498 B
915 5450 1036 5500 subducit
1054 5448 1141 5499 Scfrott
1158 5456 1181 5499 et
1194 5447 1272 5498 Sirm.
1386 5445 1421 5496 28
1439 5447 1579 5497 cruciatum
1599 5443 1927 5508 a'¹l.²c'1¹(erleia1ert

270 5532 361 5584 Bomb.
375 5533 536 5598 &Dar-aut.)
641 5532 882 5587 disseruerat
986 5533 1021 5585 30
1038 5535 1140 5601 simplix
1154 5534 1179 5583 B
1283 5531 1316 5582 31
1335 5534 1402 5583 dirris
1415 5531 1440 5581 Β
1542 5528 1576 5581 32
1595 5528 1728 5598 mendicis]
1743 5533 1848 5583 modicis
1861 5532 1924 5582 leid.

270 5618 325 5671 ced.
339 5616 475 5685 Soaqernr.
548 5618 756 5672 thensaurumB
860 5618 894 5672 33
912 5619 1103 5687 contempnitV
1206 5615 1240 5668 34
1259 5614 1384 5681 velamen]
1403 5616 1506 5667 alveum
1517 5617 1584 5680 fort.
1655 5616 1823 5683 locuplebsB
