4500 6232
696 271 834 327 colvm
850 271 973 342 OEPIS'I'.
993 272 1019 339 9,
1035 272 1090 342 30),
1108 272 1217 329 CDLIX
1234 273 1358 343 (EPIST.
1376 277 1402 341 11,
1418 276 1473 342 31).
1848 281 1914 345 319

257 445 404 533 qualibet
436 445 654 513 oblectatione
691 445 864 531 confringi.
915 446 997 511 nihil
1031 447 1119 535 apud
1156 447 1248 511 illurn
1284 448 1386 514 tutius
1420 449 1643 538 supplicante:
1681 451 1771 516 solus
1806 452 1914 518 evasit

256 549 435 636 proeliares
459 549 550 615 acies
573 550 627 635 qui
649 550 791 634 rogavit;
825 551 901 614 uicit
936 571 1101 616 armorum
1128 551 1259 636 inpetus
1290 553 1345 637 qui
1379 551 1498 617 obtulit
1531 552 1671 619 devotus
1706 554 1910 641 obsequium.

257 653 345 740 quod
371 652 428 717 vix
458 657 588 719 veteres
619 652 785 739 principes
818 655 1026 739 praesentias
1058 675 1138 720 suae
1172 654 1290 719 sudore
1319 655 1413 741 potiti
1440 661 1527 736 sunt,
1562 654 1625 720 hoc
1658 677 1789 742 semper
1822 659 1910 744 regis
1943 659 1963 720 6

257 756 361 821 nostri
385 756 495 822 brevis
524 757 713 842 procuravit
741 757 892 843 epistula.
937 779 997 844 per
1019 778 1179 823 excursus
1202 756 1353 842 dirigitur
1375 757 1456 824 felix
1479 758 1646 824 exercitus
1669 759 1710 823 ad
1734 759 1911 829 triumfum.

194 909 199 919 .
260 859 315 947 qui
337 859 450 925 eredat
480 860 618 925 militem
650 860 720 925 eius
748 860 780 925 in
811 860 922 925 labore
951 868 985 926 et
1011 861 1214 947 perfectione
1241 861 1365 927 habere
1394 862 1525 947 quidem
1552 864 1737 949 superantis
1764 864 1911 949 gloriam,
1998 901 2002 909 =

257 963 315 1029 sed
330 963 565 1028 continentiam
582 961 766 1049 subiugati?
790 965 1022 1029 consummatis
1044 965 1332 1050 congressionibus
1349 964 1390 1031 de
1405 967 1473 1031 irae
1490 966 1673 1032 hereditate
1690 966 1737 1031 nil
1753 974 1911 1034 remanet.

256 1089 321 1133 uno
344 1073 493 1153 tempore
516 1087 597 1153 quos
621 1067 822 1153 perniciosos
845 1067 1023 1133 adversarii
1047 1068 1204 1148 viderint,
1232 1068 1369 1133 blandos
1397 1071 1542 1136 sentiunt
1567 1070 1691 1137 tributa
1718 1070 1911 1157 pendentes.

257 1177 291 1237 et
313 1171 395 1236 haec
418 1169 549 1254 quidem
572 1171 708 1235 caelesti
730 1179 968 1257 praeparantur
996 1192 1054 1258 pro
1080 1171 1143 1240 hac
1171 1173 1367 1258 repensione
1396 1174 1562 1259 suffragio,
1592 1175 1669 1260 quia
1692 1175 1775 1240 fidas
1797 1181 1910 1240 nostra
1944 1180 1962 1239 7

256 1273 342 1361 apud
366 1293 441 1339 eum
456 1308 498 1320 -
514 1273 603 1338 aliud
624 1273 695 1360 ipse
718 1280 861 1339 sectetur
876 1311 918 1322 -
934 1276 967 1338 in
988 1281 1085 1361 portu
1102 1282 1164 1342 est.
1202 1276 1360 1342 mirabilis
1375 1278 1543 1363 patientia,
1567 1278 1697 1363 quando
1714 1285 1816 1344 tenax
1831 1298 1909 1365 pro·

257 1377 353 1464 positi
376 1377 426 1441 sui
450 1377 631 1442 claritatem
654 1397 719 1440 non
744 1377 917 1444 obumbrat
940 1380 1050 1446 alieni.
1095 1399 1171 1443 narn
1203 1386 1237 1445 et
1265 1381 1477 1446 ecclesiarum
1507 1388 1691 1446 nostrarum
1713 1380 1912 1467 patrimonia

255 1480 369 1560 relabi,
398 1479 460 1544 nisi
483 1486 580 1545 aucta
602 1480 733 1560 fuerint,
762 1481 967 1565 ingemiscat.
1012 1483 1058 1546 sic
1082 1483 1205 1547 factum
1235 1490 1294 1563 est,
1325 1489 1362 1549 ut
1393 1491 1427 1548 et
1456 1490 1577 1550 statum
1605 1506 1700 1550 suum
1727 1485 1912 1571 locupletes

255 1603 437 1670 pauperum
461 1583 663 1649 substantiae
687 1589 823 1650 teneant
846 1590 879 1650 et
901 1584 1082 1649 mediocres
1103 1584 1144 1650 ad
1168 1606 1354 1671 supremam
1378 1587 1579 1673 opulentiam
1603 1587 1845 1654 convalescant.
1878 1588 1912 1652 in

254 1686 478 1752 sacerdotibus
501 1688 639 1753 virtutes
662 1693 696 1753 et
717 1688 848 1753 innatas
879 1686 957 1752 colit
984 1693 1018 1753 et
1045 1708 1111 1752 non
1141 1695 1290 1775 repertas
1319 1690 1467 1776 inspirat.
1512 1690 1570 1757 sed
1595 1713 1651 1757 cur
1672 1690 1911 1758 beatitudinem
1943 1695 1963 1758 8

255 1799 399 1859 vestram
421 1790 620 1878 praeiudicio
644 1789 753 1854 diffusi
776 1791 937 1855 sermonis
960 1790 1158 1878 anticipem?
1182 1793 1337 1857 continuo
1359 1795 1565 1879 experientia
1579 1800 1690 1860 vestra
1706 1800 1741 1859 et
1756 1793 1911 1881 spiritalis

191 1914 202 1951 s
256 1896 313 1960 ills
343 1895 529 1982 perspectio
558 1894 704 1959 ieiunum
734 1915 786 1959 me
817 1894 919 1959 fuisse
948 1894 982 1958 in
1010 1894 1056 1958 fili
1082 1895 1185 1960 vestri
1214 1895 1366 1961 laudibus
1396 1897 1579 1980 accusabit,
1615 1904 1650 1963 at
1679 1919 1753 1963 cum
1783 1899 1913 1964 soleant

255 1999 445 2088 amplificari
468 1997 556 2063 facta
578 1999 769 2085 conloquiis,
794 1998 940 2063 sterilem
964 2019 1017 2063 me
1041 1999 1218 2079 relatorem
1241 1999 1282 2066 de
1306 2002 1463 2066 virtutum
1487 2003 1557 2068 eius
1581 2022 1691 2067 massa
1711 2001 1911 2068 causabitur.

255 2103 320 2167 iam
337 2104 525 2168 saeculares
541 2102 664 2189 apices,
689 2102 818 2166 curules
837 2107 870 2166 et
885 2100 1025 2181 trabeas,
1050 2102 1205 2188 patricias
1228 2104 1327 2167 etiam
1351 2104 1528 2190 dignitates
1545 2105 1687 2191 qualiter
1702 2111 1760 2169 aut
1773 2111 1909 2171 natiuae
1943 2109 1964 2171 11

255 2205 370 2271 reddat
399 2211 456 2270 sut
486 2204 642 2284 moribus,
676 2203 847 2269 domestici
875 2203 1049 2291 perlatoris
1080 2204 1336 2291 adstipulatione
1366 2208 1526 2295 vulgetur.
1571 2230 1646 2274 nam
1670 2214 1704 2274 et
1726 2214 1855 2275 veteres
1878 2210 1912 2274 in

256 2310 389 2395 antiqua
411 2309 542 2395 generis
565 2309 638 2373 luce
663 2307 780 2374 durare
804 2306 884 2372 facit
906 2312 939 2371 et
959 2327 1060 2372 novos
1078 2308 1254 2395 splendore
1271 2311 1429 2397 inopinati
1444 2311 1583 2397 fulgoris
1599 2311 1750 2377 inradiat.
1782 2313 1911 2378 facilius

258 2412 445 2499 respublica
476 2412 547 2477 eius
579 2410 665 2476 bono
705 2411 961 2498 dispensationis
1002 2411 1141 2477 effluens
1172 2413 1204 2477 in
1233 2413 1392 2500 privatam
1423 2417 1543 2502 migrat
1573 2417 1784 2503 opulentiam,
1813 2437 1911 2503 quam

255 2516 484 2582 famulantium
507 2536 626 2581 census
645 2517 679 2581 in
702 2516 849 2603 palatina
871 2517 964 2582 lucre
979 2521 1206 2582 commutetur.
1242 2538 1339 2600 nunc,
1363 2519 1449 2606 quod
1467 2527 1629 2607 superest,
1655 2541 1749 2586 meae
1766 2519 1909 2586 servitiis
1925 2521 1964 2582 10

256 2620 461 2685 salutationis
484 2620 628 2707 acceptis
652 2619 800 2685 oratione
824 2619 1013 2707 prospicite,
1036 2626 1073 2684 ut
1089 2618 1239 2684 Christus
1260 2620 1449 2708 redemptor
1468 2628 1587 2704 noster,
1611 2644 1695 2709 quae
1710 2624 1743 2687 in
1760 2622 1909 2709 praefato

255 2722 514 2791 clementissime
537 2744 616 2809 rege
640 2723 858 2791 servientibus
882 2723 945 2789 sibi
970 2723 1117 2804 contulit,
1141 2724 1242 2809 longa
1263 2730 1372 2790 aetate
1396 2733 1578 2793 conservet.
1612 2726 1669 2794 det
1692 2728 1792 2794 etiam
1815 2727 1909 2814 regui

256 2828 297 2894 de
327 2827 398 2894 eius
427 2826 574 2914 germine
605 2848 841 2909 successorem,
876 2849 918 2894 ne
946 2827 1034 2894 bona
1061 2829 1145 2893 tanti
1175 2827 1317 2893 hominis
1346 2829 1380 2894 in
1409 2851 1477 2895 una
1505 2837 1614 2897 aetate
1646 2838 1853 2898 veterescant
1876 2838 1911 2900 et

257 2932 428 3018 antiquata
451 2932 653 3019 temporibus
675 2953 735 3019 pro
759 2933 830 2998 sola
852 2933 944 2998 aurei
968 2932 1093 2998 saeculi
1117 2933 1428 2999 commemoratione
1451 2934 1667 3000 nominentur.

878 3238 1020 3308 cum
1043 3241 1154 3326 (urrsr.
1170 3245 1201 3322 9,
1217 3241 1284 3327 31).

854 3415 1092 3492 ENNODIVS
1119 3418 1312 3494 AVOENO.

364 3548 469 3641 Dum
492 3576 642 3641 iucundis
666 3577 773 3643 adhuc
797 3577 859 3644 deo
882 3576 1097 3663 dispensante
1120 3577 1248 3644 fruerer
1270 3577 1311 3643 do
1339 3579 1550 3666 praesentiae
1580 3585 1712 3645 vestrae
1741 3581 1910 3647 vicinitate
1947 3582 1960 3642 1

256 3680 486 3766 conspectibus
516 3686 549 3744 ot
577 3681 732 3747 amabilia
762 3681 1007 3766 conloquiorum
1040 3682 1140 3747 malla
1171 3682 1351 3748 venerabili
1378 3683 1550 3748 mendacio
1582 3683 1740 3749 retineret
1769 3684 1911 3767 auditus,

256 3784 385 3849 occasio
410 3782 490 3847 mihi
513 3784 698 3870 scriptionis
722 3783 835 3849 oblata
857 3791 916 3849 est.
968 3783 1083 3864 fateor,
1106 3785 1163 3851 diu
1186 3787 1276 3852 nolui
1298 3786 1494 3853 medicinam
1517 3786 1681 3868 desiderii,
1704 3787 1782 3852 dnm
1805 3790 1911 3856 altera

257 3893 461 3974 procuratur,
493 3888 690 3975 inrumpere.
735 3888 923 3954 delectabat
962 3890 1091 3975 species
1132 3891 1241 3956 anirno
1280 3913 1353 3957 meo
1391 3894 1446 3978 pia
1486 3891 1708 3957 ludificatione
1750 3890 1909 3958 blandita.

256 3990 409 4056 nolebam
433 3991 584 4056 conscius
607 3992 854 4078 deprehendere
884 4014 967 4078 quae
997 3995 1157 4080 pascebat
1183 3997 1216 4060 in
1246 4017 1358 4061 arnore
1387 3997 1560 4063 fallaciam.
1605 3994 1691 4061 bene
1715 3995 1803 4061 enim
1825 3995 1911 4083 sapit
1943 3995 1963 4057 2

256 4094 371 4159 studiis
406 4095 526 4159 nostris
558 4095 715 4160 obsecuta
748 4096 895 4162 seductio
923 4104 957 4162 ct
984 4120 1043 4185 pro
1071 4120 1149 4164 vero
1177 4099 1317 4166 libenter
1347 4100 1549 4165 admittimus
1576 4099 1719 4165 dulcium
1748 4098 1910 4185 imagines

256 4197 451 4262 nuntiorum.
503 4204 597 4283 grata
629 4201 754 4264 somnia
788 4201 936 4285 quotiens
970 4201 1127 4287 fugantur
1160 4203 1294 4288 vigiliis,
1332 4204 1586 4288 ingemescimus
1619 4209 1653 4268 ct
1684 4202 1764 4267 illud
1797 4204 1910 4268 mortis

257 4302 467 4366 simulacrum
489 4301 531 4367 de
554 4303 690 4389 placidis
713 4304 962 4391 deceptionibus
986 4306 1060 4392 plus
1084 4313 1221 4371 amatur.
1267 4328 1347 4393 ergo
1370 4327 1457 4372 nunc
1488 4307 1576 4385 milri,
1608 4307 1685 4392 quia
1714 4306 1796 4372 illud
1824 4304 1912 4391 quod

258 4404 426 4491 praefatus
459 4427 530 4470 snm
563 4414 649 4471 stare
682 4426 747 4470 non
777 4407 877 4487 licuit,
919 4411 1150 4494 exequendum
1185 4419 1236 4476 cst
1267 4412 1353 4497 quod
1384 4412 1548 4478 remansit.
1594 4412 1711 4496 aliquis
1743 4410 1910 4476 hominum
1946 4410 1965 4472 3

258 4528 316 4593 pro
340 4509 467 4594 peccati
492 4510 540 4573 sni
564 4531 663 4574 onere
687 4511 733 4573 sic
757 4509 904 4575 laborat?
944 4511 1119 4599 adfligercr
1142 4515 1205 4578 nisi
1236 4536 1295 4578 νοε
1324 4515 1487 4579 viderem:
1524 4516 1565 4580 ad
1596 4517 1706 4603 cupita
1736 4515 1912 4603 perductus

361 4784 376 4836 1
395 4789 478 4840 tocius
490 4786 516 4838 Β
612 4787 630 4839 2
647 4792 716 4843 nicet
727 4790 752 4841 B
812 4799 922 4845 aeuotns
935 4790 980 4841 Β(ι
1078 4789 1095 4842 4
1114 4792 1272 4859 triumphum
1289 4792 1313 4841 V
1409 4791 1426 4843 5
1444 4794 1502 4859 quis
1515 4792 1593 4845 sam.
1658 4795 1802 4862 superantis
1819 4791 1913 4861 T’OP,

257 4881 410 4940 superantes
427 4873 472 4924 VL
478 4871 522 4938 Tl,
540 4876 719 4943 superbientes
731 4877 756 4928 B
854 4876 871 4930 6
889 4878 1090 4945 consumpmatis
1102 4877 1128 4929 B
1191 4879 1300 4930 remanit
1312 4878 1338 4929 B
1441 4875 1457 4929 7
1476 4880 1635 4948 perniciosus
1647 4879 1672 4930 B
1774 4879 1793 4933 8
1808 4898 1912 4950 raspon-

257 4960 328 5011 siena
344 4959 384 5008 Vc
492 4959 509 5010 9
527 4978 586 5012 cum
605 4971 664 5013 aaa
681 4964 753 5015 aliud
764 4964 826 5015 odd.
840 4962 918 5015 sirm.
988 4965 1054 5016 aliut
1065 4963 1090 5014 B
1159 4965 1266 5016 soetitur
1278 4963 1304 5015 Β
1413 4963 1444 5015 11
1464 4966 1615 5033 ingemiscat
1626 4965 1659 5029 B,
1676 4967 1821 5034 ingemiscit
1838 4968 1914 5020 cereri

256 5045 393 5113 locupletis
411 5046 478 5111 libri,
497 5063 543 5097 sm.
559 5045 637 5098 disan.
772 5047 805 5100 12
822 5048 974 5118 pauperum]
993 5068 1144 5119 prosperum
1162 5051 1226 5102 cont
1240 5050 1348 5111 Haste&
1371 5059 1398 5101 ot
1415 5052 1448 5116 cs.
1463 5069 1493 5118 p.
1505 5055 1546 5115 87,
1563 5055 1597 5104 30
1694 5053 1828 5105 mediocris
1846 5054 1914 5116 coe,

256 5147 303 5182 sm.
317 5130 394 5183 Sirra.
491 5133 629 5199 suprimam
646 5133 673 5183 B
766 5136 942 5188 connsliscsnt
958 5135 984 5186 B
1114 5135 1148 5188 13
1165 5144 1284 5205 pepertas
1296 5135 1342 5187 B‘
1471 5134 1505 5187 14
1527 5138 1641 5205 spiritale
1652 5138 1679 5188 B
1807 5136 1840 5188 15
1856 5154 1913 5206 per·

257 5219 354 5285 spectio
370 5216 475 5281 BVLt,
498 5220 620 5285 perfectio
637 5220 684 5270 rel.
782 5221 829 5271 tilii
848 5220 873 5269 V
1000 5219 1033 5273 16
1055 5223 1197 5290 snplificari
1213 5220 1239 5272 B
1332 5223 1466 5289 colloquiis
1486 5222 1511 5272 V
1638 5222 1671 5275 18
1694 5225 1875 5295 astipulatione
1892 5223 1918 5273 V

256 5305 352 5356 ustcris
364 5301 458 5354 BV¹L
580 5302 613 5355 19
630 5305 751 5372 plondore
764 5304 790 5356 B
908 5305 945 5359 20
961 5309 1071 5360 affluens
1082 5308 1116 5374 B,
1133 5326 1182 5361 csn.
1195 5309 1270 5360 sacri
1390 5306 1424 5359 21
1444 5309 1615 5362 famulantum
1628 5310 1707 5363 Sirra.
1786 5327 1877 5363 censos
1887 5308 1914 5361 B

256 5387 292 5441 22
309 5391 424 5443 oratione
442 5410 492 5444 om,
505 5391 583 5444 δίνην.
645 5401 764 5460 praecate
777 5392 803 5444 Β
897 5392 932 5446 23
950 5397 1081 5449 conseruit
1093 5397 1120 5447 B
1212 5393 1596 5463 consenescentem
1690 5394 1915 5450 esseminant?

363 5491 489 5561 [cunm]
519 5492 554 5546 rs
571 5496 688 5548 saunas
700 5495 725 5546 a
811 5494 846 5548 sc
863 5498 1049 5564 musquetum
1065 5499 1089 5548 ν
1171 5497 1206 5551 so
1223 5500 1321 5567 spera
1334 5484 1438 5560 naret,
1455 5499 1534 5550 aaa
1549 5500 1608 5550 ιννη·
1693 5497 1726 5550 31
1746 5500 1861 5552 naam
1872 5496 1914 5550 13¹

258 5577 293 5636 35
310 5581 503 5654 exsequendum
518 5581 543 5631 V
642 5578 677 5635 36
693 5583 823 5653 affligerer
838 5582 862 5631 V
927 5584 960 5636 sd
977 5585 1066 5653 cupite
1077 5583 1122 5637 Β)
1138 5603 1195 5656 asp.
1208 5586 1263 5649 lin„
1280 5584 1371 5652 capide
1382 5581 1422 5633 B¹
