4500 6232
320 285 383 348 320
781 282 890 340 ccclx
908 282 1032 353 (upls'r.
1049 284 1075 349 9,
1092 284 1147 350 31),
1166 281 1261 340 ODLX
1280 281 1404 352 (EPIS'l'.
1422 281 1518 353 1181).

320 476 477 537 maceror,
502 456 579 542 quia
600 477 685 542 quae
708 456 926 541 poscebamus
949 456 1012 524 deo
1035 457 1201 524 tribuente
1225 477 1383 523 concessa
1404 463 1490 522 aunt.
1532 456 1690 544 numquid
1712 457 1810 523 alicui
1833 455 1981 523 adcessit

321 558 362 625 de
394 559 541 626 lactitiae
572 559 745 625 occasione
778 560 865 647 quod
898 566 1060 647 torqueat,
1095 566 1153 626 aut
1183 559 1226 626 de
1256 581 1365 626 messe
1395 559 1589 647 gaudiorum
1619 581 1757 647 egressa
1784 564 1836 626 est
1863 560 1980 647 planta

320 663 494 729 tristitiae?
525 664 649 749 gratias
671 662 884 751 inseparabili
907 665 1046 730 trinitati
1073 664 1136 731 deo
1158 685 1248 745 vero,
1275 664 1329 750 qui
1351 670 1389 729 ut
1409 669 1487 729 vota
1513 664 1650 750 inpleat,
1678 663 1873 749 aliquotiens
1901 667 1981 729 vota

289 766 509 832 lcontcmnit.
547 767 618 853 ipse
642 788 722 853 argo
745 769 983 835 coniunctionis
1006 773 1083 834 tuae
1100 768 1252 855 copulam
1268 768 1436 854 respiciat:
1460 767 1533 855 ipse
1548 788 1650 832 unum
1664 766 1765 832 faeiat
1780 788 1823 833 ex
1838 766 1978 847 duobus,

321 869 376 955 qui
399 868 432 933 in
456 869 551 955 primi
574 868 715 935 hominis
739 892 887 958 corpore,
911 870 988 936 dum
1011 871 1119 937 adhuc
1141 871 1253 936 nativa
1276 877 1310 936 et
1330 871 1527 936 intemerata
1549 868 1786 935 inmortalitate
1807 869 1979 956 gauderet,
2042 893 2055 929 s

321 979 477 1057 utrosque
501 973 661 1037 formavit.
707 973 861 1060 iungatur
884 974 944 1040 tibi
967 995 1061 1055 uxor,
1084 979 1121 1039 ut
1143 973 1299 1040 Abrahae
1324 973 1433 1054 Sarra,
1456 980 1494 1039 ut
1515 973 1610 1039 Isaac
1630 970 1794 1053 Rebecca,
1816 978 1853 1037 ut
1874 972 1978 1039 Iacob

321 1074 450 1140 Rachel
483 1076 620 1141 caelesti
652 1076 881 1143 benedictione
915 1078 1040 1144 sociata
1073 1083 1132 1143 est.
1170 1077 1293 1143 habeas
1328 1077 1527 1143 continentis
1558 1075 1750 1162 praemium,
1781 1075 1911 1161 frugem
1945 1083 1981 1140 et

322 1178 528 1244 dulcedinem
557 1180 734 1265 coniugati.
779 1182 846 1267 legi
877 1182 930 1247 dei
959 1188 1074 1268 pareat
1104 1180 1224 1246 solutio
1259 1181 1437 1266 virginalis,
1471 1180 1547 1245 dum
1578 1178 1664 1266 quod
1691 1179 1725 1243 in
1752 1201 1789 1244 se
1818 1179 1982 1244 subtrahit

291 1280 430 1346 breddit
453 1283 486 1347 in
511 1282 638 1349 subole.
684 1285 810 1350 nesciat
833 1292 1004 1350 externam
1027 1284 1233 1370 diligentiam
1255 1284 1341 1350 bene
1364 1284 1397 1349 in
1417 1283 1509 1349 vobis
1532 1282 1672 1349 solidata
1688 1282 1883 1348 communio.
1921 1283 1981 1348 illa

323 1390 461 1450 matrem
492 1390 582 1451 tuam
613 1387 758 1452 moribus
787 1394 821 1454 et
848 1388 1095 1454 conversatione
1128 1387 1290 1467 restituat,
1324 1393 1360 1452 tu
1392 1393 1573 1474 parentem.
1618 1408 1683 1451 non
1713 1392 1829 1474 pereat
1856 1386 1981 1453 mundo
2037 1412 2061 1449 ro

324 1488 485 1553 maiorum
507 1494 648 1571 tuorum,
679 1491 756 1555 dum
779 1492 811 1555 in
835 1498 868 1557 te
890 1493 1084 1570 renascitur,
1114 1491 1343 1578 amplectenda
1373 1491 1534 1556 formatio.
1579 1510 1787 1577 nequaquam
1806 1491 1984 1577 peregrina

325 1591 413 1657 vitae
437 1595 590 1680 exempla
612 1615 673 1658 nec
696 1616 761 1659 nou
785 1594 968 1661 adventicia
997 1597 1217 1681 postulantur:
1247 1595 1281 1659 in
1310 1595 1413 1659 oculis
1441 1595 1548 1660 locata
1576 1594 1759 1660 sectamini.
1804 1614 1883 1659 ecce
1908 1614 1983 1679 ego,

325 1694 379 1778 qui
402 1694 573 1780 hymeneis
597 1698 662 1762 tuis
685 1699 847 1764 interesse
877 1718 943 1763 non
969 1699 1070 1785 potui,
1093 1699 1155 1764 hac
1171 1703 1204 1764 te
1222 1720 1356 1785 precum
1371 1718 1518 1764 mearum
1536 1696 1765 1784 prosecutione
1782 1696 1987 1789 communi03

293 1795 384 1863 duos
407 1798 449 1863 ad
472 1800 730 1866 vicissitudinem
754 1801 908 1867 exhibete
933 1802 1049 1867 crebra
1074 1802 1247 1888 colloquia.
1299 1801 1430 1866 dominc
1459 1802 1514 1881 mi,
1548 1800 1753 1865 salutationis
1779 1820 1926 1865 amorem
1949 1803 1985 1864 et

325 1902 542 1968 reverentiam
566 1906 758 1990 persolvens
783 1926 872 1991 rogo,
901 1912 938 1969 ut
961 1906 988 1969 si
1011 1906 1200 1970 memoriam
1226 1906 1292 1969 mei
1321 1904 1361 1969 do
1391 1904 1447 1969 illa
1474 1903 1632 1989 locupleti
1663 1902 1888 1969 recordatione
1916 1924 1982 1968 non
2036 1927 2061 1966 0

325 2005 465 2086 truditis,
490 2013 524 2072 et
546 2008 748 2074 orationibus
771 2031 824 2074 mc
847 2016 881 2074 et
904 2008 1085 2094 conloquiis
1109 2009 1297 2074 sublevetis.

960 2349 1082 2419 01th
1105 2352 1263 2437 (0010011,
1280 2350 1347 2434 31).

715 2545 952 2621 ENNODIVS
979 2546 1241 2620 ADEODATO
1268 2545 1599 2620 PRESBYTERO.

300 2710 313 2770 1
440 2690 622 2802 Quantum
645 2745 665 2787 a
688 2744 739 2787 me
763 2723 1071 2809 merit0‚.quantum
1094 2723 1225 2788 actione
1249 2722 1292 2786 sis
1315 2722 1444 2802 clarior,
1467 2721 1649 2788 orationum
1674 2727 1803 2787 tuarum
1825 2720 1988 2785 reseravit

327 2825 479 2891 allectus.
520 2848 598 2891 ecce
622 2825 733 2891 domni
755 2826 869 2890 Fausti
892 2826 936 2891 fili
965 2826 1014 2890 tui
1044 2826 1241 2891 abstractam
1270 2825 1312 2890 de
1343 2827 1466 2891 solacio
1495 2847 1568 2891 meo
1597 2832 1726 2912 partem
1749 2825 1926 2890 maximam
1950 2831 1987 2889 tu

327 2928 464 2994 tenebis.
511 2950 573 3015 ego
596 2928 727 3016 quidem
760 2931 883 2994 sanctis
913 2935 946 2994 et
975 2930 1138 3015 legalibus
1167 2928 1340 2995 desideriis
1368 2951 1500 3017 precum
1530 2928 1755 3015 inpedimenta
1784 2949 1850 2993 non
1872 2927 1987 3009 adtuli,
2041 2949 2068 2988 eo

329 3031 388 3098 sed
410 3038 538 3097 tantum
562 3056 613 3099 mc
644 3034 754 3098 domni
778 3034 897 3099 Avieni
929 3034 1069 3120 perculit
1103 3054 1161 3119 pro
1197 3034 1266 3098 cius
1301 3033 1439 3097 caritate
1475 3031 1644 3109 discessio,
1674 3038 1711 3096 ut
1739 3033 1880 3097 lacrimis
1909 3053 1986 3118 pro·

331 3157 487 3222 sequerer
510 3143 544 3201 et
566 3137 608 3201 ad
631 3142 744 3222 optata
773 3134 975 3201 tendentem.
1022 3137 1128 3223 patuit
1158 3136 1373 3201 humanarum
1404 3158 1512 3200 rerum
1539 3136 1573 3200 in
1601 3136 1663 3200 hae
1691 3156 1790 3201 causa
1812 3135 1853 3200 de
1876 3134 1987 3200 diver-

298 3241 428 3305 2sitate
452 3241 611 3305 formatio.
655 3242 747 3304 illum
772 3247 909 3305 evocant
932 3238 1065 3304 Christo
1089 3239 1172 3304 duce
1195 3240 1315 3320 votiva,
1339 3261 1390 3304 me
1414 3239 1552 3303 feriunt:
1584 3239 1632 3303 illi
1654 3238 1821 3304 blanditur
1844 3238 1885 3303 de
1909 3259 1988 3305 con-

331 3344 497 3408 iunctione
520 3342 678 3423 vicinitas,
712 3364 763 3408 me
787 3342 827 3408 de
852 3344 1114 3428 sequestratione
1143 3344 1331 3430 conpungit.
1379 3365 1456 3408 ecce
1488 3343 1528 3408 do
1557 3364 1691 3429 precum
1719 3364 1866 3409 mearum
1891 3342 1988 3429 fruge

332 3448 498 3527 sollicitor,
523 3452 557 3512 et
579 3446 716 3534 adeptos
739 3468 807 3526 nos,
831 3449 859 3512 si
883 3446 961 3533 quid
984 3449 1017 3516 in
1040 3448 1101 3513 hac
1124 3454 1219 3535 parto
1242 3448 1443 3534 postulatum
1466 3453 1529 3528 est,
1552 3445 1638 3533 quod
1662 3468 1736 3511 cum
1760 3446 1881 3512 Christi
1904 3468 1987 3533 pace
2042 3468 2067 3507 aa

332 3549 397 3615 dici
420 3550 528 3630 liceat,
551 3550 740 3635 ingemisco.
779 3549 839 3615 sad
861 3551 946 3615 inter
968 3552 1050 3616 haee
1072 3552 1130 3616 tali
1146 3550 1338 3637 diligentiae
1357 3551 1525 3616 curatione
1542 3557 1717 3628 sustentor,
1742 3550 1818 3637 quia
1833 3550 1989 3615 domnum

301 3653 496 3719 3Avienum
519 3661 729 3740 superantem
752 3660 829 3720 vota
851 3653 1061 3720 reddidimus.
1096 3654 1197 3719 hahet
1220 3653 1261 3719 de
1278 3655 1404 3738 origine
1421 3654 1492 3718 eius
1509 3653 1614 3718 Roma
1629 3655 1831 3735 iactantiam,
1853 3652 1991 3738 Liguria

331 3756 373 3822 dc
395 3756 557 3843 proiectu:
589 3756 635 3821 ibi
658 3756 777 3822 domno
799 3757 920 3822 Fausto
944 3759 1030 3823 filius
1054 3764 1191 3823 naturae
1214 3759 1290 3843 lege
1319 3778 1496 3822 concessus
1520 3763 1581 3838 est,
1613 3757 1666 3823 hic
1690 3758 1872 3823 eruditione
1895 3762 1991 3844 pate·

331 3862 448 3925 laetus.
493 3860 600 3925 minus
623 3861 685 3925 luit
708 3882 781 3926 oum
804 3861 1021 3946 generalitate
1044 3861 1210 3927 hominem
1232 3861 1323 3926 nasci
1348 3882 1455 3945 quam,
1479 3859 1566 3945 quod
1590 3861 1788 3928 inimitabile
1804 3860 1990 3939 videbatur,

332 3964 446 4031 Fausti
481 3964 630 4029 sobolem
660 3964 865 4050 conprobari.
910 3965 1092 4031 referamus
1120 3963 1162 4030 ad
1192 3963 1289 4028 deum
1319 3964 1481 4029 beneficia
1510 3985 1570 4029 sua
1597 3971 1630 4029 ct
1659 3966 1722 4051 ipsi
1752 3986 1812 4052 pro
1841 3965 1898 4029 illo
1927 3985 1988 4028 ex·
2044 3981 2071 4020 ω

301 4069 508 4134 lhiheamus
530 4068 665 4152 gratias,
695 4090 799 4153 aquo
828 4069 1036 4155 poposcimus
1064 4089 1148 4153 quae
1176 4072 1336 4132 tenemus.
1380 4088 1439 4131 vos
1467 4068 1677 4133 salutationis
1707 4090 1801 4134 meae
1831 4067 1992 4154 obsequia

334 4192 392 4259 pro
422 4172 527 4236 sancti
557 4172 701 4257 pectoris
730 4172 832 4238 vestri
861 4172 1004 4258 puritate
1034 4172 1189 4258 suscipite
1219 4178 1252 4236 et
1279 4170 1425 4235 codicem
1454 4172 1650 4257 recipientes
1680 4193 1789 4238 meum
1818 4192 1892 4238 cum
1919 4171 1991 4254 illo,

334 4275 390 4361 qui
412 4296 434 4339 a
454 4274 548 4341 vobis
572 4275 752 4361 promissus
774 4281 835 4355 est,
859 4274 1034 4342 destinate.

438 4549 453 4602 1
471 4552 578 4607 mosaic
593 4551 619 4601 V
732 4550 749 4602 2
767 4553 913 4605 occassione
925 4552 950 4603 Β
1071 4551 1088 4603 3
1105 4551 1241 4619 insepalibi
1259 4570 1315 4618 sup.
1329 4553 1374 4603 lia.
1387 4569 1416 4603 ra
1428 4550 1453 4601 B
1573 4548 1591 4601 4
1609 4552 1766 4619 contempnit
1780 4550 1805 4600 V
1918 4549 1992 4602 bin-

333 4642 452 4692 timerata
463 4638 489 4690 B
538 4641 651 4706 gaudere
665 4638 670 4705 Ι
686 4648 823 4708 tuerosqne
836 4639 886 4705 Β),
902 4642 1028 4708 gauderet
1043 4637 1048 4704 Ι
1064 4655 1190 4705 uerosque
1204 4635 1249 4688 Β)
1335 4636 1352 4689 6
1370 4638 1480 4689 habraac
1492 4635 1535 4688 131
1542 4637 1571 4702 V,
1588 4638 1717 4689 habrahae
1729 4634 1773 4687 Β)
1860 4634 1875 4686 7
1893 4634 1993 4702 rachel]

333 4727 419 4779 rachis
431 4723 473 4775 Β)
533 4724 684 4793 praemium]
703 4729 834 4794 praeuiam
847 4727 926 4779 Simo.
1028 4724 1045 4777 8
1063 4727 1203 4794 uirginales
1215 4725 1241 4775 B
1339 4721 1356 4774 9
1373 4725 1461 4776 sobole
1476 4722 1501 4772 V
1594 4721 1628 4775 10
1645 4733 1734 4792 pareat
1747 4723 1782 4776 Oh
1842 4724 1935 4776 mondo
1947 4723 1995 4775 Β)

335 4811 368 4864 13
385 4812 541 4880 communio]
559 4815 686 4866 conuenio
699 4813 777 4865 Sirra.
909 4811 942 4865 14
959 4813 1167 4866 uicessitudinem
1179 4811 1205 4862 Β
1296 4811 1414 4877 coloquia
1425 4809 1451 4860 Β
1542 4805 1643 4863 domine
1661 4811 1696 4861 mi
1714 4828 1763 4861 orn.
1775 4808 1854 4862 81000.
1948 4807 1994 4876 mi]

334 4899 398 4950 mihi
410 4898 518 4955 BVLT
618 4897 651 4952 15
667 4901 794 4968 lueupleti
806 4900 831 4951 B
937 4897 970 4951 16
987 4900 1113 4951 trudentis
1126 4898 1151 4949 B
1220 4899 1354 4964 colloquiis
1371 4897 1395 4947 V

439 5000 555 5071 [CDLX]
592 5002 625 5054 18
642 5005 788 5056 reseruauit
807 5002 879 5068 (aial)
894 5003 927 5067 B,
944 5004 1068 5056 reserabit
1085 5003 1161 5055 ceteri
1279 4999 1311 5052 19
1329 5003 1376 5053 filii
1392 5001 1416 5051 V
1494 5001 1606 5053 maxima
1618 4999 1695 5051 BVL
1809 4996 1845 5050 20
1861 5001 1958 5052 0000111
1969 4999 1997 5050 Β

334 5090 410 5142 attrrli
426 5089 452 5139 V
550 5087 583 5139 21
602 5097 702 5141 tantum
715 5089 819 5154 Hartet,
836 5097 908 5141 tanta
919 5090 979 5141 libri
1050 5088 1166 5155 perculet
1177 5086 1203 5138 Β
1305 5085 1340 5138 23
1357 5089 1434 5140 cristo
1447 5087 1472 5138 B
1541 5088 1656 5138 uotiuum
1673 5094 1700 5138 et
1716 5089 1734 5137 1.
1746 5085 1771 5136 Β
1881 5083 1916 5135 ‘24
1934 5102 1996 5137 oon·

336 5184 434 5244 punget
445 5175 470 5226 B
601 5172 636 5228 25
653 5176 723 5228 eristi
735 5175 761 5225 B
889 5173 923 5226 27
942 5175 1072 5226 reddimus
1083 5174 1109 5224 B
1205 5174 1284 5240 liguri
1295 5172 1320 5223 B
1450 5173 1484 5226 29
1502 5172 1571 5239 cum]
1589 5190 1639 5225 con
1650 5170 1694 5224 131
1790 5173 1958 5240 genaralitata
1969 5172 1997 5223 B

336 5263 479 5315 uedebatur
490 5261 516 5312 Β
641 5259 675 5313 31
694 5262 861 5314 exhibaumns
873 5260 907 5326 B,
928 5263 1038 5313 referam
1055 5269 1079 5311 ct
1094 5277 1150 5325 sup.
1164 5260 1209 5310 110.
1228 5260 1364 5312 exhibeam
1379 5260 1408 5325 V,
1432 5261 1567 5313 exhibeam
1590 5262 1699 5312 reseram
1711 5259 1744 5323 L,
1762 5261 1903 5311 referamus
1919 5257 1998 5324 Tor,

336 5349 515 5402 redhibeamus
528 5347 606 5400 sirm.
711 5344 746 5400 32
764 5348 845 5402 sensti
858 5343 901 5397 Β)
970 5347 1102 5401 condicam
1116 5344 1141 5395 B
