4500 6232
837 269 903 328 tun
923 269 1057 342 (oense.
1076 272 1112 343 r),
1131 268 1169 363 nr
1188 269 1310 342 <erran
1331 277 1354 343 r,
1371 272 1408 344 e).
1913 279 1952 343 ta

296 447 454 538 deputare
476 447 671 515 necessitati
693 455 744 530 et,
776 447 853 513 dum
884 449 981 514 homo
1006 448 1127 514 homini
1151 454 1261 513 custos
1284 455 1348 530 est,
1379 448 1442 513 alio
1471 448 1687 516 maledicendi
1716 451 1828 518 ordine
1858 453 1952 540 pudi-

296 556 406 619 citiam
428 553 562 618 valcant
592 553 757 638 adplicare
785 553 963 634 formidini,
993 573 1052 616 nos
1081 551 1212 638 quidem
1235 554 1288 617 vel
1310 575 1354 617 ex
1375 573 1442 616 una
1464 561 1558 640 parte
1582 555 1737 641 carpendi
1760 558 1951 624 occasiones

296 657 498 745 incidimus,
515 678 573 720 nos
604 677 766 741 supernae
796 678 957 721 memores
989 655 1181 743 disciplinae
1210 658 1481 742 qualemcumque
1513 658 1749 725 sacerdotalem
1779 661 1950 734 dexteram
1959 657 2095 766 Ῑξῇἲξῃ

297 760 481 826 volentibus
498 761 603 846 perire
620 759 815 846 porrigimus
831 765 864 824 et
881 781 901 823 a
916 760 1029 824 ruinae
1051 760 1243 846 praecipitio
1267 759 1437 823 diabolicis
1461 769 1550 825 actos
1575 763 1712 827 stimulis
1735 764 1950 847 retardamus,
2012 743 2017 754 ⁸
2069 741 2075 754 ⁸

299 872 334 929 nt
356 865 484 929 discant
506 864 660 952 loquaces
682 862 736 926 vel
758 868 832 948 poet
855 862 989 927 decreta
1011 862 1200 947 praesentia
1222 862 1411 947 religiosum
1435 883 1544 929 amare
1569 865 1745 930 silentium.

403 968 538 1033 Nullum
562 987 640 1051 ergo
669 966 874 1031 sacerdotum
906 967 1047 1050 antiquis
1077 972 1110 1028 ct
1138 965 1300 1029 modernis
1330 965 1458 1050 legibus
1492 967 1727 1052 obsequentem
1759 971 1949 1056 nullumque
1985 972 2005 1033 9

295 1072 467 1138 levitarum
500 1071 569 1135 sine
598 1069 683 1134 benc
712 1070 849 1155 probata
871 1070 1020 1133 columns
1049 1069 1081 1131 in
1110 1089 1313 1153 quocumque
1344 1069 1406 1132 loci
1434 1090 1567 1134 manere
1591 1092 1747 1157 persona,
1779 1074 1833 1139 vel
1857 1095 1954 1160 quem

296 1175 501 1240 substantiae
525 1173 655 1238 exilitas
680 1194 743 1236 non
773 1174 957 1260 permiserit
986 1173 1109 1237 habere
1141 1178 1340 1251 consortem,
1371 1173 1442 1257 ipse
1474 1175 1702 1240 concellaneus
1726 1177 1784 1240 liat
1808 1178 1953 1243 alterius.

296 1278 462 1365 publicum
491 1277 533 1341 sit
562 1275 650 1362 apud
681 1277 854 1360 religiosos
873 1296 982 1348 ,omne
1010 1275 1096 1360 quod
1131 1275 1270 1359 geritur,
1304 1275 1509 1340 clandestina
1541 1279 1730 1362 repudietur
1759 1281 1954 1355 obscuritas.

297 1384 416 1447 multos
440 1381 563 1445 habeat
586 1387 717 1444 actuum
741 1381 897 1461 conscios,
921 1379 978 1464 qui
1000 1379 1061 1443 deo
1085 1377 1183 1442 dcbet
1207 1379 1436 1442 innocentiam.
1482 1380 1615 1446 videant
1638 1384 1775 1463 aemuli,
1799 1383 1876 1468 quia
1898 1374 1953 1469 qni

296 1492 400 1550 testes
429 1484 562 1549 adhibet
585 1485 655 1548 vult
683 1485 825 1570 probari.
870 1484 955 1547 malc
987 1482 1193 1568 deprehensa
1222 1483 1383 1548 iudicetur
1407 1487 1623 1566 conversatio,
1654 1508 1738 1571 quac
1771 1509 1834 1552 non
1862 1495 1954 1574 optat

296 1589 441 1672 agnosci.
486 1594 575 1652 certe
598 1588 651 1651 vol
675 1589 702 1651 ei
725 1609 817 1651 mens
842 1587 882 1650 sit
905 1587 986 1650 recti
1011 1587 1154 1665 conscia,
1178 1585 1321 1650 vindicta
1344 1586 1461 1671 dignus
1486 1591 1614 1673 estqui
1637 1591 1691 1654 alii
1716 1592 1829 1668 existit
1852 1614 1953 1657 cause
1968 1598 2006 1660 10

296 1691 447 1777 periculi:
485 1690 562 1754 dum
596 1691 682 1754 enim
714 1690 951 1777 suspicionibus
983 1690 1138 1776 patefacit
1168 1710 1353 1771 accessum,
1385 1691 1421 1754 tit
1454 1692 1589 1757 fraterni
1625 1695 1714 1779 origo
1746 1696 1952 1779 discriminis,

297 1801 331 1859 ct
353 1795 407 1881 qui
430 1794 586 1880 peccandi
608 1795 752 1859 tomenta
779 1795 890 1859 tribuit
919 1795 990 1880 ipsc
1014 1795 1161 1877 iugulum
1188 1795 1283 1857 morti
1313 1795 1466 1880 inpingit,
1498 1804 1534 1859 ut
1557 1798 1603 1859 ait
1625 1796 1753 1862 divinus
1778 1807 1810 1864 et
1833 1799 2106 1872 beatusmonear.

298 1918 435 1984 praeco:
474 1899 550 1962 ‘noli
582 1897 773 1978 detrahere,
810 1920 851 1962 nc
883 1895 1078 1976 eradiceris,
1113 1897 1280 1961 confessor
1309 1899 1516 1963 Ambrosius:
1558 1902 1663 1965 ‘multi
1696 1924 1760 1966 non
1794 1903 1953 1969 dederunt
1972 1887 2097 1992 imssf'glf'

297 2002 396 2065 crrori
426 2001 532 2065 locum
556 2009 589 2064 et
616 2001 777 2066 dedorunt
805 1999 1000 2086 suspicioni)
1047 2002 1189 2086 suspicio
1213 2002 1276 2065 ista
1298 2008 1348 2065 cst
1371 2003 1522 2066 interitus
1547 2005 1763 2090 suspicantis:
1797 2012 1832 2070 at
1855 2028 1953 2091 quarn

297 2126 360 2168 non
377 2111 469 2169 caret
484 2111 621 2190 peccato
637 2106 693 2189 qui
708 2104 846 2170 dederit.
884 2106 970 2168 unde
986 2126 1139 2169 mansuro
1157 2126 1229 2167 cnm
1254 2104 1306 2168 dei
1330 2112 1362 2168 et
1385 2105 1600 2191 redemptoris
1624 2109 1727 2179 nostri
1750 2108 1952 2173 ordinatione
1968 2106 2001 2164 ll

297 2208 473 2273 constituto
497 2209 677 2288 sancimus,
707 2210 907 2294 apostolicae
932 2208 1020 2272 sedis
1043 2209 1134 2273 beati
1157 2209 1247 2273 Petri
1272 2209 1322 2273 rel
1347 2211 1508 2293 praesulis
1534 2211 1604 2274 eius
1628 2232 1737 2296 papae¹
1759 2213 1954 2287 auctoritate

298 2312 446 2392 subnixi,
476 2332 560 2396 quae
584 2313 663 2375 vitia
686 2311 851 2376 desiderat
875 2312 1029 2376 radicitus
1053 2313 1232 2397 amputari,
1266 2320 1300 2376 ut
1324 2314 1432 2377 nullus
1456 2316 1680 2399 religiosorum
1704 2315 1744 2379 dc
1767 2317 1954 2388 memoratis

298 2415 464 2479 ordinibus
488 2415 582 2479 alitor
605 2437 702 2501 quam
725 2416 865 2502 praelati
889 2438 1000 2480 smnus
1025 2416 1145 2481 audeat
1168 2419 1365 2497 conversari,
1390 2419 1441 2481 vel
1458 2418 1652 2502 quicumque
1675 2420 1955 2504 praesumpserint

298 2540 370 2583 cnm
387 2519 562 2582 amissione
579 2518 711 2605 pudoris
727 2520 885 2584 honorum
908 2519 1027 2584 damna
1050 2521 1244 2601 sustineant,
1269 2521 1422 2605 quoniam
1446 2521 1569 2605 grande
1592 2523 1715 2586 malurn
1740 2529 1791 2586 cst
1813 2523 1954 2589 dicatam

297 2623 359 2687 deo
381 2643 554 2708 personam
578 2623 776 2687 salutaribus
800 2625 931 2687 monitis
954 2645 1017 2687 non
1034 2645 1160 2710 parere.
1199 2624 1308 2687 nullus
1326 2645 1436 2688 secum
1456 2631 1631 2688 extraneas
1655 2625 1777 2700 lrabeat
1800 2627 1955 2691 mulieres

296 2732 429 2812 praeter
451 2747 608 2812 personas
640 2726 819 2790 canonibus
845 2726 1049 2812 designatas,
1082 2748 1123 2790 nc
1152 2727 1277 2812 agendo
1307 2729 1432 2807 taliter,
1465 2729 1593 2792 etiamsi
1622 2730 1687 2793 vita
1717 2731 1758 2794 sit
1787 2731 1953 2813 innocens,

298 2828 453 2893 damnum
476 2830 636 2917 opinionis
659 2831 814 2896 incurrat.

968 3035 1023 3102 IX
1047 3038 1159 3122 (arran.
1186 3043 1213 3119 1,
1238 3039 1282 3123 5).

891 3214 1080 3288 FAVSTO
1108 3213 1357 3288 ENNODIVS.

408 3344 654 3439 Abundantcm
678 3376 730 3439 dei
753 3377 1008 3442 miscricordiam
1032 3384 1184 3464 precatus
1207 3375 1397 3441 commendo
1425 3375 1488 3460 ipsi
1517 3375 1593 3438 anni
1622 3373 1726 3438 felicis
1750 3372 1896 3456 auspicia
1919 3378 1952 3436 et
1988 3374 2002 3433 1

298 3477 529 3542 beneficiorum
560 3478 630 3542 eius
653 3479 842 3543 munoribus
867 3479 1014 3542 sublimis
1037 3480 1101 3542 iam
1126 3478 1330 3543 consularem
1355 3477 1458 3540 virum
1482 3477 1573 3561 quasi
1598 3476 1744 3560 aequalis
1768 3474 1951 3559 adgredior.

299 3581 458 3646 hactenus
490 3581 646 3645 trabealis
674 3583 798 3645 coturni
826 3603 980 3667 pompam
1012 3582 1153 3645 familiae
1175 3589 1318 3645 nostrae
1346 3581 1522 3666 peregrina
1551 3584 1742 3641 ornamenta
1765 3577 1953 3642 tribuebant

300 3692 334 3750 et
355 3685 519 3771 pertinere
543 3705 600 3748 nos
625 3683 666 3748 ad
690 3706 764 3748 eum
787 3686 891 3770 magis
915 3685 1082 3750 adfinitate
1107 3707 1203 3770 quarn
1227 3706 1349 3768 genere
1373 3682 1614 3768 gaudebamus,
1644 3681 1697 3765 qui
1727 3700 1953 3744 annonomen

299 3789 452 3877 inposuit.
488 3809 606 3852 munus
624 3794 704 3863 erat,
728 3809 792 3852 non
807 3788 964 3869 debitum,
988 3788 1072 3873 quod
1095 3790 1179 3853 inter
1202 3788 1362 3850 curulium
1385 3806 1594 3871 possessores
1617 3783 1810 3868 diligentum
1832 3781 1952 3847 fabulis

299 3893 510 3958 addebamur.
548 3892 698 3978 quotiens
716 3913 773 3955 nos
789 3892 946 3956 obnoxios
964 3893 1026 3956 sibi
1042 3893 1119 3957 lecit
1142 3893 1263 3976 lingua,
1288 3910 1371 3975 quae
1396 3888 1482 3974 apud
1505 3889 1586 3953 alios
1609 3887 1781 3968 exultavit,
1804 3893 1839 3948 ut
1863 3907 1951 3949 com·
1985 3887 2006 3948 2

299 4001 424 4059 mutato
447 3994 641 4058 condicionis
666 3993 777 4059 ordine
801 3995 916 4059 alienis
939 4001 1070 4058 nostrae
1094 3994 1271 4057 nobilitatis
1295 3992 1435 4077 insignia
1459 3990 1629 4077 stipendiis
1652 3990 1875 4055 deberentur?
1922 3995 1956 4054 at

298 4120 383 4163 nnnc
411 4098 555 4162 lacessat
583 4096 718 4161 invidio:
751 4105 953 4162 vetustorum
984 4104 1153 4182 reparator
1181 4096 1318 4160 fascium
1341 4095 1489 4160 novellus
1513 4094 1625 4159 consul
1651 4094 1769 4157 inluxit
1793 4099 1826 4158 et
1849 4091 1954 4177 digni·

299 4208 404 4265 tatum
431 4208 613 4265 nostrarum
644 4201 787 4264 cariosas
812 4201 896 4265 lores
920 4201 1071 4264 robustus
1095 4199 1253 4263 reseravit
1275 4198 1429 4284 inpulsor.
1475 4197 1515 4262 ad
1539 4195 1716 4261 redivivam
1741 4194 1954 4260 valitudinem

298 4304 515 4369 tremebunda
537 4304 808 4368 marcescentium
832 4303 998 4366 cardinum
1022 4303 1133 4366 limina
1156 4303 1371 4383 iuveniscunt,
1394 4323 1477 4386 quac
1502 4301 1599 4364 nullis
1624 4300 1720 4365 credo
1744 4300 1805 4363 deo
1821 4301 1953 4387 auspice

300 4408 375 4493 quia
398 4407 556 4495 posthaec
578 4407 724 4471 obicibus
748 4407 930 4470 claudenda
952 4407 1147 4491 patuissent.
1192 4427 1267 4469 nam
1291 4404 1409 4470 Avieni
1432 4406 1496 4468 mci
1524 4426 1586 4468 non
1613 4426 1712 4484 unus,
1744 4403 1803 4467 sed
1831 4405 1954 4489 primus
1988 4413 2088 4481 alpolt·

300 4517 351 4576 cst
373 4511 571 4574 consulatus.
598 4510 725 4596 ¹stirpis
749 4531 828 4574 suae
852 4515 1021 4593 gestatura
1045 4509 1169 4593 aquilas
1186 4508 1323 4592 agmina
1346 4509 1498 4594 praevius
1522 4507 1701 4573 antecessit
1723 4512 1757 4572 ct
1773 4506 1814 4570 ad
1830 4507 1948 4593 princi·
1998 4466 2108 4571 cliiii.

405 4774 417 4824 l
438 4776 553 4841 diputnre
571 4772 618 4822 Ba
696 4770 856 4821 malidicandi
869 4768 894 4817 Β
902 4767 925 4816 l'
1030 4766 1047 4818 ‘2
1064 4769 1192 4836 applicare
1209 4767 1236 4830 Γ,
1253 4769 1415 4819 accomodare
1434 4768 1449 4817 b
1559 4765 1577 4817 4
1595 4777 1665 4818 actos
1680 4764 1752 4830 CPb,
1769 4777 1841 4817 nctus
1853 4766 1878 4815 B
1887 4764 1929 4815 17.
1935 4763 1959 4813 Τ

299 4857 437 4927 ligaretur
452 4858 641 4911 clnndictinaB
745 4855 774 4906 ll
795 4854 930 4906 udlribitB
1041 4854 1350 4906 mortemarense
1462 4851 1494 4903 14
1506 4853 1632 4919 gugulmn
1647 4852 1690 4901 Ba
1760 4854 1834 4902 morti
1851 4852 1955 4912 Ilurtcl,

298 4947 387 4997 mortis
405 4946 465 4996 libri
574 4943 608 4994 li)
625 4943 710 5010 multi]
728 4944 816 5010 quanti
834 4942 923 4992 rlmbr.
939 4943 956 4993 l.
969 4960 989 4991 c.
1097 4939 1128 4992 lli
1147 4942 1258 5008 suspicio
1273 4967 1284 4990 ι
1300 4941 1346 4991 iata
1364 4950 1403 4990 cst
1420 4938 1497 5004 (erce.
1510 4943 1534 5000 ὗ)
1547 4940 1572 4989 Β
1640 4947 1760 5005 atquem
1773 4938 1810 4999 B,
1835 4946 1861 4987 ct
1878 4954 1954 5002 quam

299 5033 385 5095 ceteri,
407 5041 484 5098 atque
499 5033 527 5094 b,
549 5040 626 5097 atque
644 5048 699 5081 eam
718 5030 814 5080 Hortel
926 5027 1162 5079 resurrecturae
1236 5028 1385 5078 auctoritate
1404 5042 1484 5091 papae
1502 5024 1592 5074 l'1L1
1604 5019 1663 5074 CPc
1771 5021 1803 5072 21
1823 5018 1953 5087 quoniam]

300 5117 349 5185 qu'o
366 5118 474 5180 ΒΓΗ),
491 5116 526 5184 qri
542 5117 570 5180 Τ,
587 5117 741 5182 quomodob
827 5112 862 5164 24
879 5115 1017 5181 dampnum
1035 5115 1057 5164 l'

403 5219 464 5287 [lx]
499 5217 534 5270 25
552 5221 683 5271 Ennodius
701 5220 827 5270 Fansmb
954 5217 987 5268 ‘27
1011 5220 1147 5285 aggredior
1169 5218 1192 5266 Γ
1312 5214 1347 5266 29
1365 5212 1532 5266 affinitateV
1614 5228 1709 5278 gcncra
1727 5210 1752 5259 B
1837 5226 1904 5259 anno
1922 5207 1956 5272 B,

298 5327 379 5360 nnnoa
396 5307 474 5363 l'er,
492 5316 551 5357 unte
569 5324 615 5356 nos
626 5305 684 5356 (ch
770 5303 805 5355 30
823 5306 985 5371 diligentium
999 5305 1037 5355 Pb
1123 5303 1154 5354 31
1175 5303 1300 5354 exultauit
1317 5304 1338 5352 0
1349 5303 1417 5366 qumi
1429 5302 1482 5366 ipre
1494 5300 1660 5360 coniecerant,
1677 5296 1800 5348 exaltabit
1811 5295 1844 5358 B,
1861 5295 1956 5345 exalta·

299 5398 338 5447 nit
349 5397 395 5447 rel.
501 5390 536 5443 32
553 5394 685 5460 stipendiis
702 5395 857 5445 deberentur
870 5393 903 5457 Β,
920 5394 1075 5445 deberentur
1091 5393 1222 5459 stipendiis
1235 5390 1309 5440 ceteri
1378 5385 1413 5453 at]
1432 5388 1464 5436 ml
1477 5386 1502 5434 Β
1605 5380 1639 5432 34
1657 5383 1768 5433 cariosos
1783 5381 1805 5430 Β
1812 5382 1821 5418 l
1889 5383 1956 5432 tirrea

299 5481 325 5546 (c
343 5498 374 5532 erc
390 5500 405 5532 a
423 5481 502 5546 corr.)
522 5479 546 5529 Β
619 5481 741 5530 reserabit
759 5479 827 5540 libri,
845 5479 943 5529 eccard.
962 5478 1042 5528 Sirra.
1152 5474 1187 5525 35
1204 5472 1404 5526 trcrnibnndoB
1473 5469 1670 5521 iuncncscuntb
1781 5467 1815 5519 36
1832 5469 1958 5539 putisceret

299 5566 364 5620 coni.
383 5566 479 5617 Hartet
582 5562 615 5616 31
634 5566 779 5616 consolatus
792 5564 841 5614 BL
911 5573 1028 5631 gestatur
1043 5563 1083 5612 Β)
