4500 6232
786 279 1042 336 PANEGYRICVS
1059 280 1189 335 DICTVS
1208 281 1447 338 THEODERICO.
1881 288 1940 350 211

290 454 438 539 professa
466 453 678 531 discordiam,
710 473 822 517 secum
846 453 1010 537 Vulgares
1034 473 1112 517 suos
1135 454 1168 517 in
1192 454 1296 518 tutela
1319 453 1526 535 deducendo,
1556 456 1674 540 quibus
1698 457 1782 520 inter
1805 456 1943 519 Martios

289 559 458 622 eontlietus
488 558 616 623 castelli
639 559 712 622 vice
741 578 803 621 usa
833 558 1011 622 minitatur.
1056 562 1133 621 tunc
1156 557 1280 622 Mundo
1308 557 1446 623 credens
1476 556 1517 622 ad
1547 558 1747 644 praesidium
1780 559 1995 637 sulficere,6t

290 663 318 725 si
343 661 494 727 cohortes
517 666 595 724 tuae
618 660 696 746 quid
719 666 888 747 pateretur
910 668 1141 746 agnoscerent,
1164 662 1352 747 pernicibus
1376 663 1498 727 nuntiis
1522 663 1660 748 periculi
1685 663 1735 727 sui
1752 662 1850 728 fldem
1865 684 1944 728 eou-

290 766 394 837 misit,
424 765 478 850 qui
506 770 583 828 ante
611 762 803 829 defensores
833 765 916 828 inire
949 786 1007 851 pro
1030 766 1180 851 partibus
1203 766 1270 829 suis
1295 766 1468 852 conspexit
1491 767 1686 845 certamina,
1719 787 1816 851 quam
1839 766 1945 830 moliri

225 887 236 923 ι
290 868 471 934 didicisset.
515 873 552 930 ut
582 876 691 933 tamen
724 869 850 932 eminus
878 867 985 932 Pitzia
1014 867 1205 933 indomitam
1220 868 1404 953 Vulgarum
1434 870 1638 934 iuventutem
1669 871 1857 955 speculatus
1886 877 1945 947 est,

289 974 444 1038 ardentes
472 970 730 1036 adulescentium
759 973 901 1058 impetus
930 973 1113 1059 potioribus
1140 974 1315 1038 verborum
1346 973 1485 1036 annarit
1516 971 1691 1037 incendiis:
1727 971 1997 1049 ‘meministiebb

290 1077 384 1155 socii,
418 1076 509 1139 cuius
544 1074 585 1138 ad
618 1074 702 1140 haec
734 1074 808 1139 loca
836 1075 1035 1139 conmeastis
1064 1077 1212 1162 imperio.
1260 1096 1357 1140 nemo
1391 1075 1546 1140 absentes
1577 1074 1692 1140 credat
1723 1075 1812 1159 regis
1841 1075 1945 1138 nostri

290 1182 418 1253 oeulos,
449 1199 507 1265 pro
537 1179 630 1243 cuius
658 1179 746 1242 fama
775 1177 994 1242 dimicandum
1022 1186 1084 1244 est.
1128 1180 1156 1242 si
1181 1180 1308 1243 eaelum
1337 1180 1526 1243 lancearum
1547 1178 1653 1242 imber
1675 1178 1857 1255 obtexerit,
1891 1177 1946 1261 qui

290 1284 408 1348 fortius
431 1283 534 1347 telum
557 1281 671 1346 iecerit
695 1302 757 1345 non
781 1282 906 1347 latebit.
952 1283 1038 1347 ferro
1063 1289 1198 1369 pectora
1220 1284 1409 1367 inmergite,
1440 1289 1475 1345 ut
1498 1284 1609 1347 veniat
1633 1280 1673 1345 de
1698 1282 1834 1346 horrore
1858 1281 1945 1344 vitae

292 1410 368 1475 apes
392 1386 565 1451 manifesta
582 1385 748 1450 victoriae.
787 1385 884 1449 credo
909 1386 991 1471 regii
1013 1392 1132 1450 testem
1157 1385 1284 1450 roboris
1308 1386 1372 1449 iam
1395 1386 1585 1450 defunctum
1609 1405 1671 1449 nce
1695 1404 1869 1470 superesse
1892 1384 1946 1468 qui

292 1492 354 1555 illis
394 1511 490 1575 quem
531 1490 712 1553 habeamus
752 1488 917 1552 dominum
956 1495 1173 1554 consueverat
1212 1489 1369 1553 indicare.
1422 1496 1479 1554 aut
1515 1490 1598 1554 lorte
1633 1494 1765 1574 gentem
1802 1492 1946 1552 nostram

291 1594 509 1677 dedignantur
539 1592 715 1657 aestimare
745 1592 786 1656 de
817 1593 988 1678 principe?
1038 1593 1233 1677 intellegant
1264 1592 1305 1656 ab
1335 1613 1375 1657 eo
1404 1593 1538 1656 fluxisse
1571 1591 1658 1677 quod
1690 1592 1850 1679 gerimus,
1885 1610 1946 1654 nee

291 1699 388 1761 liceat
415 1697 493 1775 illis,
522 1695 606 1781 quod
629 1702 736 1759 rector
758 1701 868 1758 noster
891 1696 1071 1760 transmisit
1095 1695 1135 1759 ad
1159 1696 1340 1779 originem,
1367 1696 1423 1759 uni
1456 1702 1583 1759 tantum
1616 1693 1737 1759 debere
1760 1691 1945 1780 personae?

201 1815 275 1863 e³¹0
292 1802 374 1864 haec
404 1799 533 1883 eloquia
565 1798 654 1863 lituis
683 1799 898 1863 conmutarit:
933 1801 1086 1863 continuo
1114 1806 1150 1863 ut
1179 1800 1308 1863 adsolet
1338 1805 1409 1864 ater
1438 1797 1566 1862 nimbus
1589 1799 1686 1863 tectis
1710 1795 1944 1883 crepitantibus
1957 1794 1998 1855 66

215 1920 237 1957 ιι
291 1904 508 1990 procellarum
538 1901 663 1986 mugire
694 1902 857 1975 discursu,
888 1902 936 1965 sic
964 1923 1001 1965 se
1030 1903 1244 1988 praecipitem
1268 1902 1361 1988 plebs
1384 1901 1499 1966 Martis
1523 1901 1696 1965 inmiscuit.
1741 1901 1867 1965 incerta
1890 1898 1945 1963 diu

291 2009 458 2071 contlictus
485 2007 579 2070 lance
608 2006 775 2085 titubavit,
806 2003 883 2069 dum
912 2026 972 2090 par
1002 2027 1044 2070 ex
1071 2012 1210 2089 utroque
1234 2006 1338 2069 latere
1361 2003 1528 2091 pugnandi
1552 2005 1751 2069 surrexisset
1774 2003 1944 2089 asperitas.

290 2110 529 2175 concurrebant
552 2107 636 2173 duae
659 2109 825 2182 nationes,
850 2108 966 2191 quibus
989 2127 1165 2192 numquam
1189 2108 1275 2172 inter
1298 2106 1427 2193 gladios
1450 2108 1528 2192 iuga
1552 2106 1760 2173 subvenerat.
1805 2105 1943 2169 miratae

291 2221 367 2279 sunt
396 2221 508 2280 mutuo
536 2214 585 2278 sui
615 2213 740 2277 similes
771 2213 909 2277 inveniri
939 2219 974 2278 et
999 2212 1032 2275 in
1060 2211 1202 2276 humano
1226 2232 1349 2297 genere
1373 2212 1424 2275 rel
1449 2210 1575 2275 Gothos
1600 2210 1809 2274 resistentem
1833 2207 1945 2274 videre

291 2319 344 2382 vel
360 2317 536 2403 Volgares.
582 2316 708 2381 interea
738 2315 814 2380 dum
842 2336 965 2401 anceps
994 2321 1084 2379 esset
1110 2316 1241 2380 fortuna
1270 2315 1457 2379 certaminis
1486 2320 1520 2378 et
1549 2314 1705 2400 pinnatae
1736 2319 1858 2377 mortes
1882 2311 1998 2377 sibitii

213 2442 239 2473 ·.·
292 2421 429 2484 aethera
452 2419 670 2499 vindicarent,
700 2419 867 2505 superavit
893 2419 997 2482 nostri
1021 2419 1178 2483 memoria
1200 2417 1371 2504 principis,
1401 2417 1477 2481 dum
1501 2423 1652 2502 agerent,
1681 2422 1719 2480 ut
1741 2416 1944 2501 singulorum

290 2523 376 2609 apud
408 2544 482 2587 eurn
511 2524 630 2588 merita
660 2544 794 2609 campus
825 2521 1006 2587 adsereret.
1053 2544 1146 2587 versa
1169 2528 1219 2587 est
1240 2523 1273 2586 in
1296 2524 1408 2605 fugam
1431 2522 1519 2587 natio
1543 2521 1656 2606 punita
1679 2520 1829 2606 gravius,
1859 2518 1945 2605 quod

291 2627 404 2691 evasit.
448 2627 547 2691 tellus
571 2626 678 2691 excita
701 2626 834 2690 tremuit
857 2625 1073 2689 concussione
1103 2623 1323 2710 cornipedum.
1366 2645 1438 2688 cum
1463 2625 1587 2709 ingenti
1610 2623 1844 2688 lamentatione
1867 2641 1943 2708 pro·

290 2729 460 2815 parabant,
484 2736 654 2816 postquam
671 2729 822 2794 viderunt
844 2749 908 2793 non
933 2749 1006 2793 esse
1031 2749 1067 2792 se
1090 2727 1208 2792 dubios
1230 2727 1272 2791 de
1295 2728 1411 2793 salute.
1449 2728 1531 2793 caeli
1555 2728 1677 2793 arbiter
1694 2726 1787 2805 deus,
1810 2746 1944 2791 munera

291 2835 420 2898 conlata
449 2836 644 2920 multiplica!
691 2834 737 2897 illi
760 2853 936 2917 numquam
965 2830 1055 2896 dubii
1083 2830 1124 2895 de
1151 2831 1339 2918 triumphis,
1375 2831 1422 2896 illi
1455 2851 1535 2916 quos
1569 2829 1717 2918 suspexit
1748 2830 1946 2895 universitas

214 2959 238 2996 a
291 2937 426 3022 perditis
456 2938 618 3003 bellorum
646 2937 747 3022 signis
775 2942 808 2998 et
836 2936 979 3021 perculsi
1009 2934 1232 3001 incolumitate
1262 2933 1451 3012 discedunt,
1483 2942 1598 3020 terque
1626 2941 1660 2999 et
1688 2940 1805 3019 quater
1827 2930 2091 3034 beatoqufqpn·

292 3061 364 3106 esso
388 3041 594 3106 clamitantes
617 3061 698 3125 quos
721 3045 879 3125 oppetere
899 3040 1105 3124 contigisset.
1144 3037 1221 3122 quid
1243 3044 1371 3123 strages
1387 3039 1525 3103 militum
1542 3039 1708 3102 revolvam
1726 3044 1759 3101 et
1776 3036 1947 3101 Sabiniani
1958 3037 2000 3100 68

291 3144 381 3209 ducis
405 3145 583 3209 abitionem
606 3142 838 3229 turpissimam,
862 3162 936 3206 cum
960 3164 980 3207 a
1001 3143 1129 3207 ratione
1154 3141 1321 3206 dividatur
1344 3150 1496 3206 retexere
1513 3141 1741 3206 exterminatis
1757 3140 1948 3227 patrociniis

292 3247 366 3333 quid
404 3248 552 3313 evenerit
585 3247 776 3311 indefenso?
828 3254 906 3311 tuno
940 3267 983 3311 ne
1018 3244 1183 3310 videretur
1218 3244 1435 3309 celebrandus
1473 3245 1613 3308 saeculis
1646 3243 1750 3308 Pitzie
1785 3262 1849 3306 non
1881 3248 1948 3306 tam

292 3352 450 3416 militasse
474 3351 596 3435 gloriae
619 3371 717 3437 quam
741 3349 928 3436 cupiditati,
952 3350 1047 3434 liquit
1068 3350 1146 3413 loris
1169 3354 1226 3413 aut
1250 3348 1367 3412 avibus
1391 3348 1496 3433 campi
1522 3348 1682 3429 laborem,
1707 3367 1779 3411 eum
1805 3346 1949 3411 ieiunum

216 3473 241 3511 :u
293 3455 430 3518 militem
461 3454 625 3540 opulentis
652 3453 826 3518 detrahere
855 3451 1069 3516 cadaveribus
1098 3450 1180 3515 nihil
1203 3451 1343 3515 iuberet.
1390 3450 1448 3516 sed
1471 3450 1553 3515 haec
1576 3450 1693 3537 quibus
1718 3450 1836 3535 linguis
1860 3449 1949 3513 sulfi·
1962 3455 2004 3517 69

203 3583 222 3623 e·
237 3576 274 3615 ιιι
295 3558 420 3622 cienter
454 3556 649 3643 explicanda
683 3562 780 3619 sunt?
826 3576 891 3641 qua
919 3562 1074 3642 poterunt
1106 3554 1281 3619 facundiae
1316 3554 1390 3619 dote
1426 3556 1585 3619 reserari?
1619 3554 1685 3647 'diu
1717 3560 1753 3618 tu
1782 3552 1887 3617 vicisti
1918 3552 1951 3616 in

292 3661 454 3725 universis
479 3659 710 3745 congressibus
737 3656 845 3743 (tuis),
874 3679 961 3722 nunc
991 3659 1150 3745 incipiens
1175 3659 1207 3722 in
1232 3658 1389 3743 obsequio
1413 3657 1537 3723 habere
1561 3657 1712 3721 victores.
1757 3658 1886 3721 interea
1909 3654 1950 3720 ad

292 3765 427 3829 limitem
452 3785 547 3829 suum
562 3762 713 3827 Romana
736 3783 839 3848 regna
862 3772 1063 3827 remearunt:
1088 3761 1194 3827 dietas
1218 3784 1307 3828 more
1331 3770 1479 3828 veterum
1503 3768 1680 3850 praecepta
1697 3761 1950 3836 Sermionsibus,

295 3867 335 3932 de
359 3870 427 3932 suis
450 3888 510 3954 per
532 3867 736 3932 vicinitatem
759 3873 847 3931 tuam
872 3865 1022 3930 dubitant
1045 3867 1100 3951 qui
1124 3865 1285 3930 hactenus
1310 3872 1419 3930 nostra
1442 3872 1629 3931 tenuerunt.

402 3970 497 4034 XIII.
530 3970 616 4045 Quid
631 3969 808 4055 castigatas
817 3968 1039 4034 Vandalorum
1052 3970 1160 4034 ventis
1175 3969 1366 4056 parentibus
1380 3971 1517 4055 eloquar
1530 3968 1814 4056 depraedationes,
1830 3967 1949 4053 quibus
1963 3977 2004 4039 70

293 4094 350 4158 pro
372 4095 481 4138 annua
502 4075 662 4159 pensione
690 4074 769 4138 satis
793 4079 842 4138 est
865 4074 1007 4138 amicitia
1029 4078 1105 4137 tua?
1150 4072 1283 4157 evagari
1308 4072 1394 4136 ultra
1417 4072 1668 4159 possibilitatem
1691 4071 1843 4135 nesciunt
1865 4068 1948 4135 duce

294 4178 467 4262 sapientia:
492 4176 617 4242 adfines
641 4198 714 4243 esse
737 4183 937 4255 meruemnt,
961 4176 1038 4261 quia
1061 4174 1216 4240 oboedire
1241 4196 1306 4238 non
1329 4175 1488 4240 abnuunt.

401 4281 493 4346 xiv.
527 4280 621 4345 Haec
649 4280 690 4345 de
720 4286 886 4365 gestorum
914 4287 1043 4344 tuorum
1074 4279 1212 4343 cumulis
1243 4279 1347 4343 maior
1369 4285 1444 4343 voto
1474 4299 1571 4363 quarn
1602 4276 1791 4361 eloquentia
1813 4276 1949 4341 strictim
1964 4282 1998 4344 71

294 4385 423 4470 digesta
440 4385 606 4471 replicavi,
630 4384 819 4449 melioribus
837 4384 959 4448 intacta
975 4383 1214 4467 derelinquens.
1254 4381 1366 4446 videro
1384 4383 1456 4467 quis
1472 4403 1523 4446 mc
1539 4381 1648 4445 vineat
1670 4379 1835 4454 facundia,
1856 4400 1952 4444 nemo

236 4513 241 4539 ι
295 4489 380 4553 circa
396 4495 428 4553 te
444 4487 678 4553 transceudere
690 4486 812 4551 valebit
823 4486 955 4552 affectu.
991 4486 1094 4551 habes
1107 4485 1191 4551 banc
1205 4484 1266 4550 deo
1280 4486 1459 4571 inspirante
1474 4483 1768 4555 mansuetudinem.
1784 4489 1821 4548 ut
1832 4489 1865 4548 tc
1878 4483 1951 4569 plus

332 4630 485 4637 —--—.—.-
495 4630 502 4635 .
522 4630 579 4635 -.-.
590 4629 623 4635 ...
644 4628 706 4635 ..-

402 4730 546 4784 ltutilaB
608 4728 753 4781 msrtiusB
850 4727 958 4782 ‘lusam
974 4727 979 4793 Ι
994 4729 1137 4782 initaturB
1236 4728 1419 4782 boohortisB
1482 4725 1688 4796 pemiesbusB¹
1750 4727 1792 4777 aui
1810 4724 1951 4777 ambiam.

294 4817 469 4870 tristemoria
487 4817 555 4880 libri,
576 4815 708 4881 θηκαίῳ
847 4812 865 4865 5
882 4824 913 4867 ut
933 4833 982 4866 om.
996 4816 1075 4868 Sina
1180 4817 1247 4883 pisia
1262 4816 1287 4866 Β
1424 4812 1441 4861 li
1463 4816 1576 4867 ardentis
1598 4813 1795 4866 aduliscentium
1820 4812 1913 4878 impius
1926 4810 1952 4861 B

295 4905 445 4956 meministis
462 4901 536 4965 (del.)
553 4902 558 4967 1
573 4900 762 4952 meministisB
861 4898 1075 4955 leonmsassites
1087 4900 1137 4966 13¹,
1154 4902 1336 4954 conmeassetis
1350 4899 1392 4950 1³2
1410 4909 1475 4952 recte
1491 4902 1553 4964 sort.
1619 4901 1733 4951 absentis
1747 4896 1773 4947 B
1870 4895 1948 4947 deb

295 4991 387 5042 texerit
404 4990 504 5055 scripsi,
521 4989 648 5039 obtixeret
658 4984 707 5050 13¹,
730 4987 862 5038 obtexeret
874 4984 918 5036 132
934 4995 958 5038 et
975 4989 1049 5038 caari
1066 4986 1157 5052 (Vag.
1171 4989 1204 5037 A.
1219 4994 1254 5050 11,
1266 4988 1322 5050 611)
1433 4986 1451 5036 9
1468 4987 1556 5037 iecerit
1567 4987 1590 5047 b,
1608 4987 1701 5037 isseret-
1715 4983 1746 5046 Β,
1763 4985 1858 5035 iaceret
1876 4983 1952 5035 ceteri

296 5076 384 5127 latebit
396 5076 419 5139 b,
436 5075 531 5127 latebat
543 5073 576 5137 Β,
593 5074 684 5125 lateret
700 5073 775 5124 ceteri
880 5069 912 5122 12
930 5073 1112 5139 intelligantB
1217 5072 1250 5123 15
1267 5075 1384 5125 discursu
1398 5073 1501 5133 atomo,
1518 5074 1662 5125 discursum
1675 5072 1734 5122 libri
1839 5068 1872 5121 16
1889 5071 1950 5122 titu-

296 5161 368 5212 babit
382 5159 408 5209 Β
556 5155 587 5208 17
609 5159 721 5209 nationis
740 5157 767 5208 Β
917 5155 950 5208 18
974 5158 1065 5210 similis
1083 5158 1204 5210 BVLTl
1317 5160 1415 5211 Gothos
1436 5158 1545 5220 Horret,
1574 5165 1651 5223 gotus
1667 5155 1757 5219 BVL,
1785 5157 1880 5222 gothus
1897 5157 1955 5220 red,

295 5247 437 5311 (lothump
495 5245 582 5295 uidero
594 5243 697 5305 Hartel,
714 5244 881 5295 auderelibri
977 5241 1009 5295 19
1026 5255 1153 5311 pennatus
1169 5245 1194 5293 V
1280 5244 1318 5298 20
1335 5244 1503 5313 principesB
1593 5241 1628 5294 24
1645 5243 1739 5296 collata
1755 5242 1779 5291 V
1835 5243 1907 5294 dubii
1920 5241 1954 5306 B,

295 5332 460 5383 dnbioestcri
573 5328 608 5379 25
622 5328 831 5381 incolomitateB
908 5328 1039 5381 beanrsB
1153 5327 1186 5380 27
1200 5330 1317 5382 duoesB
1430 5329 1465 5381 28
1481 5328 1641 5382 susneretB
1753 5324 1789 5379 30
1806 5329 1906 5379 laboret
1918 5326 1952 5389 B,

296 5419 398 5469 iuuaret
410 5418 485 5469 ceteri
618 5413 652 5467 31
669 5416 728 5466 doto
746 5412 862 5481 reserari]
881 5415 972 5469 dooere
986 5416 1085 5468 seruari
1095 5414 1120 5465 Β
1250 5416 1285 5467 32
1301 5420 1353 5469 tuis
1365 5436 1413 5469 oar.
1426 5417 1466 5468 Bb
1597 5413 1632 5466 aa
1649 5415 1729 5465 dictas
1742 5413 1774 5476 Β,
1791 5414 1859 5466 diets
1877 5413 1954 5465 ederi

296 5504 473 5555 simsieusibns
495 5501 518 5549 Υ
661 5499 696 5552 35
723 5502 912 5553 uuandalorum
933 5500 958 5549 1⁷
1101 5498 1135 5551 36
1163 5503 1361 5567 ponebilitatem
1384 5503 1410 5553 Β
1557 5498 1590 5550 31
1618 5500 1717 5552 adtlnss
1744 5500 1787 5562 (sd
1812 5500 1840 5549 ia
1861 5499 1909 5563 lit)
1929 5497 1956 5548 B

297 5587 331 5640 39
349 5590 452 5656 degesta
465 5587 490 5638 B
549 5646 553 5654 Ι

1692 5676 1747 5731 2⁴1*
