4500 6232
295 311 373 365 xxu
813 309 831 363 1.
861 308 908 363 1111
928 308 1017 363 VITA
1035 309 1081 363 ΕΤ
1100 308 1262 363 scalpus
1282 307 1432 366 ENNODI.

294 492 367 567 (non
389 483 530 563 duxerat,
552 493 588 547 ιιι
604 508 634 570 p.
655 482 705 548 VI
721 482 936 562 ostendimus),
959 493 1147 549 commotam
1161 504 1238 561 esse,
1260 491 1296 546 ιιι
1314 483 1534 570 sempiternam
1551 485 1763 569 virginitatem
1778 483 1956 572 sponderet

295 590 399 675 itaque
421 588 466 653 ibi
489 610 638 675 sponsam
667 610 755 651 suam
778 588 940 673 parvulam
964 587 1091 652 liliolam
1121 587 1204 651 dixit
1231 598 1261 650 et
1291 609 1325 651 se
1347 588 1450 674 ipsum
1480 598 1629 674 tanquam
1656 587 1886 654 adulescentem
1908 589 1957 653 in·

294 691 398 771 duxit,
433 702 465 756 at
494 714 662 757 secanam
689 698 736 779 (p.
752 695 825 771 283,
839 695 875 771 8)
903 692 1075 779 appellavit
1099 713 1136 754 co
1164 700 1317 778 tempore,
1351 713 1414 777 quo
1440 691 1550 756 morbo
1577 714 1745 779 oppressus
1775 702 1832 757 est
1876 693 1958 758 inter

296 795 457 882 sponsalia
478 805 510 860 et
531 796 675 860 morbum
698 796 835 882 spatium
859 796 970 881 viginti
993 797 1056 859 scre
1078 817 1230 859 aunomm
1253 795 1472 881 interpositum
1495 805 1551 860 est
1589 819 1663 860 num
1686 795 1807 861 tamdiu
1828 796 1957 883 nuptiae

297 899 412 964 dilatae
434 902 526 962 suut?
559 922 598 964 an
621 899 786 965 Ennodius
815 900 864 964 his
887 899 995 963 codem
1019 899 1128 963 morbo
1155 897 1329 963 laborarit?
1362 898 1417 963 sed
1440 921 1501 964 non
1531 901 1632 964 solnm
1655 922 1736 987 quae
1757 901 1789 964 in
1811 900 1957 986 epistulis

298 1025 437 1088 quaeque
459 1003 491 1065 in
514 1002 709 1067 confessione
730 1002 846 1067 tradita
868 1012 942 1067 sunt
947 1051 956 1081 ,
986 999 1218 1087 quodammodo
1241 1001 1322 1065 inter
1343 1023 1377 1066 se
1398 1012 1553 1088 pugnant,
1576 1004 1608 1067 in
1630 1002 1739 1068 eadem
1760 1002 1958 1068 confessione

296 1104 449 1191 quaedam
472 1106 683 1185 inveniuntur,
706 1129 786 1192 quac
807 1107 934 1170 minime
957 1115 1140 1191 congruunt.
1178 1127 1247 1168 cum
1272 1106 1353 1169 enim
1376 1128 1424 1169 res
1447 1107 1492 1170 ita
1512 1107 1704 1193 compositae
1725 1107 1798 1188 sint,
1819 1116 1855 1172 ut
1877 1109 1958 1173 inter

296 1210 457 1296 sponsalia
478 1209 605 1275 Ennodi
635 1220 666 1274 et
688 1209 830 1275 morbum
853 1211 1000 1296 perpauci
1025 1211 1096 1274 anni
1122 1209 1333 1273 intercessisse
1355 1208 1536 1289 videantur,
1566 1220 1595 1274 et
1620 1210 1846 1276 confessionem
1869 1210 1955 1275 illam

297 1313 403 1377 statim
425 1323 499 1399 post
522 1313 733 1378 valetudinem
756 1323 969 1400 recuperatam
1000 1313 1148 1399 scriptam
1170 1334 1240 1376 csse
1262 1310 1377 1376 indicet
1400 1315 1603 1398 (panasei,
1632 1322 1736 1378 tamen
1758 1336 1838 1400 quae
1860 1336 1957 1400 spon-

296 1417 410 1482 salium
433 1418 626 1503 temporibus
649 1418 783 1505 parvula
804 1417 900 1482 liliola
923 1418 1085 1481 etiamtum
1108 1417 1216 1494 fuerat,
1239 1415 1346 1480 eadem
1370 1426 1443 1502 post
1463 1417 1607 1481 morbum
1631 1418 1810 1483 nominatur
1830 1417 1957 1498 ,femina

297 1520 361 1584 dux
385 1521 533 1607 praeclari
557 1522 655 1601 tituli,
683 1545 762 1608 quae
784 1522 893 1606 vigore
915 1521 1108 1585 constantiae
1131 1522 1231 1584 carnis
1256 1529 1330 1584 vota
1352 1518 1527 1606 perdomuit
1551 1531 1581 1584 et
1603 1522 1741 1586 servavit
1763 1520 1956 1608 pudicitiam‘

297 1630 337 1711 (p.
352 1628 475 1704 3013).
519 1647 619 1711 neque
647 1627 750 1690 minus
779 1626 891 1689 minim
922 1633 983 1704 est,
1005 1623 1090 1710 quod
1112 1647 1149 1687 on
1171 1625 1294 1701 morbo,
1323 1635 1396 1710 post
1422 1647 1513 1710 quem
1543 1626 1722 1690 societatem
1745 1648 1816 1690 curn
1839 1647 1957 1712 sponsa

297 1751 355 1793 sua
376 1729 518 1806 resolvit,
549 1738 646 1793 totam
670 1730 829 1794 civitatem
853 1729 923 1793 aliis
946 1738 1076 1793 mortem
1108 1751 1196 1793 suam
1227 1728 1409 1814 optantibus
1435 1727 1506 1792 aliis
1529 1728 1712 1793 timentibus
1741 1729 1955 1815 perturbatam

297 1854 365 1896 esse
387 1830 465 1896 dicit
485 1837 526 1917 (p.
542 1835 615 1911 301,
627 1835 688 1911 37),
711 1856 781 1896 cum
805 1840 878 1896 ante
895 1832 1056 1918 sponsalia
1077 1841 1164 1896 tanta
1187 1840 1322 1916 egestate
1346 1840 1476 1894 vexatus
1499 1840 1590 1909 esset,
1612 1840 1648 1895 ut·
1663 1830 1800 1895 vivendi·
1815 1831 1956 1898 subsidia

296 1945 438 2021 posceret
461 1940 500 2021 (p.
516 1938 589 2013 303,
605 1939 663 2017 ll).
696 1935 774 2000 illud
796 1936 860 1999 lieri
884 1958 944 1999 nou
968 1936 1081 2022 potuit,
1102 1944 1269 2019 antequam
1292 1932 1457 1998 Ennodius
1476 1933 1656 2018 Symmachi
1678 1957 1779 2020 papae
1801 1944 1833 1998 et
1853 1935 1957 2000 Theo-

297 2038 392 2104 derici
414 2039 496 2123 regis
511 2049 615 2124 partes
639 2049 725 2103 tanta
741 2039 835 2104 arrimi
852 2039 1014 2103 voluntate
1036 2039 1198 2123 amplexus
1215 2047 1362 2122 tantaque
1378 2038 1526 2101 orationis
1542 2038 1658 2102 virtute
1673 2047 1793 2102 tutatus
1816 2039 1955 2104 omnium

298 2143 405 2207 oculos
428 2143 460 2206 in
483 2165 517 2206 sc
540 2144 701 2208 convertit.
745 2152 905 2228 tantopere
933 2142 1029 2206 animi
1057 2142 1173 2204 civium
1202 2163 1283 2204 atum
1306 2143 1366 2207 511
1392 2142 1567 2226 pennoven'
1590 2150 1770 2227 pot-uerunt,
1793 2151 1859 2207 tum
1883 2165 1955 2208 cum

299 2245 509 2311 Theodericus
534 2247 601 2333 ipsc
623 2245 662 2310 dc
691 2245 817 2310 Eunodi
846 2244 1024 2310 valetudine
1047 2246 1200 2310 sollicitus
1227 2246 1287 2309 fuit
1309 2250 1348 2331 (p.
1364 2247 1500 2323 300171
1529 2256 1622 2331 attilae
1644 2245 1673 2308 ci
1696 2244 1832 2330 dignitas
1860 2246 1955 2332 legati

298 2350 499 2436 provincialis
521 2350 626 2415 oblata
640 2360 689 2413 est
707 2356 748 2437 (p.
763 2353 836 2428 208,
847 2353 908 2428 27).
938 2349 1071 2435 denique
1095 2359 1130 2414 nt
1151 2350 1217 2413 sine
1233 2349 1417 2434 ambagibus
1432 2347 1535 2413 dicam
1549 2348 1635 2435 qnod
1650 2349 1766 2413 sentio:
1789 2349 1956 2415 Ennodius

297 2453 405 2518 ordine
419 2463 593 2541 temporum
616 2452 655 2517 de
671 2453 824 2518 industria
847 2453 1027 2539 perturbato
1049 2476 1086 2517 ea
1108 2476 1187 2539 quae
1209 2462 1299 2518 autea
1321 2462 1353 2516 ct
1375 2462 1484 2538 postea
1506 2462 1593 2536 gesta
1615 2463 1689 2517 srmt
1710 2453 1901 2539 permiscuit,
1922 2463 1957 2518 ut

296 2557 384 2641 gravi
413 2558 522 2623 morbo
546 2558 566 2621 i.
581 2581 607 2621 e.
635 2556 744 2621 divino
775 2557 922 2621 instinctu
955 2555 995 2620 ad
1022 2556 1160 2620 officium
1181 2556 1424 2621 ecclesiastictun
1454 2555 1688 2643 suscipiendum
1716 2556 1862 2620 incitatus
1888 2578 1957 2620 csse

297 2659 463 2739 videratur,
486 2671 521 2725 ut
541 2660 674 2747 gloriam
696 2661 827 2724 alienun
844 2661 1004 2725 homiuum
1028 2660 1122 2725 simili
1139 2660 1233 2724 modo
1255 2683 1294 2724 ex
1310 2661 1455 2724 vitiouuu
1480 2660 1625 2724 sordibus
1648 2658 1801 2724 advitam
1816 2668 1955 2724 sanctam

298 2773 330 2826 et
351 2762 499 2828 ecclesiae
521 2765 693 2828 ministerio
715 2763 852 2828 deditam
876 2763 1096 2850 perductorum
1119 2764 1349 2850 adipisceretur.
1388 2762 1629 2827 adulescentiam
1653 2785 1741 2827 snam
1764 2761 1864 2827 foedis
1887 2762 1957 2849 pig·

298 2866 409 2930 mentis
425 2865 598 2954 descripsit,
621 2877 657 2932 ut
676 2868 829 2954 posterior
849 2878 935 2931 aetas
958 2889 995 2930 eo
1018 2867 1201 2931 clarioribus
1225 2865 1381 2929 coloribus
1405 2864 1588 2951 splenderet
1621 2888 1680 2951 pro
1694 2866 1838 2953 exemplo
1853 2875 1956 2931 autem

298 2968 359 3033 sibi
381 2980 586 3056 proposuerat
607 2971 779 3056 Augustini
803 2970 1030 3049 confessiones,
1057 2993 1120 3035 non
1143 2969 1268 3034 Paulini
1291 2969 1532 3055 Burdogalensis
1555 2970 1809 3049 eucharisticum,
1830 2978 1865 3033 ut
1887 2968 1958 3034 vult

299 3070 494 3138 Sirmondus.
538 3097 611 3138 nam
638 3072 803 3138 Ennodius
826 3074 894 3160 ipse
916 3074 1001 3139 illam
1030 3074 1114 3139 vitae
1141 3096 1216 3139 suae
1245 3072 1483 3160 descriptionem
1511 3074 1686 3138 nominavit
1712 3073 1957 3151 ,consessionem‘

299 3185 339 3263 (p.
354 3180 427 3258 302,
439 3182 507 3258 3213
530 3202 625 3266 quare
647 3179 698 3244 hic
719 3179 829 3243 titulus
849 3177 1069 3264 praeferendus
1092 3178 1208 3242 catilli
1230 3178 1477 3257 ,eucharisticum
1494 3176 1534 3241 de
1549 3178 1616 3242 vita
1631 3184 1705 3258 sua‘,
1727 3199 1820 3263 quem
1842 3176 1958 3243 indidit

299 3281 494 3348 Sinnondus.
529 3284 633 3369 itaque
655 3283 715 3347 hoc
736 3282 821 3368 quod
844 3281 969 3347 videtur
990 3305 1059 3348 esse
1075 3281 1253 3346 discrimine
1276 3282 1356 3347 inter
1377 3281 1526 3367 epistulas
1549 3291 1580 3345 et
1593 3282 1818 3346 mnfessioncm
1842 3280 1956 3346 adduci

299 3409 362 3451 non
385 3387 548 3466 debemus,
589 3396 624 3450 ut
650 3409 730 3472 quae
759 3384 798 3450 de
830 3385 957 3450 Ennodi
985 3384 1096 3450 morbo
1124 3386 1292 3450 statuimus
1326 3383 1552 3450 rescindamus:
1584 3385 1616 3449 in
1646 3385 1841 3450 confessione
1873 3385 1958 3450 facta

298 3499 329 3553 ct
357 3491 429 3556 ficta
451 3491 675 3577 permiscentur
695 3500 728 3554 et
749 3500 896 3576 tanquam
919 3490 950 3554 in
976 3488 1084 3555 tabula
1112 3512 1161 3554 res
1192 3489 1284 3574 longe
1314 3488 1466 3554 distantes
1494 3490 1591 3554 atticis
1614 3488 1846 3554 contrahuntur.

403 3595 481 3659 Plus
507 3595 602 3659 etiam
623 3617 717 3681 quam
745 3593 786 3659 ad
816 3594 1044 3659 confessionem
1065 3593 1192 3659 Ennodi
1221 3592 1458 3679 intellegendam
1490 3594 1617 3658 interest
1645 3592 1685 3658 ad
1712 3594 1879 3680 epistulam
1901 3591 1958 3657 ad-

301 3699 480 3764 monitionis
504 3699 674 3763 Ambrosio
696 3708 727 3763 ct
748 3699 849 3763 Beato
877 3699 1005 3763 missam
1027 3705 1088 3784 (op.
1111 3697 1264 3778 CDLHl,
1293 3707 1329 3762 ut
1355 3706 1493 3785 tempus,
1520 3720 1583 3784 quo
1611 3699 1642 3762 in
1666 3697 1809 3761 morbum
1837 3694 1957 3776 incidit,

299 3803 495 3890 exploratum
518 3803 568 3867 sit
612 3801 748 3882 Usener,
777 3802 829 3888 qui
852 3801 928 3887 quid
950 3800 1099 3888 ponderis
1122 3802 1168 3866 illi
1190 3801 1343 3888 epistulae
1364 3801 1493 3881 inesset,
1514 3810 1597 3865 recte
1617 3800 1785 3888 perspexit,
1808 3799 1958 3887 scriptam

299 3929 367 3972 eam
391 3908 471 3971 inter
493 3929 592 3971 annos
615 3912 678 3973 505
700 3914 731 3969 et
753 3909 816 3973 509
838 3927 907 3970 esse
929 3904 1092 3969 contendit
1113 3903 1243 3987 (Anecd.
1258 3901 1392 3968 Holderi
1415 3927 1445 3991 p.
1458 3909 1478 3971 o
1491 3915 1523 3969 et
1539 3907 1599 3982 10).
1633 3903 1689 3968 sed
1712 3913 1747 3967 ut
1767 3902 1850 3983 inde,
1870 3902 1957 3990 quod

299 4011 413 4075 Festus
440 4020 472 4074 et
501 4010 676 4087 Probinus,
702 4010 756 4095 qui
778 4031 877 4095 usquc
904 4007 945 4073 ad
967 4032 1083 4074 annum
1114 4014 1177 4077 506
1201 4009 1250 4073 vel
1274 4011 1336 4075 507
1366 4009 1507 4072 acerrimi
1535 4007 1713 4093 Symmachi
1736 4030 1837 4094 papae
1863 4016 1958 4094 atquc

301 4112 371 4177 ideo
392 4115 485 4178 etiarn
509 4113 635 4178 Ennndi
659 4111 830 4177 adversarii
851 4112 985 4191 firenrnt,
1006 4112 1058 4177 hic
1079 4123 1115 4177 ut
1136 4112 1228 4178 amici
1251 4109 1397 4176 laudibus
1419 4111 1579 4191 tollantur,
1601 4111 1685 4176 illam
1705 4112 1870 4199 epistulam
1893 4134 1957 4177 non

300 4240 382 4281 anno
406 4221 469 4285 505
496 4238 595 4303 neque
627 4216 732 4280 statim
763 4226 836 4302 post
864 4217 1013 4302 scriptam
1048 4239 1116 4282 csse
1147 4215 1331 4281 concludere
1364 4213 1529 4294 debemuS,
1569 4217 1612 4280 ita
1638 4216 1724 4296 finis,
1755 4217 1838 4282 ultra
1863 4238 1957 4303 quem

300 4320 485 4407 opusculum
508 4320 656 4385 constitui
680 4327 780 4399 vetat,
809 4342 919 4406 parum
941 4330 1044 4385 ccrtrts
1075 4319 1206 4387 videtur.
1250 4342 1377 4385 causam
1399 4320 1541 4407 quidem,
1571 4344 1626 4385 cur
1653 4344 1716 4385 non
1744 4330 1819 4409 post
1840 4342 1957 4385 anntnn

301 4427 364 4491 500
387 4433 490 4488 ortum
511 4445 580 4488 esse
601 4424 711 4511 possit,
733 4423 814 4488 hanc
836 4423 913 4488 dicit
933 4423 1017 4488 lraud
1033 4425 1250 4512 spernendam,
1271 4424 1356 4511 quod
1379 4424 1406 4489 si
1430 4448 1512 4490 anno
1535 4428 1598 4491 510
1612 4425 1662 4490 vel
1678 4434 1789 4510 postca
1804 4424 1957 4510 scripturn

301 4537 391 4607 esset,
415 4528 538 4609 Boethi,
560 4528 614 4614 qui
638 4526 755 4592 ibidem
776 4526 931 4607 laudatur,
954 4529 1136 4594 consulatus
1158 4529 1276 4594 mentio
1298 4527 1407 4593 deesse
1428 4551 1490 4592 non
1513 4537 1629 4615 posset.
1674 4538 1708 4592 at
1729 4550 1799 4592 cum
1822 4526 1957 4607 libellus,

300 4630 424 4718 dequo
446 4632 557 4718 agitur,
581 4633 751 4697 Ambrosio
773 4641 805 4696 ct
826 4633 934 4714 Beato,
957 4635 1010 4720 qui
1025 4634 1145 4699 Romae
1166 4634 1258 4699 honis
1281 4634 1400 4698 artibus
1423 4655 1549 4720 operam
1573 4631 1699 4713 dabant,
1723 4631 1884 4698 dedicatus
1907 4634 1957 4713 sit,

301 4736 504 4801 Ambrosium
527 4747 722 4801 autemeam
745 4738 823 4817 aliis,
846 4738 898 4824 qui
922 4738 1041 4803 Itoniae
1064 4739 1257 4819 habitabant,
1278 4748 1344 4803 tum
1366 4738 1507 4802 Prohinc
1528 4736 1694 4802 Ennodius
1717 4747 1790 4823 post
1812 4735 1955 4801 morbum

301 4862 392 4904 suum
416 4841 923 4930 commendaverittp.295,131,
952 4854 1023 4932 post
1046 4844 1163 4909 lulium
1193 4845 1266 4910 anni
1289 4848 1349 4912 511
1375 4845 1541 4932 epistulam
1563 4843 1785 4908 didascalicam
1808 4845 1956 4931 scriptam

302 4967 371 5010 csse
393 4945 424 5008 in
455 4955 603 5032 promptu
631 4957 688 5011 est.
733 4969 832 5033 neque
858 4957 959 5012 arrtcm
993 4949 1090 5014 multo
1118 4959 1192 5035 post
1218 4949 1334 5013 Iulium
1364 4952 1423 5015 511
1453 4971 1521 5014 carn
1549 4949 1755 5036 compositam
1785 4970 1853 5012 esse
1884 4947 1957 5012 hinc

300 5049 446 5114 efficitur:
474 5048 639 5115 Ennodius
669 5050 764 5115 niodo
791 5073 830 5114 cx
859 5052 968 5115 morbo
995 5053 1157 5118 restitutus
1184 5054 1342 5118 Barbarae
1369 5054 1537 5139 scripserat
1558 5060 1598 5140 (p.
1615 5056 1687 5132 281,
1699 5056 1767 5130 23>2
1798 5051 1957 5138 ,promitto

301 5152 376 5216 mihi
400 5162 433 5217 ct
454 5152 618 5218 ‹lesidcriis
641 5155 731 5233 meis,
763 5153 848 5239 quod
877 5177 948 5219 cum
977 5156 1125 5220 felicitato
1147 5167 1251 5221 vestra
1280 5166 1311 5220 ct
1339 5156 1455 5241 gaudio
1485 5156 1523 5221 ad
1554 5158 1771 5221 crimitatcnscs
1800 5155 1957 5234 excubias,

301 5279 381 5341 (pirae
403 5257 486 5322 votis
509 5258 586 5322 meis
609 5258 796 5336 satisfaciat,
819 5258 955 5343 dignitas
983 5258 1096 5346 adepta
1119 5283 1176 5325 vos
1198 5269 1307 5325 cuooet
1381 5259 1510 5324 videant
1531 5261 1613 5326 hona
1637 5261 1797 5326 Romanae
1819 5259 1957 5324 civitatis

303 5360 481 5445 provinciae.
503 5371 543 5440 et,
565 5383 645 5447 quac
668 5361 795 5425 nmrritis
819 5362 872 5425 rix
895 5361 1109 5442 instituuntur,
1139 5363 1298 5449 perbona
1320 5384 1399 5448 quac
1421 5363 1512 5426 vohis
1535 5362 1612 5428 deus
1633 5364 1765 5428 contulit
1785 5363 1958 5426 fomrcntur

301 5465 461 5553 exemplis‘
486 5507 521 5514 -
551 5477 644 5553 atque
673 5466 842 5531 simillimis
871 5466 975 5530 verbis
1001 5467 1129 5533 candem
1160 5469 1306 5533 feminam
1336 5468 1366 5531 in
1394 5467 1530 5553 epist-ula
1556 5467 1746 5532 didascalica
1774 5465 1959 5531 adhortatur

301 5574 341 5655 (p.
357 5571 508 5651 315,15):
537 5571 639 5650 ,velim
663 5570 748 5636 illam
772 5571 917 5635 omnibus
939 5570 1051 5637 Italiae
1077 5572 1219 5661 partibus
1248 5571 1451 5639 imitationem
1474 5571 1629 5659 praeterii,
1659 5581 1795 5657 atquae
1816 5592 1879 5634 non
1902 5566 1958 5634 ad-
