4500 6232
894 277 981 331 vlTn
1001 276 1157 331 EPIFANI.
1815 279 1857 341 39

107 478 129 522 r·
145 471 185 513 sss
201 454 300 519 istum
321 474 387 517 nou
408 459 560 539 oportere
583 474 643 539 pre
667 451 785 515 aetatis
801 451 1022 517 inmaturitate
1037 451 1165 515 censeri
1182 471 1242 513 nec
1257 448 1379 513 debere
1395 450 1505 532 gravis
1527 449 1655 514 consilii
1671 450 1857 513 hominibus

201 564 331 622 teneres
351 577 410 642 pro
427 556 567 641 quadam
583 556 679 620 obice
696 575 798 619 annos
814 553 945 618 adferri.
983 553 1032 616 vir
1048 575 1188 638 namque
1212 574 1294 616 cana
1316 573 1442 616 morum
1465 554 1655 637 integritate
1678 552 1857 638 probabilis

200 660 364 746 geminata
396 659 493 725 laude
526 660 643 746 diguus
675 666 741 737 est,
777 660 803 723 si
835 659 883 724 illi
917 658 958 724 ad
988 659 1176 724 venerabile
1214 658 1332 723 mentis
1366 659 1537 744 imperium
1574 658 1701 744 puerile
1739 679 1855 743 corpus

200 768 416 850 optemperet.
461 763 534 828 vive
557 769 743 844 tutamen,
766 762 855 843 vive,
879 762 1065 848 exemplum
1088 767 1122 827 et
1144 762 1249 825 forma
1271 761 1430 825 bonorum
1453 784 1606 848 operum,
1631 768 1664 825 et
1687 759 1856 825 uberiores

134 896 147 931 s
200 868 234 932 iu
257 887 311 946 eo,
341 867 370 932 si
392 865 500 931 adhuc
527 873 663 951 possunt
685 888 850 946 creseere,
882 866 1009 944 lucidae
1033 867 1288 930 conversationis
1317 866 1443 929 fructus
1472 865 1634 952 adiunge’.
1680 866 1731 930 his
1761 863 1910 929 dictis39

199 969 366 1036 conticuit.
411 977 446 1033 at
468 970 524 1036 ille
547 970 713 1056 piissimus
736 970 884 1057 pontifex
906 970 1149 1035 benivolentiae
1174 970 1244 1034 eius
1267 968 1449 1055 inpendens
1472 971 1611 1054 gratias,
1634 966 1720 1054 qnod
1744 989 1855 1032 secum

199 1072 271 1159 pari
298 1071 339 1136 de
368 1071 528 1159 discipule
556 1075 784 1138 aestimatione
816 1074 967 1152 sentiret,
1000 1073 1086 1137 dicto
1114 1073 1187 1137 vale
1217 1071 1368 1137 discessit
1400 1079 1499 1158 atque
1522 1072 1671 1137 Ticinum
1701 1071 1793 1157 quasi
1815 1069 1857 1134 ad

200 1175 412 1263 sepulchrum
434 1175 593 1242 festinans
617 1198 786 1263 regressus
810 1183 872 1242 est.
899 1179 972 1263 qui
994 1177 1170 1263 aliquantis
1199 1175 1316 1241 diebus
1347 1177 1490 1241 emensis
1520 1176 1631 1241 morbo
1662 1176 1753 1260 regio
1782 1195 1857 1260 per-

201 1279 294 1345 fusus
317 1280 424 1344 lucem
448 1280 570 1345 saeculi
592 1283 695 1346 nestri
718 1302 860 1367 superna
883 1280 1085 1346 habitatione
1109 1281 1331 1346 commutavit.

125 1409 150 1447 n
311 1382 365 1447 Ex
386 1390 535 1469 tempore
557 1384 589 1448 in
612 1385 675 1449 isto
698 1384 859 1449 benorum
882 1384 1024 1449 omnium
1048 1406 1230 1449 consensus
1259 1383 1440 1463 adducitur,
1472 1404 1611 1469 magnus
1633 1383 1707 1447 ilico
1730 1383 1764 1446 in
1787 1386 1856 1446 tota
1868 1380 1910 1439 40

200 1487 280 1552 urbe
313 1507 503 1552 concursus.
556 1488 680 1573 rapitur
710 1511 730 1552 a
761 1488 996 1553 lamentatione
1032 1488 1163 1554 funebri
1204 1489 1236 1552 in
1276 1488 1430 1574 gaudium
1469 1487 1581 1573 populi
1620 1485 1859 1551 consecrandus

200 1593 350 1658 antistes.
396 1592 496 1657 flebat
520 1593 582 1658 iste
611 1593 868 1681 intemperanter
890 1593 999 1658 dolore
1023 1595 1134 1659 mortis
1158 1599 1332 1678 paternae,
1364 1593 1416 1656 cui
1439 1590 1531 1656 reddi
1555 1589 1684 1655 debitas
1707 1589 1858 1653 lacrimas

201 1698 405 1783 promiscuae
430 1696 643 1761 multitudinis
665 1697 793 1762 laetitia
812 1719 876 1761 non
895 1699 1033 1763 sinebat.
1071 1697 1248 1762 resistebat
1266 1698 1298 1760 in
1320 1703 1476 1782 quantum
1493 1700 1623 1780 poterat
1639 1700 1672 1758 et
1689 1692 1858 1778 indignum

203 1820 240 1865 ss
268 1800 333 1865 iarn
362 1800 543 1885 apostolica
571 1801 752 1866 imitatione
784 1801 987 1865 clamitabat:
1022 1800 1080 1866 sed
1111 1806 1240 1865 tantum
1269 1801 1373 1886 magis
1406 1797 1562 1884 surgebat
1589 1796 1622 1860 in
1654 1817 1693 1862 eo
1724 1795 1858 1860 dilectio

125 1925 148 1963 u
202 1909 403 1981 cunctorum,
426 1909 583 1988 quantum
606 1906 640 1969 in
662 1904 870 1971 multitudine
892 1925 1013 1990 magna
1036 1904 1125 1968 solus
1149 1910 1229 1983 erat,
1253 1904 1308 1988 qui
1325 1926 1361 1968 se
1377 1903 1537 1968 vocitaret
1552 1899 1733 1985 indignum.
1771 1898 1905 1963 000041

203 2007 282 2093 quid
310 2007 455 2093 pluribus
485 2014 569 2082 utar,
597 2010 651 2093 qui
678 2010 787 2074 omnia
814 2009 981 2095 explicare
1005 2029 1070 2072 non
1096 2009 1208 2072 valeo?
1254 2007 1464 2071 finitimarum
1487 2004 1657 2069 civitatum
1680 2003 1860 2087 iunguntur

204 2108 312 2176 studia
336 2116 370 2175 et
392 2108 575 2175 adtrahitur
596 2117 692 2176 tanta.
704 2111 867 2191 collectio,
889 2132 928 2175 ae
944 2111 971 2174 si
987 2110 1164 2174 initiandus
1181 2118 1270 2176 esset
1287 2111 1387 2175 totius
1405 2109 1491 2174 orbis
1507 2109 1694 2194 episcopus.
1730 2106 1861 2170 ducitur

112 2242 133 2283 r·
146 2234 187 2274 00
204 2213 424 2280 Mediolanum
445 2213 551 2279 adhuc
568 2215 733 2280 reluctans
749 2223 783 2280 et
799 2236 918 2300 magna
935 2214 962 2277 si
986 2213 1206 2278 dimitteretur
1228 2234 1364 2278 munera
1388 2212 1593 2298 premittens,
1617 2209 1672 2296 qui
1695 2215 1732 2272 ut
1754 2209 1858 2287 fieret,

202 2317 308 2383 noluit
331 2316 492 2404 spondere
515 2319 569 2383 vel
592 2318 735 2383 minima.
779 2324 989 2384 consecratur
1013 2339 1086 2382 cum
1110 2317 1197 2381 omni
1221 2316 1414 2381 celebritate
1438 2320 1639 2379 cunctorum.
1686 2313 1858 2378 exultabat

125 2444 149 2482 ss
203 2420 340 2487 mundus
362 2420 403 2486 de
426 2428 493 2486 tam
518 2428 652 2487 sanctae
675 2421 886 2486 ordinationis
908 2420 1103 2506 insignibus.
1143 2426 1374 2485 extranearum
1399 2418 1602 2483 habitatores
1623 2416 1750 2482 urbium
1766 2415 1912 2480 tantali

202 2546 239 2591 se
270 2523 410 2611 tripudio
445 2524 628 2605 iactabant,
661 2527 753 2611 quasi
783 2525 863 2609 ipsis
892 2524 1024 2610 proprie
1055 2524 1245 2609 profuturus
1275 2522 1394 2586 infulas
1425 2520 1648 2586 sacerdotales
1681 2520 1859 2604 exceperit.

202 2627 329 2713 aliquos
352 2634 463 2692 tamen
487 2648 678 2714 magnarum
702 2627 831 2693 urbium
855 2627 982 2691 incolas
1006 2626 1090 2690 edax
1114 2625 1330 2690 consumebat
1345 2624 1477 2704 invidia,
1502 2623 1588 2709 qued
1605 2630 1730 2688 tantum
1747 2622 1860 2708 oppidi

201 2729 385 2796 Ticinensis
408 2733 560 2817 angustia
582 2731 704 2797 habere
727 2731 903 2796 meruisset
925 2729 1114 2801 antistitem,
1138 2750 1212 2794 cum
1235 2728 1321 2814 apud
1345 2729 1434 2815 ipsos
1458 2729 1528 2793 sola
1548 2727 1720 2814 pontifices
1736 2733 1858 2790 metro-

203 2835 368 2921 politanae
390 2835 567 2902 iactantiae
592 2836 750 2901 voeabula
772 2840 952 2900 tuerentur.

312 2937 441 3003 Exacto
464 2959 544 3025 ergo
570 2938 785 3005 dedicationis
810 2958 889 3002 suae
913 2936 966 3001 die
990 2935 1140 3000 Ticinum
1164 2934 1260 2999 rediit
1290 2935 1545 3020 convocatisque
1574 2933 1736 2997 universis
1765 2953 1857 3017 pres·
1872 2931 1913 2991 -13

203 3041 328 3128 byteris
351 3063 389 3107 ac
412 3043 568 3108 ministris
591 3042 713 3108 talibus
736 3063 792 3106 eos
814 3040 970 3105 instruxit
994 3047 1026 3103 et
1050 3038 1248 3103 confortarit
1271 3036 1445 3122 adloquiis:
1471 3037 1630 3122 ‘quamvis
1653 3057 1716 3117 me,
1740 3036 1858 3099 fratres

203 3145 376 3227 carissimi,
412 3146 497 3211 inter
525 3145 701 3233 primordia
730 3145 892 3209 inmatura
920 3141 1118 3207 titubantem
1148 3140 1260 3205 iudicii
1290 3141 1392 3206 vestri
1422 3148 1456 3205 et
1485 3147 1657 3225 susceptae
1690 3138 1860 3223 dignitatis

202 3248 331 3336 pondus
355 3250 571 3337 oppresserit,
601 3249 734 3314 memini
758 3255 867 3313 tamen
891 3245 977 3332 quod
1002 3267 1122 3331 magua
1145 3245 1271 3331 gratiae
1294 3252 1426 3310 vestrae
1454 3242 1612 3313 debeam,
1642 3241 1693 3306 cui
1717 3240 1861 3304 maxima

204 3352 398 3418 contulistis.
444 3359 478 3417 et
500 3353 579 3417 licet
601 3351 737 3438 parendi
760 3350 853 3415 vobis
876 3351 980 3436 magis
1004 3371 1101 3436 quarn
1130 3349 1264 3414 iubendi
1293 3348 1463 3413 habuerim
1487 3347 1704 3425 voluntatem,
1736 3343 1860 3408 mutavi
1874 3348 1913 3407 44

205 3463 316 3522 tamen
345 3478 405 3543 per
434 3457 576 3522 efficium
604 3477 778 3543 persenam
811 3455 992 3533 serviendi,
1025 3455 1168 3517 animum
1199 3474 1261 3517 nou
1290 3451 1394 3516 omisi.
1440 3455 1546 3515 estote
1578 3448 1721 3535 pacifici,
1753 3453 1860 3512 estote

204 3559 403 3635 unianimes;
433 3580 515 3625 onus
537 3581 646 3625 meum
669 3580 796 3624 mecum
819 3557 967 3623 dividite.
1012 3557 1048 3620 fit
1072 3557 1158 3621 enim
1182 3555 1224 3620 ad
1247 3555 1441 3641 portandum
1465 3553 1572 3618 facilis
1596 3552 1738 3630 sarcina,
1763 3571 1859 3637 quam

205 3663 380 3729 multorum
404 3664 489 3729 colla
512 3670 707 3730 sustentant.
745 3683 852 3729 meam
867 3661 961 3725 vobis
978 3661 1237 3725 communionem
1257 3657 1450 3724 servandam
1466 3678 1540 3721 eum
1562 3655 1651 3720 omni
1674 3653 1859 3719 humilitate

204 3767 373 3852 polliceor,
395 3786 502 3852 neque
525 3765 670 3832 futurum
694 3787 768 3831 esse
792 3785 987 3852 quenquam,
1009 3764 1065 3848 qui
1081 3785 1145 3843 me,
1168 3763 1229 3827 nisi
1247 3783 1320 3827 cum
1337 3760 1399 3825 deo
1415 3765 1537 3836 nostro,
1560 3758 1666 3845 possit
1681 3756 1859 3822 offendere.

117 3895 188 3945 asu
206 3877 373 3936 auctorem
397 3868 557 3935 bonorum
585 3891 720 3956 operum
748 3875 878 3935 servate
907 3867 1109 3954 pudicitiam3
1142 3873 1175 3931 et
1196 3887 1237 3930 ne
1261 3863 1453 3928 iniuriosum
1482 3863 1605 3948 putetis
1628 3860 1715 3947 quod
1739 3859 1857 3946 grand·
1873 3865 1913 3925 45

129 3991 153 4031 &⁸
204 3994 304 4039 sevos
327 3980 361 4038 et
383 3972 595 4060 presbyteros
619 3971 659 4038 de
683 3973 886 4038 continentia
902 3979 936 4038 et
957 3972 1146 4056 integritate
1169 3966 1330 4034 servanda
1349 3988 1432 4052 puer
1454 3966 1615 4053 appellat:
1640 3965 1858 4039 conversatio.

205 4096 268 4142 non
297 4077 389 4157 anni,
418 4083 475 4142 aut
505 4075 762 4141 adulescentiam
789 4076 897 4161 aperit
927 4082 983 4139 aut
1006 4080 1185 4139 senectam.
1231 4070 1445 4157 speculamini
1477 4090 1571 4133 meae
1600 4067 1859 4134 conversationis

205 4177 333 4245 interna
363 4185 411 4254 et,
447 4181 474 4244 si
501 4178 669 4266 indignum
700 4177 822 4265 aliquid
850 4176 1047 4263 agnoscitis,
1081 4181 1242 4240 coercete.
1295 4195 1391 4239 nemo
1420 4181 1457 4238 ut
1487 4171 1649 4238 ccclesiae
1680 4171 1860 4257 principem

205 4282 383 4349 admonere
406 4283 531 4365 timeat,
555 4285 583 4349 si
606 4282 724 4370 probat
747 4279 933 4348 errantem'.
978 4279 1030 4343 his
1054 4278 1100 4343 ita
1122 4278 1217 4342 dictis
1241 4278 1407 4343 conticuit.
1453 4281 1667 4341 surrexerunt
1690 4296 1804 4340 omues
1828 4281 1863 4338 ct
1875 4276 1915 4338 46

206 4407 350 4453 consona
374 4386 468 4474 quasi
491 4408 535 4453 ex
556 4386 695 4473 pristina
716 4384 946 4465 meditatione,
976 4384 1036 4449 sub
1060 4388 1289 4447 momentanea
1312 4388 1421 4446 tamen
1444 4400 1525 4444 voce
1554 4379 1722 4444 dixerunt:
1755 4378 1861 4454 ‘bava

207 4496 302 4576 pater
330 4490 575 4577 probatissime,
606 4490 690 4555 have
720 4489 867 4574 pontifex
895 4487 1082 4573 singularis.
1128 4486 1249 4550 bouum
1279 4492 1312 4550 te
1340 4485 1471 4569 quidem
1502 4483 1728 4548 universorum
1760 4480 1863 4546 sensit

207 4594 341 4673 electio,
372 4593 431 4660 sed
459 4594 617 4681 optimum
646 4593 744 4658 ctiam
767 4599 824 4657 tua
846 4597 1010 4657 testantur
1034 4589 1187 4673 alloquia.
1233 4589 1355 4654 crescis
1380 4588 1502 4654 sanetis
1525 4587 1651 4653 meritis
1673 4586 1760 4672 apud
1782 4605 1860 4650 con-

209 4771 592 4781 .--—-—-·---—-—--
604 4770 620 4777 -

310 4907 328 4960 2
345 4910 483 4977 propabilia
494 4908 519 4960 B
524 4917 539 4946 α
659 4902 677 4955 4
696 4900 890 4968 obtemperstV
1008 4896 1024 4951 'l
1042 4899 1229 4951 existimatione
1242 4900 1256 4950 b
1338 4894 1415 4964 dicte]
1439 4897 1498 4948 data
1509 4896 1547 4960 Β,
1569 4897 1627 4948 dato
1647 4895 1735 4948 Sabate
1752 4903 1776 4946 et
1793 4893 1862 4945 Bell.

208 4993 242 5046 10
258 5003 405 5063 extempors
421 4994 455 5058 Β,
477 4996 604 5061 externplo
621 4990 711 5055 Vlla,
733 4986 850 5055 exemplo
867 4985 930 5039 wc
1013 4986 1062 5037 isto
1079 4984 1112 5049 B,
1134 4985 1211 5036 istum
1230 4984 1305 5035 seara·
1391 4999 1498 5049 magnos
1510 4982 1536 5032 Β
1676 4981 1708 5033 12
1724 4982 1826 5033 antistis
1839 4980 1864 5030 B

207 5081 300 5134 debitis
311 5081 357 5132 13⁶
408 5081 506 5133 debitas
522 5081 621 5146 aliquas
639 5078 757 5130 lacrimas
766 5072 825 5125 Plo
924 5068 956 5122 lt
968 5071 1104 5123 attrahitur
1116 5070 1140 5119 V
1235 5068 1266 5120 18
1277 5070 1304 5119 iu
1318 5068 1489 5120 mediolanum
1503 5068 1548 5119 Vt
1554 5066 1638 5120 T1c'1’
1731 5065 1764 5118 19
1776 5067 1863 5119 celeri·

206 5165 323 5219 tsteBT
433 5163 466 5216 21
486 5162 683 5232 trepudiumBl
762 5160 854 5212 insulas
865 5159 890 5209 B
967 5157 1096 5224 exceperit
1105 5155 1138 5220 B,
1155 5156 1285 5223 exciperet
1296 5154 1371 5207 ceteri
1487 5151 1522 5206 ‘23
1539 5156 1682 5207 antestitem
1693 5153 1719 5204 B
1797 5150 1863 5220 sols]

207 5254 262 5306 0010
277 5253 324 5305 B⁶
417 5251 643 5318 mstropohutsnse
658 5249 684 5300 B
822 5245 857 5297 25
874 5245 1021 5313 prespiteris
1037 5243 1062 5293 B
1200 5239 1234 5293 26
1250 5242 1369 5309 alloquiis
1389 5242 1412 5291 V
1546 5239 1579 5292 ‘27
1598 5241 1720 5293 carissimi
1739 5280 1784 5292 ...
1804 5241 1863 5292 titu-

207 5340 311 5393 bsntsm
327 5339 357 5390 in
373 5354 422 5405 sep.
439 5338 488 5404 inf.
507 5338 592 5404 suppl.
604 5335 648 5387 132
728 5337 871 5386 inmaturae
883 5331 920 5395 B,
941 5332 1076 5382 immature
1090 5330 1159 5381 Bell.
1281 5327 1315 5380 ‘28
1332 5327 1410 5396 qnod]
1433 5329 1495 5394 quid
1512 5327 1590 5381 Siras.
1672 5344 1766 5394 magna
1783 5344 1831 5378 em,
1849 5328 1864 5377 b

206 5422 242 5477 29
253 5424 369 5479 hsberim
380 5441 437 5491 usp.
448 5424 493 5474 lin.
506 5440 524 5474 u
533 5423 558 5474 B
641 5420 677 5474 30
688 5423 763 5473 amisi
773 5421 851 5474 Sirra.
864 5421 966 5474 etBoll.
1046 5418 1077 5469 31
1092 5419 1226 5470 unanimes
1239 5416 1296 5469 rte
1383 5414 1417 5467 33
1427 5431 1581 5482 quemquam
1595 5413 1618 5463 V
1699 5409 1735 5463 34
1745 5412 1863 5480 operum]

206 5513 323 5567 (00010οι
338 5508 417 5564 ΒΜ
509 5511 604 5578 putetis
621 5509 668 5577 (pn
686 5511 714 5560 iss
726 5509 775 5575 sa.)
788 5509 813 5560 B
942 5504 977 5559 36
994 5505 1189 5558 adolescentiam
1207 5504 1255 5566 V‘,
1277 5503 1468 5555 adolisosntism
1486 5501 1512 5552 B
1642 5496 1676 5550 37
1698 5500 1828 5566 agnoscite
1840 5499 1865 5550 Β

206 5598 318 5653 uus
331 5594 424 5661 Vlffi,
439 5594 601 5649 mercitssB
670 5591 708 5662 ut]
727 5595 770 5647 vsl
787 5596 839 5648 sive
856 5602 883 5649 st
898 5595 988 5646 molas
1096 5588 1130 5643 39
1150 5592 1215 5643 bsbe
1226 5588 1260 5654 B,
1276 5607 1325 5642 sne
1344 5590 1401 5642 TOb
1505 5584 1538 5640 41
1557 5603 1675 5640 crescens
1686 5585 1712 5637 Β
