4500 6232
230 2676 241 2712 5

799 263 867 320 CDL
887 264 1008 333 (GARM.
1027 266 1052 329 Β,
1071 266 1141 335 150),
1161 266 1243 321 culn
1261 267 1364 334 (ulcu.
1384 268 1436 332 13).

938 524 1024 594 (llll,
1047 526 1154 612 (canu.
1170 530 1201 607 2,
1220 525 1306 610 150).

401 623 481 734 Qui
504 656 639 719 miratur
662 653 762 718 officii
784 655 941 718 terminos
964 655 998 717 in
1022 654 1198 717 amicorum
1221 675 1273 718 mc
1302 654 1453 718 laudibus
1483 675 1665 739 egressum,
1700 656 1823 720 recolat
1851 676 1948 741 quam

292 760 459 844 inperiosa
482 766 533 822 est
556 779 687 844 semper
710 758 841 823 affectio
864 780 925 822 nec
955 778 1074 843 parcns
1104 759 1265 843 propositi
1295 758 1425 842 legibus
1450 759 1497 821 vis
1521 758 1648 822 amoris.
1695 764 1727 820 et
1750 759 1896 844 profecto
1920 761 1949 823 si

293 863 370 927 facti
394 863 457 926 mei
481 862 640 927 rationem
664 869 810 946 quaerat,
835 861 1029 946 religionem
1053 868 1149 925 vocat
1172 861 1258 947 quod
1283 863 1479 926 mentibatur
1503 882 1685 926 excessum.

1064 1118 1181 1186 clm.

660 1220 721 1314 Vt
744 1250 874 1316 valeant
898 1252 1027 1337 aquilae
1051 1252 1209 1316 formatos
1232 1249 1372 1335 prodere
1395 1251 1492 1330 fetus,

658 1353 777 1419 Vitalis
802 1362 951 1420 tenerum
975 1356 1097 1441 frangit
1119 1360 1215 1440 tepor
1237 1354 1355 1417 insitus
1379 1375 1487 1417 ovum.

660 1457 753 1522 Tunc
777 1459 851 1544 pius
875 1464 1016 1523 artatam
1039 1459 1163 1522 lacerat
1186 1463 1280 1543 pater
1303 1458 1432 1543 inpiger
1455 1457 1582 1538 aedem,

659 1560 705 1625 Vt
727 1562 836 1647 pariat
859 1582 973 1626 rursus
997 1561 1105 1626 studio
1130 1581 1213 1646 quos
1237 1559 1340 1625 edidit
1363 1561 1447 1625 alvo.

590 1680 601 1714 ·‘›
659 1664 737 1729 Mox
760 1667 892 1751 generis
916 1673 1035 1731 testem
1057 1664 1230 1730 Phoebum
1253 1665 1318 1728 ciet
1340 1664 1464 1730 arbiter
1487 1665 1584 1739 idem,

660 1768 790 1832 Invenit
813 1770 976 1835 internam
1000 1772 1137 1835 rimatus
1161 1769 1284 1834 lumine
1308 1769 1425 1835 lucem.
1519 1816 1521 1819 -

660 1873 734 1938 Non
759 1874 857 1938 aliter
880 1876 970 1939 celso
993 1896 1116 1962 pueros
1141 1874 1181 1939 de
1205 1880 1377 1938 stemmate
1401 1880 1508 1938 cretos

661 1977 842 2042 Doctrinae
867 1979 965 2042 radiis
989 1980 1126 2066 opponit
1149 2000 1228 2043 cura
1251 1979 1406 2064 parentis.

661 2082 767 2156 Quam
791 2084 876 2147 benc
900 2084 1102 2148 flammarum
1127 2090 1327 2163 constanter,
1352 2085 1491 2168 respice,
1516 2084 1605 2148 bella

581 2203 606 2239 1⁰
661 2188 841 2273 Excipiunt
864 2189 979 2270 teneri,
1004 2190 1172 2254 vincentes
1196 2190 1325 2274 fulgora
1350 2188 1436 2251 visu!

1029 2361 1124 2445 (mar.
1150 2360 1216 2445 13.)

1038 2501 1211 2576 DICTIO.

413 2616 458 2711 Si
481 2652 582 2710 nauta
605 2644 759 2709 secundis
783 2645 913 2708 flatibus
937 2644 1076 2709 feliciter
1102 2644 1203 2709 umidi
1220 2644 1381 2709 directum
1405 2646 1522 2709 transit
1546 2645 1683 2725 itineris,
1707 2647 1734 2710 si
1756 2647 1949 2712 bellatorem
1968 2671 1979 2730 1

295 2750 383 2815 ducit
406 2738 581 2815 successus
604 2750 721 2814 melior
743 2748 784 2812 ad
808 2750 985 2825 triumfum,
1019 2750 1045 2812 si
1071 2771 1129 2835 per
1152 2749 1332 2813 rhetoricos
1357 2770 1487 2835 campos
1511 2750 1695 2813 litterarum
1718 2751 1814 2815 miles
1837 2750 1951 2815 iudicis

294 2855 330 2918 fit
353 2855 465 2919 favore
489 2854 671 2918 sublimior:
706 2859 854 2916 nostrum
877 2859 929 2917 est
952 2852 1109 2917 hodierno
1132 2852 1185 2917 die
1209 2853 1382 2917 momentis
1405 2852 1540 2937 paribus
1564 2852 1709 2937 gaudere
1733 2853 1774 2917 de
1797 2854 1952 2918 themate.

295 2957 371 3043 quid
393 2958 474 3022 mihi
498 2963 548 3021 est
572 2977 645 3020 curn
671 2957 795 3041 ingenii
817 2958 882 3021 mei
906 2957 1073 3042 publicata
1101 2963 1134 3020 et
1161 2956 1317 3042 degeneri
1349 2963 1565 3043 paupertate?
1601 2978 1677 3022 ecce
1709 2957 1749 3023 do
1779 2964 1952 3045 susceptae

294 3061 448 3127 dictionis
464 3082 572 3127 messe
588 3060 781 3126 ditescimus
797 3059 939 3124 iucunda
956 3067 1054 3140 sorte,
1079 3060 1208 3146 quando
1224 3061 1401 3123 relatorem
1422 3061 1573 3125 meritum
1589 3061 1758 3125 relationis
1775 3062 1953 3147 amplificat

296 3170 330 3230 ct
358 3173 503 3230 actorem
533 3185 632 3230 causa
664 3163 880 3229 commendat.
926 3165 982 3228 ubi
1012 3170 1063 3228 est
1092 3184 1203 3250 pavor,
1239 3165 1294 3248 qui
1324 3185 1383 3228 nos
1414 3164 1476 3228 sibi
1508 3170 1643 3249 propter
1672 3164 1845 3249 inperitiae
1874 3186 1985 3248 con-2

295 3271 468 3336 scientiam
494 3269 717 3354 subiugabat?
740 3269 795 3332 ubi
812 3268 928 3333 frontis
945 3267 1130 3353 trepidatio,
1154 3289 1215 3331 usu
1232 3274 1265 3332 et
1281 3267 1520 3332 exercitatione
1537 3267 1706 3352 fragilior?
1730 3267 1953 3333 obliviscimur

295 3374 403 3439 meriti
426 3374 539 3454 nostri,
573 3372 650 3436 dum
681 3373 865 3436 claritatem
895 3373 1056 3457 loquimur
1088 3373 1199 3438 alieni.
1244 3392 1329 3436 nunc
1357 3371 1511 3435 discimus
1539 3377 1692 3456 potentes
1717 3377 1751 3436 et
1773 3372 1855 3436 alios
1880 3394 1953 3438 esse

294 3498 353 3542 vos
387 3478 508 3557 facere,
544 3475 674 3562 quando
707 3482 833 3539 tantum
863 3482 896 3539 et
926 3475 1013 3539 fama
1043 3475 1161 3539 nobilis
1194 3474 1250 3539 dat
1284 3475 1451 3561 pracccni.
1497 3474 1579 3538 nihil
1613 3474 1691 3538 mihi
1727 3495 1800 3538 cum
1835 3476 1953 3544 dubiis.

296 3581 451 3668 splendor
473 3581 646 3645 laudantes
670 3580 841 3643 inluminat
871 3585 904 3642 et
934 3580 1093 3643 inmerscs
1121 3579 1277 3657 tenebris,
1315 3580 1341 3642 si
1374 3579 1444 3642 eius
1474 3578 1691 3659 meminerint,
1725 3580 1773 3643 sol
1805 3580 1953 3646 recludit.

233 3732 238 3743 .
297 3684 356 3749 sed
378 3706 490 3749 rursus
514 3684 662 3749 hilaritas
686 3683 832 3767 iungitur
855 3703 927 3746 cum
951 3704 1070 3770 pavore
1100 3691 1133 3747 et
1159 3684 1196 3747 fit
1226 3684 1316 3746 socia
1349 3682 1561 3746 exultationis
1592 3682 1777 3767 trepidatio.
1823 3684 1986 3768 quand03

297 3788 391 3874 inpar
412 3788 547 3853 modicis
572 3788 691 3852 sufficit
720 3788 752 3851 in
783 3788 965 3874 supremis?
998 3809 1073 3851 nam
1103 3789 1158 3872 qui
1188 3787 1414 3852 claritudinem
1449 3807 1513 3850 non
1545 3786 1610 3849 stili
1643 3787 1716 3850 luce
1746 3789 1954 3854 commendat

297 3890 478 3972 obnubilat,
509 3898 543 3956 et
573 3892 658 3956 sicut
689 3891 820 3976 ingenio
848 3890 1060 3955 facundorum
1091 3898 1242 3954 crescunt
1271 3889 1409 3968 modica,
1442 3889 1487 3953 ita
1515 3889 1665 3953 siccitate
1695 3889 1956 3957 devenustantur

298 3995 508 4081 amplissima,
532 4001 564 4059 et
587 3995 648 4058 nisi
671 3995 852 4059 aestimatis
869 3995 992 4060 viribus
1011 3993 1213 4079 adgrediaris
1232 3995 1404 4071 sarcinam,
1428 3994 1624 4060 subiacebis.
1640 4032 1678 4040 -
1697 3993 1785 4060 Ecce
1800 3995 1986 4076 Paterius4

298 4103 331 4161 et
353 4095 505 4176 Severus,
540 4105 732 4162 ornamenta
756 4098 917 4161 curulium
941 4105 974 4162 et
1002 4098 1173 4184 parentiva
1202 4098 1363 4162 vocabula
1392 4118 1616 4183 purpurarum,
1650 4097 1865 4165 eruditionem
1890 4101 1954 4164 ori-

300 4200 458 4287 ginariam
481 4201 515 4264 in
538 4200 617 4287 ipsis
641 4202 727 4265 vitae
750 4202 994 4285 praestulantur
1019 4199 1174 4271 exordiis,
1203 4200 1419 4286 dedignantes
1450 4222 1515 4265 non
1542 4200 1722 4266 studiorum
1750 4201 1956 4289 diligentiam

300 4325 374 4369 cum
397 4325 514 4390 sapore
538 4305 620 4369 lucis
643 4304 785 4385 haurire,
817 4326 898 4390 quos
922 4305 1108 4370 indiscretis
1141 4305 1341 4390 temporibus
1373 4304 1425 4369 die
1455 4310 1572 4368 natura
1599 4304 1733 4370 donavit
1765 4312 1800 4371 et
1830 4308 1957 4374 litteris.

299 4429 358 4495 pro
396 4407 516 4495 quibus
549 4408 625 4493 quid
664 4415 838 4494 parantum
878 4408 1012 4486 decora,
1053 4407 1131 4492 quid
1163 4409 1305 4493 insignia
1336 4414 1467 4473 vetusta
1498 4428 1603 4471 novus
1638 4409 1804 4474 mentibus
1835 4413 1957 4477 relator

298 4512 485 4577 insinuem?
516 4511 654 4576 levabor
677 4510 738 4575 hoc
762 4533 870 4590 onere,
895 4512 921 4575 si
944 4512 1047 4576 fastos
1074 4532 1133 4598 pro
1150 4533 1213 4590 me,
1238 4512 1375 4583 auditor,
1399 4512 1598 4595 interroges:
1623 4533 1750 4576 mecum
1775 4515 1987 4593 centuriae,5

404 4717 491 4789 [CDL]
529 4719 726 4772 ltarminusB
794 4737 871 4785 quam
883 4719 929 4770 13⁰
1032 4718 1103 4786 2et]
1122 4720 1188 4772 csB
1291 4718 1482 4772 3mcntibatur
1494 4719 1527 4784 B,
1545 4721 1717 4772 mentiebatur
1729 4722 1804 4774 cereri

404 4822 505 4892 [CDLI]
540 4825 632 4876 Versae
650 4824 787 4876 colmes?
804 4841 860 4876 crim
879 4825 1037 4890 repitentibus
1050 4825 1138 4890 potiar
1155 4840 1233 4890 qrtam
1246 4839 1300 4873 arm
1314 4823 1489 4888 anterioribus
1501 4824 1592 4887 verbis,
1609 4825 1757 4890 quibrtscam
1772 4843 1814 4876 eos
1826 4826 1957 4877 coniuncti

299 4910 431 4965 simona.
525 4910 579 4962 a?
598 4912 730 4979 teporibus
747 4912 839 4962 insitus
855 4909 909 4975 VL,
927 4912 1085 4978 temporibus
1103 4909 1164 4975 (om.
1178 4908 1281 4975 insitus)
1297 4910 1331 4961 (u
1384 4911 1462 4961 cbum
1476 4909 1501 4959 B
1592 4911 1765 4963 mosochum
1778 4910 1804 4961 Β
1856 4912 1901 4964 ciit
1912 4911 1958 4962 13⁰

299 5014 323 5050 v.
343 4995 359 5049 'l
380 4999 468 5050 celso·
484 4998 508 5047 V
572 5006 658 5050 cretus
671 4997 696 5048 Β
799 5015 823 5047 v.
846 4996 879 5049 10
896 4999 1031 5048 uincentes
1043 4999 1066 5061 b,
1084 4997 1212 5048 uincentis
1231 4996 1328 5046 codices
1398 4996 1504 5062 fulgura
1517 4995 1594 5047 Siras.

402 5099 420 5152 4
438 5102 523 5152 Dictio
541 5100 645 5165 quando
663 5100 782 5151 Paterius
801 5110 827 5151 et
844 5101 955 5152 Seuerus
973 5102 1058 5152 traditi
1077 5109 1139 5153 sunt
1156 5101 1190 5152 ad
1208 5086 1293 5151 studia
1311 5101 1388 5150 inser.
1402 5098 1480 5150 Siras.
1576 5099 1592 5149 ἵ)
1611 5101 1715 5152 iteneris
1727 5099 1752 5150 Β
1844 5099 1861 5151 6
1879 5102 1959 5153 triun-

300 5187 354 5238 fum
367 5186 401 5251 B,
417 5186 578 5253 triumphum
598 5184 622 5233 V
688 5229 690 5231 .
704 5186 829 5236 rctcricus
847 5202 951 5251 campus
964 5185 989 5236 Β
1116 5184 1133 5236 8
1151 5186 1273 5253 pullicata
1285 5184 1310 5234 B
1438 5183 1454 5235 9
1472 5186 1615 5236 ditiscimus
1629 5184 1655 5235 Β
1734 5187 1845 5238 iocunda
1861 5187 1960 5241 codices

300 5272 402 5338 quando
419 5289 475 5338 sap.
495 5273 540 5322 lia.
553 5270 578 5321 Β
681 5273 813 5339 amplificat
830 5272 855 5322 B
1001 5271 1032 5322 12
1055 5269 1124 5337 dum]
1148 5272 1183 5322 du
1200 5271 1245 5321 VL
1390 5268 1421 5322 16
1446 5273 1587 5323 immodicis
1602 5271 1655 5335 VL,
1679 5280 1705 5323 ct
1722 5273 1828 5325 modicis
1842 5273 1910 5337 0Pt,
1932 5275 1959 5325 in

300 5359 406 5410 modicis
419 5357 498 5410 sim.
590 5358 693 5409 sufficet
707 5358 733 5408 Β
864 5354 896 5407 17
915 5359 1029 5409 eriscunt
1041 5358 1067 5407 Β
1159 5358 1270 5409 sictitata
1283 5356 1308 5406 B
1440 5357 1473 5409 18
1490 5358 1638 5425 anplissima
1650 5356 1676 5407 Β
1766 5359 1925 5426 aggrediaris
1940 5359 1965 5408 V

301 5442 335 5496 19
352 5461 522 5513 perpurarum
537 5443 560 5494 Β
639 5446 809 5511 origenariam
823 5444 901 5495 BVL
1015 5441 1049 5494 20
1068 5446 1255 5511 praestolantur
1271 5443 1295 5492 V
1369 5443 1528 5495 stuodicrum
1540 5443 1566 5493 Β
1677 5441 1709 5494 21
1729 5441 1813 5510 lllucis
1830 5446 1915 5497 aurire
1927 5444 1961 5510 B,

301 5531 405 5583 haurire
421 5531 488 5583 lucis
505 5531 581 5583 ceteri
655 5531 696 5583 die
708 5530 742 5595 B,
760 5532 811 5583 diei
829 5532 913 5594 ceteri,
931 5532 972 5582 dci
983 5529 1043 5582 1²²⁶
1157 5529 1191 5582 22
1209 5546 1291 5581 nouos
1304 5528 1329 5579 Β
1335 5539 1350 5567 ⁰
1463 5528 1498 5581 23
1515 5531 1623 5581 lauabcr
1635 5529 1660 5580 Β
1735 5547 1813 5583 onere
1824 5533 1848 5595 b,
1865 5533 1961 5585 honora

302 5615 402 5669 codices
472 5618 550 5670 fastos
562 5617 595 5682 B,
613 5619 695 5668 fastus
712 5619 788 5668 ceteri
858 5618 997 5684 interregis
1009 5615 1035 5667 B
1105 5633 1206 5669 mecum
1224 5616 1357 5669 centuriae
1375 5632 1422 5666 cm.
1439 5613 1517 5666 aim.
