4500 6232
765 300 801 355 u
821 300 954 367 (opusc.
973 302 1010 369 a),
1034 301 1196 371 eversu.
1216 303 1242 367 s,
1259 303 1296 369 a).
1819 308 1861 369 m

203 470 405 550 nobilitatis,
441 471 677 557 subripientem
705 472 833 537 miseris
861 475 1132 540 vestimentorum
1162 475 1315 561 largitate
1345 475 1437 561 pellit
1466 476 1622 561 algorem.
1667 497 1770 562 prope
1798 477 1938 541 iam134

202 575 320 641 iterum
342 574 600 640 necessitatibus
626 575 740 640 ferunt
755 577 913 641 auxilium
937 576 1057 642 decora
1079 579 1247 661 fastomm,
1271 586 1304 644 et
1319 580 1423 643 veteri
1442 578 1634 644 infidelitate
1657 578 1807 666 deposita
1829 580 1862 644 in

210 679 268 747 tali
290 678 541 766 praeparatione
574 699 690 743 census
719 678 891 765 dispendia
913 680 1101 747 efficiuntur
1122 682 1212 747 lucra
1235 683 1428 747 animarum.
1473 704 1551 748 ecce
1574 703 1660 747 nunc
1683 681 1724 746 ad
1747 689 1860 768 gesta·

204 783 321 851 teriam
338 782 453 847 sellam
468 781 667 866 apostolicae
681 783 892 848 confessionis
904 790 1017 851 vestra
1032 785 1165 850 mittunt
1180 786 1292 850 limina
1308 786 1507 866 candidatos,
1524 793 1557 851 et
1570 785 1725 851 uberibus
1739 786 1860 872 gaudio

135 908 149 944 s
203 893 359 951 exactore
382 885 514 951 fletibus
539 887 669 952 conlata
690 885 744 952 dei
768 885 927 952 beneficio
951 887 1035 952 dona
1058 888 1276 973 geminantur.
1321 888 1402 964 Quis
1425 896 1588 977 tempore,
1620 909 1683 973 quo
1706 891 1858 976 pretiosis
1877 887 1937 949 ¹35

109 1006 131 1048 a
144 998 184 1041 ³⁵¹
203 990 364 1057 siccamus
394 990 499 1056 ubera
524 990 700 1077 partubus,
732 1012 795 1077 quo
818 992 945 1076 prolem
968 997 1112 1056 nostram
1136 999 1272 1058 aeterna
1295 993 1448 1077 genetrix
1471 1013 1582 1058 rursus
1604 992 1753 1079 paritura
1775 1015 1861 1060 nunc

202 1095 354 1183 suscipit,
384 1094 475 1158 cuius
502 1100 577 1181 post
606 1095 744 1181 primam
767 1094 974 1159 nativitatem
998 1093 1194 1180 grandaevis
1218 1095 1340 1161 fetibus
1364 1097 1457 1161 alvus
1480 1096 1645 1182 impletur,
1674 1097 1861 1182 quaemihi

202 1198 326 1285 prolem
349 1196 576 1285 regenerando
599 1196 729 1263 dulcem
752 1197 831 1263 iacit
853 1218 926 1262 esse
950 1218 1048 1282 quarn
1071 1199 1195 1284 peperi,
1218 1219 1303 1284 quae
1326 1198 1369 1264 ad
1392 1221 1428 1265 se
1445 1200 1616 1264 venientes
1639 1200 1766 1265 senium
1781 1201 1861 1267 iacit

202 1321 327 1367 exuere
343 1307 377 1366 et
391 1300 434 1367 ad
448 1301 537 1366 vitae
552 1301 713 1388 principia
727 1300 835 1366 redire
851 1301 1045 1383 confractos,
1066 1302 1139 1388 quis
1156 1303 1240 1367 hanc
1254 1304 1455 1384 felicitatem,
1479 1324 1569 1389 rogo,
1592 1303 1859 1390 interpellatione

203 1410 401 1471 commutat?
446 1405 519 1492 quis
547 1426 607 1491 per
635 1404 831 1470 discordiam
859 1405 1006 1491 viperina
1032 1412 1142 1471 monte
1174 1409 1375 1493 conpositam
1405 1407 1496 1472 aurei
1518 1406 1598 1470 mibi
1620 1407 1745 1473 saeculi
1768 1407 1861 1474 iubet
1876 1403 1936 1466 136

201 1509 308 1596 perire
324 1508 506 1574 beneficiat
542 1510 614 1594 quis
631 1510 665 1573 in
681 1509 895 1574 renovatione
910 1528 986 1573 msa
1001 1528 1152 1573 occasum
1176 1508 1399 1574 clandestinus
1422 1509 1560 1595 inspirat
1582 1515 1615 1573 et
1638 1530 1698 1594 per
1718 1509 1860 1578 blandae

201 1611 318 1677 frontis
349 1612 492 1698 speciem
519 1611 695 1676 inimicitiis
724 1613 811 1677 vires
841 1609 1000 1695 adquirit?
1045 1632 1239 1696 generosam
1267 1613 1301 1676 in
1329 1613 1387 1676 tali
1415 1613 1547 1699 negotio
1576 1613 1762 1699 prosapiem
1792 1635 1858 1680 non
1871 1605 1928 1712 ¹⁸,ss
1937 1607 2015 1710 3¹¹4&

205 1735 358 1802 agnosco.
395 1715 424 1780 si
439 1715 496 1801 qui
511 1721 587 1780 sunt
603 1721 714 1779 tamen
730 1736 939 1796 summorum,
963 1736 1042 1800 quos
1058 1716 1177 1781 vilibus
1193 1718 1398 1803 tempestatis
1422 1718 1518 1782 huius
1540 1718 1685 1804 procella
1709 1719 1855 1802 sociavit,

202 1818 274 1883 aliis
305 1818 495 1884 auctoribus
527 1818 708 1885 {acinorum
738 1818 989 1906 participatione
1018 1821 1232 1886 maculantur.
1279 1820 1434 1908 splendor
1463 1821 1645 1906 sanguinis,
1678 1821 1739 1886 etsi
1766 1842 1854 1886 com-
1875 1816 1933 1877 ¹37

135 1939 146 1975 ⁵
201 1921 387 1987 munionem
418 1921 591 1987 criminum
623 1922 775 2004 incurrit,
806 1923 911 1989 nescit
938 1930 1048 1988 tamen
1080 1922 1197 1989 ducem
1220 1945 1256 1990 se
1284 1926 1444 2012 praebere
1467 1925 1691 2012 peccantibus.
1736 1924 1859 1991 habeat

200 2025 337 2091 forsitan
360 2031 488 2091 reatum
510 2024 552 2090 de
575 2026 729 2112 neglecta
751 2027 914 2107 cautione,
938 2048 1004 2091 non
1027 2026 1128 2092 habet
1151 2026 1284 2114 dignum
1308 2028 1504 2115 supplicium
1526 2027 1567 2094 de
1589 2029 1751 2094 scelerum
1767 2029 1857 2113 prin-

200 2129 320 2214 cipatu.
354 2129 415 2193 sub
432 2128 572 2214 quadam
585 2129 786 2195 verecundia
801 2129 947 2215 iungitur
961 2129 1242 2216 delinquentibus,
1265 2132 1320 2216 qui
1336 2132 1377 2197 ad
1395 2132 1507 2197 adulta
1523 2131 1630 2218 iurgia
1645 2137 1858 2197 convocatur:

200 2252 265 2297 non
288 2241 434 2298 meretur
454 2232 721 2320 desperationem
744 2233 880 2319 perditi,
912 2235 1034 2318 inquo
1063 2234 1169 2300 facilis
1201 2242 1327 2300 tantum
1352 2235 1528 2301 credulitas
1552 2236 1755 2321 inprobatur.
1800 2255 1859 2300 vos
1875 2228 1933 2290 ¹38

199 2336 308 2422 potius
331 2336 445 2420 video,
473 2337 644 2403 triviorum
671 2337 833 2424 germina,
861 2358 920 2401 vos
943 2358 1105 2422 agnosco,
1135 2340 1168 2403 in
1191 2339 1309 2424 quibus
1331 2348 1468 2405 naturae
1491 2339 1600 2404 vilitas
1624 2339 1858 2406 convenientes

122 2456 148 2494 ²0
201 2438 265 2504 sibi
280 2461 389 2506 mores
405 2442 545 2531 peperit,
569 2462 650 2527 quos
666 2441 888 2528 degenerasse
905 2442 1037 2506 claritas
1058 2441 1176 2524 iuerat,
1200 2443 1256 2528 qui
1272 2463 1332 2528 per
1353 2442 1511 2508 mentitae
1534 2443 1665 2508 titulum
1688 2442 1858 2529 religionis

200 2541 352 2628 gaudetis
381 2545 564 2634 inpunitate
588 2545 757 2626 vitiorum,
789 2564 927 2631 quorum
957 2544 1045 2608 labia
1073 2566 1250 2630 numquam
1279 2550 1335 2610 aut
1363 2544 1523 2610 bonorum
1547 2566 1646 2631 sapor
1669 2546 1778 2632 tetigit
1800 2551 1858 2611 aut

199 2648 329 2734 quietis,
352 2649 407 2736 qui
429 2649 480 2714 ias
504 2669 601 2715 omne
624 2649 744 2734 origini
765 2646 911 2734 parendo
935 2647 1080 2728 violatis,
1104 2669 1185 2734 quos
1209 2647 1250 2713 de
1273 2648 1410 2713 latebris
1434 2655 1468 2713 et
1491 2649 1655 2737 specubus
1678 2648 1856 2737 productos

111 2771 182 2821 asse
200 2771 358 2837 praesens
374 2773 476 2819 causa
491 2754 694 2818 monstravit.
731 2751 804 2839 quis
826 2759 903 2816 ante
928 2751 1213 2817 concinnationem
1235 2752 1312 2817 mali
1336 2753 1441 2834 huius,
1464 2753 1518 2837 qui
1542 2754 1671 2834 essetis,
1694 2753 1851 2838 agnovit?
1871 2759 1932 2822 139

200 2853 256 2920 diu
278 2855 407 2922 fovistis
431 2864 577 2939 secreta,
606 2857 725 2943 quibus
747 2877 806 2921 vos
829 2876 896 2920 non
920 2856 1144 2941 generationis
1168 2855 1348 2922 abdiderat.
1393 2856 1505 2922 redite.
1519 2857 1630 2944 potius
1654 2855 1696 2922 ad
1717 2856 1857 2922 amicam

124 2972 148 3010 ²³
200 2960 410 3041 eaecitatem,
446 2962 541 3026 nobis
570 2981 720 3026 serenam
754 2967 787 3026 et
817 2960 966 3025 diurnam
1002 2961 1108 3026 lucem
1141 2962 1331 3046 relinquite:
1367 2960 1575 3026 concordiam
1610 2961 1770 3027 ecclesiae
1801 2966 1858 3026 aut

199 3061 351 3130 absentia
380 3072 437 3130 aut
468 3066 671 3131 correctione
704 3071 882 3151 praestate.
931 3065 957 3128 si
992 3072 1101 3129 tameo
1133 3065 1232 3129 vultis
1262 3085 1320 3128 vos
1351 3065 1513 3129 numerari
1546 3066 1632 3130 inter
1669 3063 1857 3151 splendidas

199 3168 381 3253 prosapies,
404 3175 536 3234 actuum
559 3166 790 3233 emendatione
813 3165 1031 3252 cognoscam’.

893 3475 921 3542 L
944 3476 1050 3564 (osan.
1068 3480 1097 3559 2,
1114 3479 1159 3562 2).

659 3672 920 3749 uplunulvu
947 3671 1263 3746 HABVNDANTI
1291 3670 1333 3744 V.
1366 3672 1393 3745 l.

565 3838 751 3925 Numquam
772 3846 877 3907 morte
900 3840 986 3927 perit
1008 3840 1133 3906 meritis
1156 3847 1233 3926 post
1255 3839 1351 3905 busta
1374 3845 1553 3926 superstes,

611 3942 742 4009 Funera
766 3943 938 4009 sublimem
962 3942 1028 4008 non
1051 3944 1185 4029 capiunt
1207 3944 1359 4008 animam.

566 4046 707 4133 Sanguis
730 4045 833 4112 honor
856 4046 972 4134 genius
995 4045 1143 4133 probitas
1167 4046 1352 4112 constantia
1375 4065 1494 4111 census

611 4151 809 4218 Interimunt
832 4153 943 4218 multis
967 4151 1098 4218 dotibus
1122 4151 1270 4218 exitium.

495 4270 505 4305 τι
563 4254 602 4320 In
626 4275 798 4322 commune
821 4255 928 4323 bonus
952 4277 1017 4321 non
1041 4256 1142 4321 sentit
1164 4255 1284 4320 damna
1307 4254 1461 4343 sepulcri.

611 4356 686 4423 Fila
707 4360 822 4445 legunt
844 4359 969 4426 Parcae
992 4380 1076 4445 quae
1100 4357 1260 4425 dederant
1282 4359 1421 4424 miseris.

564 4460 715 4528 Pendula
737 4463 904 4529 lassantur
925 4484 1009 4550 quae
1033 4463 1165 4551 plebem
1188 4464 1330 4530 stamina
1353 4469 1500 4549 portant:

612 4563 726 4631 Fortia
748 4566 943 4652 contingunt
966 4567 1044 4632 licia
1066 4566 1243 4634 nobilibus.

567 4667 658 4734 Cana
681 4671 860 4736 venerandi
883 4672 1087 4737 renovabant
1110 4673 1243 4737 saecula
1266 4692 1385 4743 mores,

487 4789 510 4826 1⁰
614 4772 718 4859 Inque
742 4776 846 4840 vicem
870 4775 985 4861 templi
1008 4782 1145 4861 pectora
1168 4773 1289 4839 munda
1312 4775 1396 4839 tulit.

303 5070 317 5123 1
336 5070 477 5123 nobilitatis
498 5068 532 5135 (is
548 5070 577 5120 ia
595 5067 642 5133 lit.)
655 5068 681 5119 B
818 5066 939 5122 4vestm
963 5071 1069 5121 mittunt
1085 5069 1190 5136 scripsi,
1212 5075 1242 5120 ut
1261 5069 1383 5120 amittunt
1398 5067 1437 5130 B,
1459 5068 1511 5120 ude
1534 5069 1640 5121 mittunt
1657 5064 1785 5128 VMUP,
1812 5065 1854 5116 usl

199 5159 320 5211 nmirum
331 5157 371 5220 A,
392 5157 434 5209 uel
452 5156 601 5208 ammittant
613 5154 652 5218 Β,
676 5155 717 5206 uel
737 5155 875 5207 adruittnnt
888 5155 911 5207 S
1048 5153 1066 5204 l)
1083 5151 1210 5219 exacmre]
1233 5154 1396 5207 exactoribus
1408 5153 1454 5203 Β(ι
1593 5151 1610 5204 6
1628 5152 1743 5220 partibus
1760 5148 1856 5200 B⁰TR

199 5245 316 5312 genetrix
334 5242 421 5305 ΒΙιΒ,
442 5243 555 5311 genitrix
573 5243 619 5294 rel.
760 5239 775 5290 7
795 5243 931 5309 impleatur
942 5242 986 5293 Ba
1125 5240 1142 5290 e
1160 5238 1228 5307 quis]
1246 5241 1291 5308 qui
1303 5240 1348 5291 Β(ι
1490 5237 1523 5291 10
1539 5234 1706 5306 conponam]
1729 5237 1854 5288 counitam

200 5330 296 5383 Hartcl
416 5327 449 5379 ll
467 5329 637 5381 elmdistinus
648 5327 674 5379 B
796 5325 829 5378 12
846 5325 949 5394 frontis]
972 5328 1069 5379 frondis
1085 5325 1125 5376 V¹
1203 5327 1321 5394 adquiret
1334 5326 1360 5377 Β
1482 5324 1514 5376 14
1531 5319 1689 5388 auctoribus]
1710 5321 1818 5374 auribus
1829 5320 1856 5372 Β

200 5413 234 5467 15
251 5416 344 5467 babeat
353 5412 387 5479 B,
408 5415 486 5468 babet
501 5415 577 5467 actam
683 5413 717 5466 18
734 5414 931 5481 disperationem
944 5413 969 5463 Β
1075 5411 1107 5463 19
1124 5413 1259 5465 tribiorum
1271 5413 1297 5463 B
1401 5410 1435 5463 2⁶2
1453 5412 1571 5478 specibus
1583 5409 1608 5459 Β
1678 5408 1818 5476 productus
1831 5408 1856 5458 Β

199 5499 234 5555 23
250 5518 355 5555 musam
367 5500 393 5552 Β
399 5499 438 5550 Vl
540 5499 576 5554 25
594 5503 701 5555 eclesim
714 5502 739 5552 Β
842 5497 876 5552 27
894 5498 1057 5568 cognoscam]
1076 5500 1134 5552 finit
1151 5499 1214 5551 aaa.
1228 5497 1304 5550 BVL

304 5602 349 5672 [L]
388 5601 424 5656 28
440 5587 634 5657 abununuui‘.
653 5621 745 5658 uersus
760 5603 806 5655 Vn
910 5620 936 5654 r.
955 5603 969 5654 l
987 5603 1112 5670 superatis
1125 5602 1150 5654 Β
1256 5620 1278 5653 v.
1298 5601 1316 5652 5
1332 5610 1416 5654 santet
1428 5599 1453 5651 B

1613 5689 1650 5742 90
