4500 6232
728 288 820 345 oocn
838 285 963 347 inser.
980 290 1008 351 o.
1023 287 1070 354 ss)
1089 318 1120 327 -
1138 282 1243 342 ccciv
1260 282 1385 343 rsrrsr.
1401 284 1428 343 o.
1444 284 1499 355 er).

925 579 1044 649 00οΠ
1066 582 1177 669 (sersr.
1192 584 1224 663 6,
1240 582 1308 667 35).

853 779 1090 854 ENNODlVS
1115 776 1375 852 DOMNINAE.

260 936 270 994 ¹
393 929 493 1023 Inter
516 978 611 1022 curae
635 963 669 1020 ot
692 954 875 1034 molestias,
906 952 1023 1039 quibus
1046 974 1105 1041 pro
1129 961 1338 1041 peccatorum
1361 952 1450 1018 fasce
1474 953 1631 1023 subicior.
1661 954 1751 1039 elegi
1773 954 1964 1039 singulare

288 1060 485 1139 subsidium,
514 1068 550 1125 ut
573 1060 615 1126 ed
637 1081 696 1124 vos
720 1059 856 1123 domnos
881 1079 972 1123 mess
994 1058 1120 1123 litteras
1142 1057 1359 1136 destinarem,
1389 1077 1527 1147 quarum
1555 1056 1708 1142 precibus
1729 1059 1849 1123 omnia
1871 1057 1963 1123 milri

290 1165 436 1229 secunda
459 1166 689 1248 contingerent
712 1169 745 1227 et
767 1163 809 1227 ad
833 1182 950 1227 serena
972 1162 1119 1226 loetitiae
1142 1160 1299 1248 depositis
1324 1160 1545 1245 angustiarum
1569 1160 1711 1224 nubibus
1734 1162 1962 1228 reformarer.

291 1268 395 1353 prima
418 1268 505 1331 enim
530 1267 688 1332 macroris
712 1287 813 1330 causa
836 1272 902 1345 est,
926 1264 1013 1350 quod
1036 1284 1195 1351 prospers
1217 1269 1344 1342 vestra,
1368 1263 1444 1328 dum
1467 1264 1500 1327 in
1523 1263 1702 1349 longinquo
1725 1263 1869 1349 degitis.
1895 1266 1962 1330 vix
2029 1303 2043 1339 ⁵

259 1370 387 1435 udatur
410 1371 561 1455 agnosci,
593 1391 635 1434 cx
664 1390 728 1455 qua
757 1370 903 1434 noscitur
925 1369 1011 1434 eirca
1033 1389 1207 1454 personam
1230 1388 1336 1432 meam
1361 1366 1465 1431 omnis
1489 1365 1679 1431 adversitas.
1722 1366 1843 1433 adeste
1867 1390 1961 1455 ergo

292 1477 430 1563 supplici
455 1475 607 1561 precibus
631 1474 762 1553 vestris,
785 1479 822 1537 ut
845 1495 905 1560 per
927 1479 1113 1537 sanctorum
1129 1470 1181 1535 dei
1198 1471 1357 1554 suffragia
1372 1490 1471 1555 aegro
1487 1470 1596 1535 animo
1611 1468 1752 1535 medella
1767 1471 1960 1539 tribuatur.

290 1579 421 1643 domina
445 1580 502 1659 mi,
532 1579 700 1643 servitium
723 1578 929 1641 salutationis
951 1575 1135 1664 inpendens
1158 1574 1319 1661 deprecor
1340 1580 1374 1637 et
1396 1595 1458 1660 per
1478 1573 1576 1638 deum
1600 1594 1674 1653 vos,
1703 1594 1799 1659 quem
1824 1576 1959 1655 colitis.

172 1678 249 1719 Ml·
290 1689 451 1770 optestor,
482 1690 518 1746 ut
550 1682 712 1746 continuis
741 1702 794 1745 me
825 1680 1100 1767 postulationibus
1131 1684 1164 1744 et
1193 1678 1353 1759 lacrimis,
1383 1677 1501 1762 quibus
1531 1698 1668 1762 regnum
1699 1678 1847 1742 caeleste
1879 1680 1958 1745 vim

187 1736 251 1774 r.1‘.

172 1738 182 1775 ¹
232 1738 244 1774 ι
290 1788 422 1871 patitur,
445 1785 575 1849 domino
599 1783 848 1865 commendetis,
872 1785 1034 1868 quiahoc
1056 1782 1342 1870 munusspeciele
1365 1789 1507 1869 conputo
1531 1787 1565 1845 et
1588 1781 1738 1845 omuibus
1761 1782 1957 1849 commodis
2014 1816 2042 1855 ιο

289 1897 464 1978 antepono.

913 2090 1053 2160 000111
1076 2093 1187 2178 (sersr.
1204 2096 1234 2159 6.
1250 2092 1316 2177 36).

677 2288 913 2362 ENNODIVS
941 2287 1202 2362 ADEODATO
1229 2285 1557 2360 PRESBYTERO.

260 2443 270 2501 ¹
402 2432 577 2529 Caelestis
600 2464 801 2550 dispensatio
825 2461 987 2547 religiosis
1017 2459 1187 2525 desideriis
1219 2480 1394 2546 numquam
1424 2467 1524 2544 negot
1552 2460 1718 2525 effectum:
1749 2482 1824 2527 nam
1855 2464 1954 2551 quod

290 2569 343 2654 pie
372 2568 538 2655 cupimus,
570 2571 697 2631 maturo
727 2572 874 2653 praestat
903 2564 1021 2630 studio.
1065 2562 1267 2629 desideranti
1296 2565 1382 2628 enirn
1412 2563 1492 2627 mihi
1521 2585 1581 2649 per
1606 2564 1732 2629 litteras
1756 2568 1953 2635 orationum

290 2679 471 2736 vestrorum
505 2670 673 2758 postulare
708 2672 866 2755 suffragio
899 2669 1097 2755 perlatorem
1133 2667 1348 2732 domesticum
1380 2674 1457 2732 voto
1490 2675 1705 2753 pepererunt,
1738 2674 1775 2732 ut
1805 2670 1951 2737 stimulo
2011 2703 2038 2740 a

147 2791 191 2834 1⁸⁰·
206 2797 227 2842 ⁵,
242 2796 273 2834 ιε.
289 2774 476 2861 scriptionis
500 2772 660 2838 admoniti
682 2794 741 2860 pro
764 2774 908 2859 suscepti
932 2773 1042 2837 snima
1064 2770 1268 2856 supplicetis,
1290 2771 1366 2855 quia
1381 2768 1497 2835 doctor
1511 2772 1657 2855 gentium
1675 2771 1811 2836 clamet:
1834 2778 1950 2839 ‘orate

289 2900 347 2965 pro
370 2874 532 2943 invicem'.
579 2876 657 2941 nihil
689 2875 776 2940 enim
806 2881 870 2955 est,
900 2873 986 2960 quod
1015 2873 1112 2939 deum
1135 2872 1275 2957 diligens
1298 2874 1397 2937 etism
1420 2894 1477 2959 pro
1500 2873 1766 2960 delinquentibus
1789 2876 1949 2961 optinere

258 2983 353 3044 2non
382 2980 496 3068 possit.
542 2979 688 3044 laborate
718 2999 796 3063 ergo
827 2979 995 3066 promissis
1024 2976 1145 3042 dudum
1172 2976 1363 3062 patrociniis
1388 2983 1421 3041 et
1443 2976 1563 3061 gaudia
1591 2978 1670 3042 mibi
1699 2999 1759 3065 per
1787 2978 1951 3045 lacrimas

289 3091 477 3170 conparate.
517 3083 628 3147 veniat
650 3081 690 3146 ad
714 3103 766 3145 me
789 3081 914 3146 fructus
938 3081 1147 3146 innocentiae
1169 3080 1294 3144 meritis
1318 3079 1499 3164 ignoratus.
1542 3080 1625 3144 haec
1649 3088 1733 3163 sunt,
1756 3080 1797 3146 de
1820 3082 1949 3167 quibus

288 3196 436 3254 sanctum
467 3187 520 3253 dei
550 3186 728 3252 admonere
757 3186 971 3273 praesumpsi.
1015 3185 1115 3248 timeo
1144 3184 1231 3248 enirn
1263 3182 1373 3247 fecere
1404 3183 1534 3270 prolixa
1562 3184 1748 3269 conloquia,
1780 3186 1859 3271 quia
1888 3208 1949 3251 res
2009 3214 2039 3256 ss

287 3292 474 3357 necessario
496 3292 619 3356 strictis
643 3295 693 3355 ost
715 3288 911 3377 postulando
934 3287 1152 3354 sermonibus.
1196 3286 1339 3350 nuncin
1364 3284 1494 3349 Christo
1518 3287 1642 3368 valeto,
1671 3288 1713 3351 mi
1738 3286 1877 3365 domini,
1911 3298 1950 3355 et

287 3397 407 3460 sentire
430 3417 483 3460 me
506 3393 750 3482 deprecationis
773 3399 903 3458 vestroe
927 3412 1064 3457 munera
1086 3391 1254 3478 prosperis
1278 3389 1430 3454 indicate.

917 3699 1045 3769 00011
1068 3699 1178 3786 (snrsr.
1195 3706 1225 3782 6,
1243 3700 1310 3786 37).

877 3895 1115 3970 ENNODlVS
1141 3896 1354 3970 IOHANNI.

257 4054 270 4114 ¹
402 4046 503 4162 Ergo
532 4076 614 4140 falso
643 4071 787 4139 creditur
813 4093 956 4137 amorem
986 4071 1078 4137 reddi
1107 4069 1296 4156 diligentiae
1325 4077 1359 4136 et
1387 4070 1496 4135 tacitis
1524 4070 1709 4137 animasse
1734 4072 1946 4159 interrogare

287 4179 478 4263 conloquiis,
501 4177 598 4243 iidem
621 4177 779 4243 mentium
803 4196 919 4240 sensus
941 4176 1108 4255 adserere,
1131 4181 1167 4239 ut
1189 4175 1274 4261 quod
1293 4174 1500 4261 inpendimus
1517 4174 1638 4238 viceris
1659 4175 1754 4240 nobis
1777 4176 1946 4245 relatione
2005 4200 2035 4241 2⁵

286 4282 466 4347 debeatur?
512 4302 624 4346 vocem
656 4281 814 4345 montium
845 4287 975 4346 secreto
1001 4281 1180 4345 restituunt
1203 4285 1236 4344 et
1258 4280 1291 4343 in
1316 4278 1474 4365 obsequio
1497 4279 1709 4343 humanitatis
1731 4285 1821 4342 muts
1843 4279 1945 4345 isbu-

286 4386 406 4450 lantur.
450 4384 511 4450 sed
540 4384 799 4470 magnitudinem
830 4390 920 4450 tuam
949 4385 982 4448 in
1014 4390 1202 4472 contemptu
1229 4385 1293 4448 mei
1323 4381 1653 4467 contigit'silentium
1677 4381 1945 4469 proscriptione

288 4487 462 4553 redhibere
485 4489 574 4552 etin
598 4489 830 4574 astipulatione
854 4488 989 4553 artificis
1012 4488 1102 4573 genii
1129 4485 1342 4574 temperando
1365 4507 1385 4550 e
1407 4485 1537 4572 paginis
1560 4485 1775 4571 pertinaciam
1797 4488 1943 4571 garruli·

254 4591 365 4656 itatis
388 4590 572 4678 obprimere
599 4597 736 4656 neturee
764 4590 839 4676 lego
867 4591 1004 4657 calcate.
1049 4591 1191 4656 lacessat
1213 4611 1233 4654 s
1255 4589 1400 4655 moribus
1424 4589 1506 4654 meis
1529 4590 1622 4674 s'equi
1646 4587 1733 4674 qnod
1752 4588 1941 4657 admissum

287 4695 382 4761 doleo
406 4703 440 4760 et
463 4694 638 4760 sublevare
662 4696 774 4783 culpas
797 4693 965 4761 imitando.
1011 4716 1087 4761 ecce
1119 4696 1235 4759 itcmm
1266 4695 1397 4781 appello
1425 4695 1556 4778 linguae
1577 4693 1687 4758 ¹ferias
1715 4693 1879 4758 foventem
1905 4702 1944 4761 et
2001 4714 2033 4755 ro

391 4953 500 5023 [00011]
530 4952 682 5023 llomniuse]
696 4972 732 5005 oa
745 4956 902 5007 llomnicae?
920 4958 954 5019 cs.
967 4975 996 5022 p.
1009 4960 1065 5019 223,
1079 4960 1113 5007 29
1207 4954 1224 5005 3
1242 4955 1388 5006 ‹listirrarem
1399 4953 1425 5004 Β
1518 4950 1535 5003 4
1553 4953 1643 5004 luetiae
1653 4952 1678 5002 B
1771 4950 1789 5002 b
1805 4952 1904 5020 degetis
1913 4954 1944 5005 B

285 5042 302 5094 o
319 5045 418 5095 certesei
432 5042 456 5093 B
519 5060 570 5109 quo
584 5042 662 5093 Sirm.
726 5058 815 5093 omnes
827 5041 852 5091 B
914 5043 947 5094 ad
962 5041 966 5106 Ι
982 5052 1082 5110 estergo
1096 5042 1121 5092 ll
1226 5040 1240 5093 7
1260 5042 1384 5093 medelam
1402 5040 1447 5091 Vl.
1545 5037 1563 5090 8
1580 5036 1625 5104 mi]
1643 5040 1705 5090 mihi
1718 5037 1794 5089 BVL
1857 5041 1942 5091 serni·

286 5128 422 5181 tionumB
492 5130 581 5181 coletis
594 5128 619 5178 B
722 5126 739 5179 9
757 5128 869 5180 obtestor
886 5128 909 5176 V
975 5137 1049 5195 post·
1058 5127 1198 5179 lotionibus
1213 5126 1237 5176 B
1306 5128 1441 5179 caelestem
1454 5126 1478 5176 B
1582 5121 1616 5177 10
1633 5142 1725 5177 munos
1736 5124 1761 5174 Β

389 5229 512 5298 [isurun]
549 5230 582 5283 12
600 5232 740 5298 pressero
753 5230 786 5295 n,
807 5211 870 5298 ,mo
886 5231 931 5282 nn
1048 5229 1081 5282 ro
1098 5231 1223 5298 possum
1236 5230 1261 5280 n
1376 5228 1608 5281 nossessiones
1722 5224 1758 5279 eo
1773 5226 1903 5293 colloqui·
1917 5226 1947 5277 r

284 5316 317 5369 21
338 5319 525 5386 postolandsll
594 5317 748 5370 dominellb

390 5420 510 5490 [tutttrv]
545 5419 734 5475 seruatorem
753 5422 792 5487 (nt
810 5422 871 5488 del.)
884 5422 909 5473 B
1019 5419 1055 5472 25
1072 5421 1207 5487 colloquiis
1223 5420 1247 5469 V
1317 5421 1446 5473 adsereret
1457 5420 1482 5470 B
1589 5416 1839 5481 26fsbu1snrur13,
1856 5418 1942 5470 lanru-

285 5508 372 5561 lentur
386 5508 481 5559 VM'U
591 5505 625 5560 27
642 5508 702 5575 mei}
720 5526 760 5562 me
774 5507 814 5561 13¹
887 5508 1023 5561 scribtione
1035 5506 1061 5557 B
1172 5504 1207 5558 28
1225 5507 1341 5559 redibere
1358 5507 1464 5570 codices,
1481 5506 1613 5558 reddereb
1684 5504 1873 5556 artificis
1892 5520 1942 5575 per

285 5595 312 5649 in
329 5596 409 5645 lirrrra
423 5594 447 5645 ll
549 5593 584 5647 29
600 5597 744 5665 opprimere
758 5594 783 5645 V
881 5593 917 5649 10
933 5593 1061 5648 emitando
1073 5591 1100 5643 Β
1167 5592 1283 5662 appelleo
1295 5589 1335 5642 Β1
1404 5594 1486 5645 feroce
1503 5593 1607 5643 iouente
1619 5588 1645 5641 B
