4500 6232
341 273 401 332 122
880 266 995 320 XCVIII
1014 266 1117 334 (Dior.
1136 269 1173 331 2),
1191 266 1225 320 IC
1243 266 1363 333 (CARM.
1383 269 1408 330 2,
1428 219 1480 335 lb).

340 449 468 506 secreta
495 443 653 505 factorum
682 440 814 523 liuguae
844 441 936 504 clave
965 461 1131 518 reserare,
1161 440 1193 503 ni
1218 441 1333 504 nierito
1363 439 1575 504 aestimemus
1597 440 1663 504 oris
1686 440 1837 506 iniuriam
1861 460 1996 505 narrare

339 545 517 619 sordentia,
548 551 581 608 et
604 545 689 629 quod
713 544 786 607 illos
809 546 938 610 actione
962 546 1101 632 perculit
1123 568 1182 609 nos
1206 547 1351 630 loquella
1373 545 1582 609 contaminet.
1628 544 1831 630 explicemus
1855 542 1996 621 interim,

310 649 457 734 7quibus
480 649 544 712 sint
568 649 628 711 ista
650 654 776 711 mutata
800 649 1016 729 successibus,
1040 657 1162 732 quanto
1187 655 1368 734 praeventa
1391 648 1565 734 splendore
1588 669 1655 713 nox
1676 648 1807 733 fugerit.
1845 646 1903 711 ubi
1920 654 1996 710 sunt

340 755 448 838 sigilla
470 753 637 816 numinum
655 752 739 814 votis
764 752 942 834 imaginata
965 753 1153 821 facientum,
1177 773 1313 836 quorum
1330 752 1432 817 lacios
1449 753 1482 815 in
1499 757 1661 837 potestate
1678 752 1836 838 pependIt
1849 750 1994 829 artificis,

339 859 456 944 quibus
480 857 620 941 pretium
644 862 701 919 aut
724 854 908 919 sollicitudo
932 856 1097 940 operantis
1120 855 1249 941 peperit
1279 863 1335 919 aut
1363 857 1552 921 metallum?
1597 856 1653 920 ubi
1684 861 1759 920 sunt
1787 855 1847 935 dii,
1877 853 1995 939 quibus
2059 874 2070 905 '»

338 963 516 1049 potentiam
541 960 701 1024 dedorunt
724 959 873 1023 homines
897 959 1024 1043 fulgore
1055 967 1278 1044 gemmarum?
1325 981 1366 1023 en
1390 960 1500 1039 video,
1533 960 1642 1023 omnia
1669 960 1734 1023 ista
1760 959 1931 1045 fugerunt,
1960 968 1996 1021 ut

307 1065 438 1130 Scredo
470 1063 618 1127 Christus
647 1064 812 1146 ingressus
845 1069 909 1127 cst:
949 1063 1160 1147 respiciamus
1196 1063 1313 1146 quibus
1347 1062 1447 1142 fultus
1477 1062 1618 1126 auxiliis.
1663 1068 1824 1127 venerunt
1853 1082 1927 1124 cum
1955 1083 1996 1125 co

299 1202 302 1208 ·
340 1170 503 1233 caelorum
528 1166 617 1244 radii,
641 1167 864 1250 apostolorum
888 1164 1083 1244 diademata,
1107 1166 1227 1230 Petrus
1251 1172 1284 1229 ot
1307 1165 1439 1231 Paulus.
1477 1167 1531 1250 qni
1555 1166 1642 1231 enim
1665 1165 1699 1229 in
1722 1165 1994 1230 restaurationem

340 1271 430 1335 aedis
462 1276 573 1335 assent
602 1270 781 1334 necessarii
814 1270 875 1332 nisi
905 1268 1104 1334 architectus
1135 1274 1169 1334 et
1199 1276 1307 1354 petra,
1344 1269 1405 1333 nisi
1435 1270 1518 1354 lapis
1547 1276 1580 1334 ct
1607 1267 1896 1355 superaedificans,
1933 1268 1995 1331 nisi

339 1374 587 1438 fundamentum
606 1381 638 1437 ct
654 1373 788 1457 opifex?
828 1373 904 1458 quid
927 1372 1099 1457 trepidatis
1123 1373 1247 1458 pericla
1269 1373 1476 1436 mortalium?
1515 1370 1592 1458 quid
1614 1373 1712 1435 anxio
1735 1372 1846 1456 fugam
1870 1370 1995 1455 paratis
2048 1387 2073 1423 ¹⁰

340 1484 504 1542 excursu?
550 1477 605 1540 ille
630 1484 680 1540 est
703 1478 754 1540 cui
778 1477 887 1540 nullus
911 1475 1088 1539 versutiam
1112 1481 1252 1538 vestram
1283 1476 1394 1559 lapsus
1423 1472 1609 1554 abscondit,
1639 1474 1695 1558 qui
1725 1494 1800 1538 cum
1828 1473 1900 1537 loeo
1929 1494 1995 1537 non

309 1581 521 1655 9movoatur,
552 1600 756 1664 quocumque
786 1579 931 1644 abieritis
960 1578 1150 1663 insequitur.
1196 1579 1270 1642 veni
1301 1599 1396 1661 orgo,
1430 1577 1576 1663 piissime
1607 1577 1751 1656 domine,
1785 1583 1819 1642 et
1846 1576 1889 1641 ad
1917 1598 1994 1641 con-

341 1684 557 1746 secrationem
588 1683 697 1767 operis
721 1683 768 1746 tui
793 1684 909 1768 plenus
932 1683 1088 1746 inlabere.
1135 1683 1205 1747 vice
1229 1681 1361 1746 humani
1384 1703 1443 1767 per
1464 1681 1625 1767 baptisma
1647 1683 1791 1768 pectoris
1814 1688 1997 1768 purgentur

341 1787 423 1850 haec
446 1786 570 1871 templa
593 1787 678 1872 turpi
703 1787 861 1850 hactenus
886 1785 1035 1850 dedicata
1063 1785 1257 1870 patrocinio.
1302 1786 1450 1865 institue,
1482 1785 1622 1867 domine,
1651 1784 1809 1850 vertendo
1834 1785 1997 1849 sacrificia

341 1896 384 1967 et,
408 1889 484 1952 dum
509 1890 596 1974 puris
621 1891 824 1954 cumulamus
847 1891 964 1955 altaria
988 1898 1103 1954 sancta
1125 1890 1279 1971 donariis,
1302 1891 1521 1976 praesentiam
1537 1898 1613 1956 tuae
1628 1891 1811 1956 maiestatis
1827 1890 1997 1972 intersere,
2048 1904 2073 1942 ¹⁵

341 2000 497 2058 evocatus
521 2001 706 2057 sanctorum
730 1996 846 2059 morito
871 1994 1089 2071 sacerdotum,
1113 1994 1210 2059 electi
1235 2015 1380 2060 seorsum
1405 1995 1587 2080 praesentis
1603 1992 1705 2080 patris
1721 1993 1826 2058 nostri
1838 1993 1997 2058 Laurenti

294 2098 328 2155 m
342 2097 552 2176 conscientia,
577 2099 631 2181 qui
655 2104 703 2161 tot
725 2099 842 2183 plenus
866 2099 994 2163 dotibus
1018 2098 1058 2163 ad
1083 2100 1243 2164 ecclesiae
1267 2099 1401 2184 fastigia
1423 2099 1535 2178 crevit,
1559 2104 1638 2183 quot
1657 2097 1813 2162 fecissent
1835 2118 1997 2163 summum

341 2202 470 2285 singula
500 2221 649 2286 quaeque
681 2201 884 2286 pontificem,
915 2203 947 2266 in
975 2224 1038 2288 quo
1061 2209 1177 2268 vernat
1205 2203 1357 2288 princeps
1385 2202 1460 2266 boni
1488 2202 1594 2287 operis
1622 2208 1655 2266 et
1682 2207 1787 2265 mater
1815 2199 1998 2265 honestatis

341 2302 553 2376 verecundia,
588 2304 754 2389 religionis
789 2311 920 2370 sanctae
949 2306 1061 2369 nutrix
1091 2306 1267 2391 patientia,
1299 2305 1396 2371 deum
1420 2325 1551 2390 semper
1582 2305 1751 2391 placatura
1781 2303 1906 2389 pietas,
1942 2303 1997 2388 qui

342 2409 573 2472 ecclesiasticis
603 2409 758 2472 membris
786 2431 852 2473 non
881 2431 1031 2474 sermone
1055 2410 1142 2474 vitae
1172 2409 1321 2473 instituta
1349 2407 1461 2473 tribuit
1489 2407 1547 2472 sed
1572 2406 1748 2493 exemplis,
1780 2407 1835 2491 qui
1865 2427 1996 2470 omnem
2048 2417 2075 2455 2²⁰

343 2511 470 2583 callem,
498 2532 560 2594 quo
584 2511 624 2575 ad
650 2511 746 2576 deum
771 2514 844 2592 itur,
870 2512 945 2576 dum
971 2513 1123 2597 praevius
1147 2511 1278 2592 inocdit,
1302 2511 1454 2591 ostendit,
1478 2511 1652 2576 adiuvante
1674 2531 1710 2575 se
1733 2510 1861 2575 domino
1885 2517 1997 2574 nostro

343 2613 417 2677 Iesu
442 2613 572 2678 Christo
597 2637 669 2679 cum
694 2624 787 2700 patre
813 2623 970 2700 regnante
994 2615 1026 2678 in
1051 2615 1182 2679 saecula
1206 2615 1420 2679 saeculorum.
1466 2636 1570 2678 aman.

1019 2938 1065 3006 lc
1087 2939 1193 3025 (uasa.
1211 2944 1241 3020 2,
1261 2941 1324 3024 10).

699 3133 881 3206 VERSVS
909 3135 956 3206 lN
983 3134 1119 3206 DOMO
1147 3133 1409 3207 MEDIOLANI
1437 3134 1637 3211 SCRIPTI.

712 3317 858 3381 Aedibus
883 3318 923 3381 ad
948 3319 1081 3403 genium
1105 3318 1168 3382 duo
1192 3324 1267 3382 sunt
1292 3339 1449 3382 concessa
1472 3341 1531 3404 per
1553 3340 1681 3386 aarum.

760 3421 795 3486 si
819 3424 947 3487 niteant
970 3423 1088 3487 crustis
1112 3430 1167 3484 aut
1190 3422 1311 3485 domini
1335 3422 1460 3488 merito.

711 3527 861 3591 Ilerbida
884 3535 1051 3613 pasturam
1075 3527 1263 3590 simulantia
1286 3548 1367 3590 saxa
1389 3527 1546 3592 virentem

757 3633 913 3697 Iulieiant
936 3634 1059 3711 oculos,
1083 3633 1242 3696 nobiliore
1267 3631 1342 3695 dolo

641 3752 651 3785 ⁵
696 3738 818 3802 -Pellat
842 3758 932 3822 opus,
956 3744 1065 3801 tamen
1089 3742 1158 3800 arte
1183 3742 1275 3821 regat
1298 3742 1413 3799 natura
1435 3734 1570 3819 figuras.

758 3840 896 3904 Viscera
919 3839 995 3904 dum
1019 3838 1163 3925 lapidum
1186 3840 1280 3923 fingit
1302 3837 1509 3922 imaginibus,

711 3943 895 4007 (laudarem
919 3964 1015 4008 roseo
1040 3940 1214 4028 perfundat
1236 3941 1332 4006 docta
1355 3940 1483 4021 rubore,

758 4045 925 4130 Depingat
948 4047 1071 4131 sparsis
1095 4066 1239 4130 congrua
1261 4045 1408 4110 membra
1430 4044 1531 4109 notis:

710 4148 834 4212 Aumm
859 4150 988 4213 culmen
1011 4149 1093 4214 ebur
1115 4148 1244 4213 tabulas
1267 4149 1434 4233 laquearia
1456 4170 1602 4233 gemmas

630 4266 654 4302 ¹0
759 4250 831 4314 Non
855 4250 951 4315 datur
973 4252 1124 4316 humanis
1148 4252 1222 4337 plus
1245 4252 1377 4315 rutilare
1401 4249 1504 4316 bonis.

711 4355 749 4419 ln
774 4357 878 4440 pretio
903 4357 1007 4421 cautis
1031 4357 1097 4421 fors
1122 4364 1155 4420 et
1178 4358 1248 4421 sine
1273 4358 1348 4441 lege
1370 4357 1509 4419 iocatur:

758 4458 901 4524 Moribus
925 4468 961 4525 ut
985 4469 1126 4542 constes,
1151 4461 1259 4540 crede,
1283 4461 1402 4525 laboris
1426 4461 1497 4525 erit.

450 4734 461 4783 l
483 4736 606 4785 laetorum
621 4734 657 4796 B,
679 4736 814 4784 coarctari
900 4736 991 4800 lingua
1004 4736 1028 4785 B
1149 4736 1166 4786 ⁶2
1184 4739 1286 4803 loquela
1302 4737 1326 4785 V
1413 4738 1599 4788 contaminarat
1610 4738 1689 4788 Siras.
1811 4738 1828 4790 3
1846 4758 1899 4792 uox
1916 4741 1999 4809 splen·

344 4820 404 4870 dore
421 4819 464 4868 Vl.
471 4819 538 4870 TGP
672 4817 689 4870 4
707 4821 839 4870 nominum
850 4819 875 4869 Β
879 4828 894 4855 ⁰
1032 4820 1048 4871 5
1066 4823 1164 4888 peperit
1181 4823 1310 4888 operantis
1325 4820 1370 4870 VJ.
1377 4820 1444 4872 TCP
1580 4821 1597 4873 li
1615 4822 1718 4875 bomine
1734 4823 1774 4872 V⁰
1878 4833 1907 4877 ut
1924 4827 1998 4878 credo

344 4907 467 4970 fugeruut
483 4905 526 4954 VJ.
532 4905 600 4955 Tor>
719 4903 733 4954 7
752 4904 857 4972 quibus]
876 4908 950 4957 cuius
962 4908 987 4957 B
1073 4926 1130 4959 curn
1149 4926 1180 4959 co
1198 4927 1258 4960 aux.
1276 4909 1390 4960 celorum
1406 4910 1468 4970 (aux
1480 4913 1548 4974 cap.)
1561 4908 1586 4958 B
1706 4910 1724 4961 8
1741 4912 1955 4963 restaurationem
1967 4912 1999 4972 Β,

344 4993 530 5043 restauratione
548 4993 623 5043 ceteri
738 4989 768 5040 10
786 4993 899 5058 pericula
915 4993 973 5044 CPb
1048 4996 1115 5058 quod
1134 4996 1211 5045 anxio
1225 4994 1270 5044 Ba
1386 4992 1414 5044 ll
1436 4994 1520 5044 nullas
1538 4993 1586 5057 1⁷⁰,
1604 4996 1703 5047 nullam
1718 4994 1776 5047 OPb
1853 5014 1913 5048 cnm
1933 4995 1999 5064 (sup.

344 5092 358 5124 c
377 5075 423 5139 lit.)
438 5076 462 5126 B
600 5075 633 5127 15
651 5078 803 5144 presentiam
820 5077 824 5140 Ι
840 5086 911 5128 tuam
930 5085 989 5129 tuae
1007 5079 1032 5128 B
1170 5078 1202 5129 lli
1219 5081 1308 5131 electis
1320 5080 1345 5129 Β
1450 5077 1570 5129 laurentii
1588 5076 1645 5128 lvo
1785 5075 1816 5129 11
1834 5079 1963 5133 dontibus
1976 5079 2000 5132 B

345 5173 407 5226 quot
426 5162 466 5212 W
483 5173 506 5214 et
525 5162 612 5226 Sirra,
631 5165 698 5229 quud
717 5165 791 5215 cereri
898 5162 929 5213 19
947 5165 1082 5230 relegionis
1095 5166 1120 5215 Β
1189 5183 1288 5231 semper
1306 5184 1353 5216 oni.
1368 5165 1393 5214 Β
1497 5161 1532 5215 ‘20
1550 5164 1641 5215 tribuit
1652 5164 1685 5226 B,
1703 5165 1798 5217 tribuet
1816 5166 1893 5218 eston*

449 5262 502 5332 [lc]
539 5284 563 5315 v.
581 5263 598 5315 2
616 5263 717 5329 crrrstisl
735 5267 818 5316 cristis
832 5265 878 5314 Ba
982 5285 1004 5316 v.
1025 5266 1042 5314 Β
1060 5269 1138 5333 pellat
1156 5269 1209 5318 scil.
1227 5268 1323 5328 «mulos,
1342 5268 1415 5320 fallat
1428 5267 1522 5319 Hartcl
1626 5286 1651 5321 v.
1671 5263 1687 5317 7
1704 5269 1778 5321 docta
1795 5269 2001 5348 ruboremipsi,

345 5350 418 5400 docta
438 5352 527 5402 robore
539 5351 572 5405 Β,
590 5352 677 5402 doctor
693 5351 784 5402 arbore
797 5351 828 5413 L,
848 5353 935 5402 doctor
952 5354 984 5403 ab
1003 5371 1046 5405 ure
1065 5356 1110 5405 rel.
1216 5371 1240 5402 v.
1262 5352 1366 5419 lteris]
1385 5362 1438 5406 eret
1450 5351 1492 5415 B¹
