4500 6232
725 274 818 336 nxvr
836 275 956 349 (annu.
976 276 999 346 1,
1019 279 1054 349 r),
1072 273 1179 335 xxvn
1196 279 1317 349 (essu.
1336 282 1360 347 1,
1377 281 1414 350 a).

708 455 814 532 Quam
836 478 897 545 per
919 462 1054 522 exactos
1076 476 1229 522 numeras
1250 463 1379 543 poetes,

913 559 1019 626 Necte
1042 561 1190 647 capillos.

708 665 821 731 Sulcat
842 665 1025 730 inmensum
1047 664 1185 751 pelagus
1209 663 1328 744 carina,

706 768 823 834 Nescit
844 767 887 832 ad
908 768 1038 832 clavum
1061 787 1177 832 manus
1200 772 1278 854 apta
1299 765 1389 847 ferri,

707 871 780 946 Quo
804 877 900 937 vocat
923 870 1075 936 dextrum
1098 870 1244 955 regimen
1267 891 1327 956 per
1347 867 1452 934 undas

912 973 1003 1039 Artis
1026 973 1162 1039 amicus.

706 1078 821 1164 Pergis
845 1075 884 1142 ad
908 1076 1077 1158 Pensm,
1100 1077 1256 1142 trutinam
1278 1076 1455 1162 loquellas,

707 1180 772 1245 Ore
795 1180 850 1266 qui
872 1183 1001 1247 vastum
1024 1179 1115 1244 valet
1136 1185 1172 1242 ut
1194 1177 1401 1265 profundum,

705 1284 796 1350 Luce
818 1305 915 1370 quem
937 1282 1079 1348 mundus
1103 1289 1279 1346 veneratur
1301 1281 1375 1369 ipsa

911 1386 1154 1452 Dexteriorem.

706 1491 844 1557 Aurium
866 1490 984 1556 libram
1007 1496 1099 1555 tenet
1121 1488 1155 1552 in
1178 1485 1342 1552 Camenis.

706 1596 800 1662 Illius
822 1597 944 1661 ferrum
967 1601 1058 1660 secat
1081 1612 1177 1657 omne
1199 1591 1328 1674 vulnus,

707 1699 889 1786 Quodquod
911 1696 1049 1764 internis
1071 1696 1153 1761 latet
1175 1695 1209 1759 in
1231 1695 1385 1761 modullis

912 1801 1074 1866 Carminis
1097 1801 1218 1886 aegri·

708 1907 743 1972 Si
764 1927 856 1973 meos
879 1907 960 1972 velit
981 1905 1127 1970 modicos
1149 1902 1340 1991 thyrambos

707 2011 830 2092 Mente,
853 2031 918 2097 qua
941 2014 1093 2074 cunctum
1115 2006 1306 2073 moderatur
1329 2007 1453 2089 orbam,

706 2115 799 2181 Inter
820 2115 982 2180 infantum
1004 2112 1132 2178 triviale
1155 2133 1302 2176 murmur

911 2216 1074 2299 Pendere,
1097 2217 1169 2281 laus
1193 2221 1253 2282 est.

916 2424 991 2490 Lux
1012 2445 1097 2505 mea,
1120 2423 1253 2505 Fauste,

914 2528 1064 2616 Spesque
1086 2528 1251 2612 salusque,

912 2633 1147 2698 Litterularum

912 2736 1052 2802 Munera
1072 2756 1175 2823 parva

914 2840 1051 2929 Suscipe
1074 2839 1190 2904 laetus.

913 2942 968 3008 Sic
992 2948 1049 3007 tua
1072 2962 1218 3007 summus

914 3045 1071 3112 Germiua
1095 3045 1246 3111 Christus

912 3149 1038 3216 Lucida
1061 3158 1182 3216 servet.

916 3253 1054 3340 Porrige
1078 3253 1229 3319 dextram

911 3357 1062 3423 Numinis
1086 3357 1175 3424 almi.

913 3460 1016 3527 Grata
1038 3460 1179 3526 Tonanti

913 3566 1017 3631 Farra
1038 3565 1177 3652 piorum.

876 3873 1020 3942 XXVII
1043 3874 1149 3962 (canu.
1169 3876 1197 3955 1,
1220 3872 1267 3960 8).

927 4068 1217 4144 PRAEFATIO.

351 4202 397 4294 N
400 4251 443 4295 on
464 4229 558 4316 ponit
586 4228 729 4294 fistulam
763 4231 913 4314 quotiens
944 4230 1101 4295 rusticum
1131 4250 1233 4316 pecus
1260 4228 1400 4315 agrestis
1432 4235 1545 4316 pastor
1572 4230 1763 4318 inspexerit.
1808 4227 1927 4294 mutel

243 4354 378 4399 nemora
409 4333 656 4399 formidolosam
692 4333 904 4399 solitudinem
938 4335 1080 4422 pariunt,
1120 4340 1153 4398 et
1186 4333 1307 4418 ubique
1337 4339 1444 4398 metus
1474 4340 1536 4415 est,
1569 4334 1698 4418 quando
1730 4334 1838 4400 nullus
1867 4335 1901 4398 in

247 4436 405 4502 salnaium
429 4437 552 4503 deserti
576 4458 675 4521 sqnus
699 4437 840 4502 auditur.
873 4437 932 4502 sed
955 4438 983 4503 si
1006 4459 1157 4503 aurarum
1181 4436 1286 4501 sibilis
1306 4435 1459 4501 arborum
1476 4458 1589 4502 comas
1605 4438 1737 4523 linguae
1755 4439 1899 4526 speciem

178 4553 191 4590 ⁵
246 4542 446 4606 mentientur
468 4540 651 4607 stridente
675 4541 837 4607 frondium
867 4546 958 4605 motu
985 4541 1131 4628 appellet
1160 4539 1326 4605 bominem
1353 4539 1496 4605 iucunda
1523 4541 1705 4621 concussio,
1732 4538 1901 4627 putabitur

244 4644 466 4710 ambientibus
488 4644 595 4710 latera
614 4644 763 4710 coetibus
785 4645 959 4726 interesse,
982 4666 1043 4711 neo
1060 4645 1201 4729 aliquam
1218 4665 1406 4709 aerumnam
1423 4644 1535 4730 gemit,
1558 4666 1654 4730 quem
1670 4645 1757 4710 inter
1772 4651 1902 4710 secreta

244 4766 304 4810 sua
336 4748 409 4835 ipsa
441 4753 559 4812 natura
591 4748 794 4834 quibuslibet
828 4749 1000 4815 elementis
1032 4749 1219 4834 alloquitur.
1264 4747 1353 4811 iuvat
1386 4755 1464 4812 tuuc
1498 4748 1711 4813 exultationis
1745 4743 1930 4813 comitem2

245 4850 389 4915 fistulam
413 4851 508 4916 labiis
531 4850 707 4917 admovere
731 4858 765 4918 et
786 4852 920 4918 flatibus
942 4873 1002 4939 per
1023 4851 1199 4918 testudinis
1223 4851 1343 4915 rimosa
1366 4850 1524 4938 dispersis
1547 4850 1709 4938 quandam
1726 4849 1767 4916 de
1783 4849 1901 4937 spiritu

348 5163 373 5197 v.
392 5144 425 5197 ol
444 5153 550 5198 exactus
562 5145 588 5195 B
669 5141 800 5213 numeras]
818 5161 938 5197 munorss
956 5144 1052 5196 Hartel
1127 5145 1223 5196 amicos
1241 5145 1337 5196 micio
1465 5162 1490 5196 v.
1508 5142 1542 5197 57
1560 5145 1681 5211 loqnillso
1694 5139 1729 5204 Β,
1748 5141 1864 5208 loquelus
1880 5140 1905 5189 V

244 5250 270 5284 r.
288 5230 322 5284 58
340 5232 442 5285 nalitB
580 5251 606 5285 v.
624 5230 659 5284 65
681 5235 746 5288 uelit
768 5234 873 5299 scripsi,
900 5233 973 5284 uellit
994 5233 1104 5296 codices,
1130 5232 1210 5284 uallet
1230 5232 1289 5282 edit.
1385 5231 1534 5298 thyrambos
1554 5229 1647 5293 Simo,
1674 5228 1807 5296 tyrambns
1824 5225 1902 5277 BVJ.

245 5336 270 5369 v.
288 5316 323 5369 66
341 5317 525 5372 modorstan
629 5335 653 5370 v.
673 5315 706 5370 71
724 5319 893 5371 litterularum
905 5318 931 5368 B
1034 5337 1058 5371 v.
1079 5315 1113 5369 lt
1130 5336 1245 5370 mumors
1259 5317 1285 5368 B
1388 5336 1413 5370 v.
1432 5315 1465 5369 78
1483 5317 1595 5369 numinis
1606 5315 1640 5379 B,
1656 5316 1766 5367 nominis
1784 5314 1860 5366 σείοντ’

350 5418 474 5489 [xxvn]
517 5419 632 5490 2ponit]
650 5421 772 5490 ponetB,
793 5423 948 5474 cunitcetcri
1034 5423 1153 5474 sestulam
1166 5420 1229 5489 131,
1252 5424 1338 5475 fistula
1355 5422 1430 5474 ceteri
1557 5417 1692 5486 deponam
1713 5436 1769 5485 sup.
1787 5419 1833 5470 lin.
1852 5414 1902 5467 iB

242 5506 262 5560 b
280 5509 388 5577 appellit
403 5504 431 5561 B
569 5507 587 5559 6
603 5506 728 5574 coetibus]
746 5510 882 5562 coelitibus
902 5507 944 5559 1¹¹
1081 5507 1097 5560 7
1115 5507 1260 5576 elementis]
1277 5509 1335 5560 aliis
1347 5509 1362 5558 b
1367 5546 1375 5571 ‚
1397 5525 1447 5559 om.
1467 5504 1546 5557 Sirm.
1631 5505 1705 5557 iubat
1716 5501 1744 5556 B
1830 5504 1902 5557 exul·

244 5594 349 5647 udonis
361 5591 461 5661 Buca,
478 5595 634 5648 sxnlstionis
652 5594 678 5645 V
690 5603 714 5647 et
732 5593 821 5660 sim,
837 5613 917 5662 wana
935 5595 1065 5648 laetiorum
1083 5595 1156 5647 barad
1173 5596 1223 5648 scio
1241 5613 1278 5647 an
1290 5596 1433 5663 presseras
1535 5587 1689 5644 asseculam
1702 5588 1730 5643 B
