4500 6232
720 293 824 349 ccclv
843 292 966 362 (EPIST.
983 295 1008 359 6,
1026 294 1071 362 31)
1090 324 1122 333 -
1141 293 1244 349 cccv!
1264 292 1386 362 (eamr.
1405 295 1429 360 7,
1449 296 1484 364 1).
1861 301 1921 363 231

275 470 306 532 in
331 468 531 553 longioribus
561 489 755 554 persequor,
788 469 914 534 habens
945 469 1126 555 promissae
1154 471 1301 534 caritatis
1330 471 1530 535 memoriam.
1577 471 1721 551 domine,
1751 480 1789 536 ut
1817 494 1925 559 supra,

277 573 507 637 salutationem
531 572 748 657 largissimam
772 574 915 638 ollcrcns
938 595 1076 658 quaeso,
1106 581 1142 638 ut
1169 574 1316 639 debitum
1345 575 1470 659 gratiae
1495 575 1546 638 vel
1570 597 1656 639 nune
1679 577 1793 661 exigat
1814 577 1924 662 inpor-

274 677 407 759 tunitas,
431 676 507 742 dum
533 676 731 764 providetur,
754 683 917 761 quatenus
940 677 1089 744 ardorem
1114 677 1269 744 desiderii
1292 679 1428 765 prolixis
1454 679 1579 744 satietis
1601 679 1760 765 alloquiis.

913 968 1020 1039 cccv
1043 970 1152 1056 (nsi.
1169 973 1199 1051 o,
1217 971 1283 1057 aa).

847 1148 1084 1232 ENNODIVS
1110 1149 1354 1224 FIRMINAE.

384 1277 563 1388 Quotiens·
574 1309 682 1372 votiva
700 1329 751 1372 res
767 1315 903 1393 repente
920 1308 1103 1392 eontigerit,
1126 1309 1266 1395 pretium
1285 1309 1326 1373 de
1341 1310 1413 1395 ipsa
1428 1311 1586 1395 temporis
1603 1309 1763 1374 brevitate
1781 1312 1923 1374 sortitur.
1942 1318 1954 1376 l

274 1413 425 1477 caelest-is
448 1415 534 1478 enim
558 1421 593 1476 ut
617 1419 743 1475 crescat
758 1410 900 1476 benificii
917 1411 1044 1495 genius,
1068 1410 1210 1475 subitum
1229 1411 1307 1477 facit
1323 1412 1502 1499 essequod
1518 1413 1643 1487 tribuit,
1667 1434 1708 1477 ne
1732 1413 1927 1478 devenustet

274 1523 462 1600 sperantum
492 1516 664 1602 prolixitas
692 1513 950 1579 misericordiam
979 1514 1157 1599 largitoris.
1203 1515 1276 1600 quis
1306 1515 1393 1580 euim
1423 1516 1577 1581 effectum
1606 1514 1759 1581 desiderii
1790 1524 1925 1602 repente

275 1619 456 1704 suscipiens
479 1640 544 1683 non
568 1616 695 1682 avidius
719 1618 894 1702 impetrata
917 1624 1111 1683 veneretur?
1157 1619 1205 1682 sic
1234 1618 1361 1683 litteras
1390 1619 1626 1704 magnitudinis
1651 1626 1780 1684 vestrae
1810 1621 1926 1684 sitiens

274 1728 420 1807 tempore
445 1722 656 1808 profectionis
678 1721 801 1807 accepi.
846 1720 1000 1786 dolebam
1024 1720 1129 1787 fateor
1152 1729 1186 1786 et
1209 1722 1422 1787 vehementer
1450 1722 1609 1807 angebar,
1640 1722 1716 1787 dum
1747 1745 1807 1788 uec
1830 1723 1958 1788 obse-2

275 1826 424 1910 quiorum
449 1846 595 1890 meorum
615 1824 759 1911 perlator
774 1824 934 1905 existeret
950 1846 1012 1890 nee
1028 1825 1195 1912 sospitatis
1211 1833 1341 1890 vestrae
1357 1824 1562 1911 digressurus
1578 1826 1665 1890 bena
1681 1847 1924 1910 cognoscerem.

275 1949 352 1993 eece
375 1934 546 2013 utrumque
568 1928 658 1992 frons
682 1927 767 1992 bona
789 1928 964 1992 concessit:
995 1928 1108 2016 accepi
1131 1929 1254 2015 pariter
1276 1928 1397 1993 indicia
1419 1937 1533 2014 optata
1554 1949 1639 2016 quae
1663 1928 1781 2009 refero,
1806 1936 1838 1994 et
1857 1952 1922 1995 uno

275 2030 454 2117 eodemque
478 2039 626 2116 tempore
651 2051 836 2115 regressum
854 2052 906 2095 me
924 2029 964 2095 de
981 2030 1121 2118 Alpibus
1138 2030 1255 2096 Cottiis
1277 2039 1310 2096 et
1333 2032 1526 2098 Rauennate
1551 2033 1699 2118 significo
1723 2034 1785 2097 iter
1807 2032 1924 2119 adrep-

275 2141 392 2198 turum.
438 2141 528 2198 orate
552 2140 588 2198 ut
611 2135 709 2198 uariis
732 2134 881 2199 laborum
906 2135 1026 2199 iactato
1051 2134 1262 2199 incommodis
1285 2136 1478 2221 patientiam
1502 2157 1665 2221 supernae
1688 2136 1926 2202 benedictionis

273 2259 391 2302 munus
415 2237 572 2302 infundat.
618 2260 670 2303 me
699 2245 808 2303 autern
836 2239 924 2323 quod
952 2237 993 2302 ad
1022 2237 1201 2303 custodiam
1225 2239 1352 2323 gratiae
1377 2240 1526 2304 culminis
1550 2240 1650 2304 vestri
1673 2239 1828 2325 splendor
1849 2240 1957 2306 hor-3

275 2347 372 2420 tatur,
396 2340 523 2405 facilius
547 2341 645 2406 eredo
669 2362 782 2405 cursus
806 2341 973 2406 fluminum
991 2341 1024 2405 in
1039 2340 1170 2407 diversa
1185 2342 1332 2406 revocari
1350 2349 1383 2407 et
1399 2343 1522 2407 relictis
1545 2342 1738 2406 fluentorum
1763 2342 1926 2409 alimoniis

274 2445 389 2510 aether
418 2466 556 2509 vacuum
587 2445 695 2531 pisces
726 2453 901 2531 expetere,
935 2465 1032 2532 quam
1066 2451 1231 2510 tantorum
1262 2466 1314 2511 me
1348 2446 1559 2512 inmemorem
1590 2445 1712 2511 delicta
1742 2447 1925 2513 restituant.

274 2549 361 2634 quod
385 2555 549 2635 superest,
573 2548 696 2629 valete,
720 2549 765 2612 mi
788 2548 930 2628 domina,
953 2556 988 2614 et
1010 2547 1208 2634 redemptori
1233 2554 1345 2614 nostro
1369 2570 1427 2636 pro
1451 2570 1593 2637 persona
1614 2549 1758 2635 suseepti
1781 2549 1925 2614 incessa-

275 2651 385 2717 biliter
407 2652 599 2740 supplicate.

915 2856 1043 2927 eccll
1065 2858 1175 2941 (erar.
1193 2861 1223 2940 7,
1241 2858 1285 2943 1).

868 3035 1106 3111 ENNODIVS
1133 3035 1341 3110 IVLIANO.

388 3167 594 3282 Praeceptis
630 3194 864 3281 magnitudinis
898 3201 1027 3260 vestrae
1061 3195 1278 3259 ministerium
1313 3193 1496 3259 dovotionis
1531 3194 1748 3273 exsolvimus,
1781 3193 1858 3280 quia
1889 3194 1953 3259 fitl

276 3299 432 3384 aequitati
460 3300 627 3384 proximus
653 3299 707 3384 qui
736 3299 811 3362 iusti
838 3298 897 3362 viri
928 3298 1059 3363 monitis
1087 3296 1299 3363 obsecundat.
1345 3297 1550 3382 negotiorum
1580 3296 1736 3382 qualitas,
1768 3317 1852 3382 quae
1883 3296 1925 3361 ab

277 3403 382 3467 amieo
405 3403 551 3468 veritatis
574 3401 786 3488 agnoscenda
814 3403 1041 3483 committitur,
1072 3402 1225 3466 cantione
1257 3400 1390 3464 iustruit
1419 3401 1560 3464 animum
1589 3400 1769 3484 cognitoris
1797 3399 1928 3485 integri.

276 3505 492 3572 adfectionem
516 3505 688 3571 infudisset
710 3504 804 3570 nobis
828 3504 1060 3590 magnitudinis
1077 3512 1206 3569 vestrae
1224 3504 1453 3585 consideratio,
1477 3504 1504 3568 si
1528 3503 1638 3568 studia
1661 3524 1726 3567 non
1750 3501 1927 3568 dedissent.

277 3609 310 3672 in
334 3610 466 3694 negotio
490 3609 600 3695 igitur,
623 3610 711 3695 quod
735 3610 821 3675 inter
843 3609 1026 3675 Bautonem
1052 3611 1161 3695 regiae
1185 3608 1299 3675 domus
1322 3607 1553 3673 conductorem
1571 3614 1605 3672 et
1620 3606 1807 3694 Ilpisanium
1830 3605 1959 3671 char-2

200 3724 212 3764 ἰ’
278 3712 394 3776 tarium
411 3712 558 3793 vertitur,
582 3712 659 3777 dum
677 3734 798 3800 anceps
813 3713 846 3779 in
863 3713 1100 3801 disceptatione
1117 3719 1227 3778 nostra
1243 3719 1380 3778 eventus
1397 3716 1529 3776 uuta'ret
1551 3716 1584 3774 et
1606 3710 1736 3775 alterna
1758 3730 1793 3775 se
1817 3716 1926 3798 partes

277 3816 458 3880 intentione
488 3815 706 3897 conliderent,
738 3817 913 3883 adserente
936 3817 1085 3882 Bautone
1115 3839 1151 3882 se
1182 3817 1357 3902 sexaginta
1380 3820 1589 3900 etquattuor
1617 3811 1738 3877 solidos
1767 3813 1926 3901 publicos,

278 3940 359 4004 quos
382 3920 423 3984 de
446 3919 573 4005 reliqua
595 3920 778 3985 indictionis
802 3921 889 3985 illius
912 3920 1033 3986 smisso
1057 3919 1274 4006 chirographo
1303 3919 1410 3985 fuerat
1437 3917 1559 3983 debere
1590 3915 1776 3997 coufessus,
1807 3915 1926 3982 ideireo

278 4043 343 4088 non
368 4045 464 4109 posse
488 4025 673 4104 restituere,
697 4024 775 4109 quia
797 4044 857 4110 per
872 4044 988 4088 manus
1004 4023 1152 4088 sublimis
1167 4023 1228 4087 viri
1245 4022 1387 4088 Proieeti
1404 4019 1620 4107 quadraginta
1636 4018 1758 4085 solidos
1775 4017 1928 4106 Epifanie

279 4127 424 4211 suffragii
447 4128 578 4194 nomine
602 4128 808 4206 contulisset,
837 4148 895 4213 pro
924 4126 1043 4212 quibus
1071 4127 1196 4191 nullum
1227 4124 1420 4189 beneficium
1449 4128 1598 4188 secutum
1621 4122 1721 4188 luisse
1744 4121 1927 4203 doceretur,

280 4236 313 4296 et
335 4229 510 4316 replicaret
532 4231 601 4317 ipse
625 4229 813 4318 Epifauius,
842 4251 877 4295 se
901 4230 929 4294 si
952 4229 1030 4315 quid
1053 4229 1253 4316 accepisset,
1275 4228 1390 4292 labore
1414 4227 1572 4292 meruisse
1595 4246 1657 4292 nee
1680 4226 1800 4290 frustra
1823 4225 1929 4292 sibia

278 4333 428 4398 Bautone
445 4334 616 4419 quicquam
632 4333 732 4399 fuisse
749 4333 914 4398 conlatum
929 4333 980 4398 vel
996 4332 1114 4421 prolati
1130 4333 1226 4397 testis
1242 4330 1340 4397 fidem
1356 4329 1506 4395 laudibus
1522 4330 1724 4394 incessanter
1739 4328 1927 4395 adtolleret:

279 4437 452 4501 statuimus
475 4443 511 4501 ut
533 4436 593 4501 sub
616 4436 826 4502 iureiurando
851 4436 954 4521 (mihi)
979 4436 1167 4502 nominatus
1190 4435 1340 4522 superius
1355 4434 1405 4498 vir
1419 4432 1536 4498 nobilis
1552 4431 1722 4497 Proiectus
1747 4437 1780 4497 et
1803 4431 1958 4518 sperati3

278 4560 382 4623 genus
404 4540 586 4605 declararet
609 4539 760 4605 beneficii
784 4546 818 4605 et
841 4540 1007 4619 effectum,
1031 4539 1058 4604 si
1082 4540 1127 4604 ita
1150 4545 1251 4619 esset,
1275 4536 1445 4603 adsereret
1468 4556 1532 4601 nou
1557 4540 1722 4611 secutum;
1745 4534 1831 4621 quod
1854 4557 1927 4600 eum

279 4642 765 4730 luissetinpletum,1⁴lpilanius
783 4648 952 4731 acceptam
969 4641 1131 4729 pecuniae
1149 4640 1338 4708 refunderet
1353 4639 1580 4726 quantitatem.
1614 4638 1750 4705 nuncin
1766 4642 1928 4727 pot'ostate

280 4752 332 4812 est
354 4747 503 4811 culminis
526 4747 626 4811 vestri
649 4745 849 4814 decisionem
872 4752 1027 4827 nostram,
1051 4747 1078 4811 si
1101 4747 1220 4833 placet,
1245 4744 1439 4810 auctoritate
1460 4741 1585 4808 fulcire.

380 4952 397 5007 3
415 4957 559 5024 prouiditur
571 4955 596 5006 B
663 4956 785 5023 quatinus
800 4955 824 5005 V

382 5059 489 5129 [CCCV]
524 5060 542 5113 4
559 5061 683 5114 terminas
695 5059 771 5111 BVL
879 5056 897 5110 5
914 5058 1056 5125 contigerat
1067 5056 1093 5107 B
1200 5053 1217 5106 6
1235 5054 1354 5106 δοηοῆαὶἰ
1369 5052 1394 5103 V
1458 5053 1551 5121 genius
1568 5053 1588 5112 (i
1605 5052 1634 5103 in
1649 5050 1698 5116 la)
1710 5050 1736 5104 B
1841 5047 1856 5100 'l
1874 5067 1931 5118 pre·

278 5150 369 5202 laxitas
384 5148 410 5199 B
513 5149 645 5215 largitores
661 5146 686 5197 B
788 5146 907 5198 affectum
924 5145 1017 5211 scripsi
1035 5145 1080 5212 (cs.
1094 5161 1124 5210 p.
1137 5147 1190 5206 162,
1201 5146 1235 5193 99
1253 5145 1305 5203 lab,
1317 5145 1347 5192 91
1365 5144 1421 5203 227,
1434 5144 1450 5190 9
1466 5137 1534 5204 cto),
1551 5139 1670 5191 matum
1688 5138 1750 5190 libri
1852 5134 1869 5187 9
1886 5153 1931 5188 su·

278 5236 352 5302 gibur
367 5232 408 5285 13¹
504 5251 552 5286 nee
574 5251 629 5300 rap.
643 5233 689 5284 lia.
706 5228 751 5282 Β2
883 5229 917 5283 10
937 5231 1069 5299 suspitstis
1086 5226 1128 5281 131
1261 5225 1291 5278 11
1318 5222 1401 5293 frons]
1419 5242 1475 5277 sors
1491 5227 1531 5277 ael
1547 5227 1600 5277 fors
1617 5225 1712 5277 conicio
1807 5223 1889 5289 accipi
1905 5221 1931 5273 B

280 5318 313 5373 19
330 5322 492 5388 adrepturam
505 5319 558 5384 130,
574 5326 735 5387 arrepturum
751 5316 776 5367 V
876 5315 909 5370 13
925 5319 1033 5371 iactatos
1044 5317 1070 5368 B
1139 5315 1315 5367 incommodus
1327 5311 1374 5363 Βιι
1478 5310 1512 5364 16
1529 5312 1642 5379 expetire
1654 5310 1679 5362 B
1747 5310 1841 5362 dilecte
1852 5309 1879 5361 B

384 5421 503 5491 [OECVI]
529 5420 565 5475 90
582 5421 726 5473 &notionis
745 5419 985 5488 (cf-p.166,29)b,
1001 5418 1148 5472 debutiouis
1159 5416 1193 5481 B,
1208 5417 1345 5469 debitionis
1360 5417 1435 5468 ceteri
1521 5412 1556 5465 99
1571 5415 1715 5466 cautionem
1728 5412 1754 5464 B
1840 5408 1875 5464 93
1893 5410 1931 5462 iu·

279 5511 405 5563 lundisset
417 5509 442 5560 B
544 5505 578 5558 94
595 5507 761 5575 epiphanium
778 5505 803 5556 V
862 5507 1019 5559 cartherium
1031 5504 1089 5556 BV
1181 5500 1217 5556 96
1234 5511 1345 5570 quatuor
1356 5502 1382 5553 Β
1445 5500 1565 5568 publicus
1576 5498 1601 5549 B
1698 5496 1732 5549 97
1750 5499 1885 5566 cyr-egreio
1896 5497 1931 5561 B,

279 5597 439 5664 cyrographo
455 5595 479 5645 V
595 5590 630 5646 98
646 5593 784 5661 epiphanio
800 5591 825 5642 V
938 5588 974 5643 99
990 5590 1102 5642 nominis
1112 5588 1140 5641 B
1219 5587 1325 5640 docetur
1342 5586 1409 5653 (sap.
1421 5586 1467 5638 lin.
1479 5583 1517 5651 re)
1534 5583 1559 5634 V
1673 5580 1710 5636 30
1725 5601 1742 5636 ι
1751 5580 1879 5652 Bautone]
1897 5582 1931 5635 ab

280 5689 391 5742 auetoue
404 5681 429 5740 B
530 5678 564 5740 31
582 5679 710 5738 stollam
723 5677 749 5733 V
846 5673 882 5732 39
900 5676 964 5733 mibi
980 5693 1030 5728 en.
1040 5674 1067 5727 B
1169 5670 1204 5728 34
1221 5672 1373 5743 epiphanius
1388 5670 1413 5721 V
1944 5689 1953 5705 ο
