4500 6232
781 288 915 346 CCLVIII
933 286 1056 355 (IIPIS'I.
1073 288 1099 350 6,
1119 288 1154 354 1),
1172 285 1277 342 CCLIX
1296 282 1419 351 OEPIS'I.
1437 283 1463 347 6,
1480 283 1517 352 2).

942 593 1115 662 CCLVIII
1139 595 1247 680 (rrrsr.
1264 596 1295 673 6,
1314 594 1357 677 1).

888 791 1126 865 ENNODlVS
1152 787 1409 863 PARTENIO.

295 953 305 1011 ¹
435 940 520 1033 Nisi
545 978 577 1033 te
602 969 745 1033 efflictim
772 967 941 1051 diligerem
965 973 998 1030 et
1020 965 1067 1051 pii
1096 965 1216 1030 amoris
1243 964 1390 1030 soliditas
1416 963 1642 1029 indemutabili
1670 962 1779 1027 radice
1802 966 1982 1038 constaret,

324 1097 455 1161 possem
478 1073 667 1137 iniuriarum
691 1070 803 1134 dolore
827 1074 1040 1155 provocatus,
1073 1069 1124 1133 vel
1149 1088 1222 1132 eum
1246 1067 1414 1155 pueriliter
1436 1068 1587 1150 irasceris
1611 1067 1663 1131 vel
1686 1087 1760 1131 cum
1783 1064 1983 1151 adroganter

325 1179 507 1264 supplicas,
543 1176 736 1239 conmoveri.
784 1172 865 1236 nihil
898 1173 984 1236 enirn
1013 1173 1160 1251 invenio,
1194 1169 1279 1256 quod
1314 1172 1356 1235 sit
1392 1171 1552 1236 fabricata
1579 1171 1762 1235 humilitate
1792 1168 1981 1255 superbius.

324 1281 474 1368 praefero
499 1278 714 1343 contumelias
737 1276 866 1340 fucatae
890 1275 1006 1339 frontis
1030 1275 1212 1360 obsequiis:
1237 1276 1355 1340 transit
1377 1273 1629 1339 amaritudinem
1651 1272 1790 1338 dulcedo
1812 1272 1978 1336 simulata.
2048 1296 2061 1335 ε

293 1380 390 1449 'luen
413 1404 494 1468 opus
518 1389 567 1447 est
591 1379 886 1466 deprecationibus,
911 1379 938 1442 si
962 1399 1045 1464 quae
1068 1384 1101 1443 te
1126 1384 1243 1444 catena
1267 1385 1376 1443 nectat
1398 1379 1576 1464 intellegis.
1621 1383 1759 1464 poscant
1780 1397 1839 1463 pro
1862 1397 1982 1441 exces-

324 1489 414 1553 sibus
437 1487 576 1565 veniem‚
600 1485 718 1570 quibus
739 1490 791 1548 est
813 1483 952 1547 liberum
974 1503 1040 1546 non
1062 1503 1190 1568 parere.
1228 1483 1274 1546 ita
1295 1483 1434 1547 famulos
1459 1482 1552 1547 nobis
1576 1480 1685 1546 iudicii
1709 1480 1860 1545 caelestis
1884 1479 1982 1543 clari-

323 1591 401 1656 tudo
425 1590 611 1675 deputavit,
641 1594 677 1651 ut
706 1588 737 1651 in
762 1607 966 1672 quacumque
990 1607 1082 1650 meus
1106 1592 1199 1672 parte
1223 1585 1410 1661 deflexerit,
1439 1586 1569 1650 illorum
1593 1585 1775 1651 necessitas
1797 1583 1983 1647 inclinetur.

324 1695 379 1760 ille
404 1700 540 1778 expetat
562 1694 724 1769 clemens,
754 1692 808 1775 qui
832 1690 1030 1769 districtum,
1062 1690 1089 1753 si
1112 1689 1207 1767 velit,
1232 1690 1375 1754 refutare
1397 1690 1503 1775 possit
1528 1690 1711 1776 imperium.
1755 1686 1842 1752 haud
1866 1685 1982 1771 procul

294 1799 357 1862 3te
382 1797 423 1861 ab
447 1797 509 1861 hoe
533 1796 647 1860 ordine
672 1795 803 1880 evagari
828 1798 973 1880 potestas
996 1792 1073 1856 mibi
1105 1814 1126 1856 e
1148 1791 1210 1856 deo
1234 1791 1397 1857 adtributa
1421 1795 1575 1880 patietur.
1621 1799 1735 1879 optare
1758 1800 1791 1856 te
1815 1789 1981 1862 convenit,
2040 1812 2067 1849 ιε

325 1921 365 1964 ne
389 1899 688 1971 mansuetudinem,
719 1919 815 1983 quarn
845 1897 878 1959 in
909 1917 961 1959 me
986 1894 1171 1981 praedices,
1201 1897 1391 1961 meritorum
1415 1905 1545 1962 tuorum
1570 1897 1789 1962 consideratio
1813 1896 1900 1959 iusta
1922 1892 1981 1957 de·

325 2010 477 2068 venustet
507 2011 540 2067 et
562 2004 692 2089 pietatis
716 2002 879 2065 tramItenr
910 1999 1077 2083 culparum
1102 2000 1275 2064 multitudo
1300 2000 1473 2085 depretiet.
1519 2002 1613 2081 licet,
1645 2001 1677 2064 ui
1710 1999 1820 2079 fallor,
1851 1998 1982 2062 miseri·

326 2106 466 2171 corditer
497 2105 638 2169 vindicta
665 2106 839 2169 comitatur
867 2110 1030 2167 ementem
1066 2124 1125 2167 nec
1159 2103 1227 2168 ulla
1261 2112 1312 2168 est
1341 2106 1450 2190 potior
1476 2106 1650 2191 patientia,
1688 2103 1752 2167 nisi
1779 2122 1863 2188 quae
1892 2101 1983 2166 vitiis

325 2210 450 2275 aditum
474 2232 537 2274 non
562 2210 715 2274 recludit.
740 2231 759 2273 a
782 2215 815 2273 te
838 2215 947 2272 tamen
970 2208 1114 2272 facessat
1138 2208 1319 2292 indignatio
1345 2214 1470 2285 nostra,
1495 2209 1571 2293 quia
1594 2206 1680 2292 quod
1703 2206 1893 2292 deliqueris,
1916 2225 1982 2269 non

294 2314 471 2377 linclusus
494 2313 588 2378 dolor
612 2320 644 2376 et
667 2314 771 2398 gratia
794 2312 928 2376 fallente
953 2317 1103 2375 servatus
1127 2311 1184 2375 sed
1208 2312 1348 2376 verbera
1371 2311 1589 2396 castigabunt.
1629 2331 1713 2374 nuno
1737 2331 1801 2373 uno
1823 2306 1919 2372 modo
1943 2308 1978 2372 in
2036 2328 2062 2365 ιε

327 2417 512 2481 cicatricem
551 2438 669 2501 cogere
699 2416 834 2480 vulnera
868 2414 1095 2499 intemperatis
1133 2415 1338 2478 sermonibus
1377 2415 1505 2500 ingesta
1543 2414 1766 2500 praevalebis,
1806 2413 1834 2477 si
1863 2418 1895 2476 te
1924 2434 1987 2498 per

327 2519 470 2583 eulmina
491 2519 637 2584 liberalis
661 2519 757 2582 studii
781 2519 957 2604 ingenuum
982 2514 1130 2581 doctrina
1145 2519 1387 2583 monstraverit.
1427 2519 1554 2582 veniam
1570 2518 1633 2582 nisi
1649 2518 1767 2603 peritia
1781 2516 1984 2601 suffragante

326 2642 392 2687 non
416 2623 537 2707 enges.
577 2629 712 2701 mutata,
736 2642 800 2705 qua
824 2627 920 2684 notus
945 2641 1027 2699 sum,
1053 2621 1127 2704 lege
1151 2619 1306 2705 parcendi
1331 2622 1418 2686 eirca
1441 2621 1586 2686 desidem
1604 2621 1774 2685 saevitiam
1789 2621 1849 2685 sub
1864 2640 1985 2706 peren·

327 2727 431 2791 nitate
456 2727 604 2791 servabo.
642 2725 727 2812 quod
752 2731 864 2803 restat,
888 2724 984 2789 deum
1010 2745 1137 2810 precor,
1161 2730 1197 2788 ut
1214 2725 1325 2789 valeas
1342 2731 1375 2789 et
1396 2725 1436 2788 de
1454 2725 1603 2790 versibus
1626 2726 1691 2788 tuis
1715 2725 1849 2789 caelesti
1871 2724 1984 2790 farore

328 2829 500 2893 comitatus
525 2851 617 2916 spem
641 2849 764 2915 augeas
787 2850 883 2914 quam
906 2827 1036 2892 dedisti.
2040 2844 2071 2884 ao

967 3150 1103 3219 com
1127 3153 1236 3238 (nrrsr.
1253 3159 1284 3235 6,
1301 3156 1344 3241 2).

920 3347 1157 3422 ENNODlVS
1194 3348 1396 3425 FAVSTO.

300 3519 312 3577 l
449 3493 594 3590 Summa
629 3525 821 3609 gaudiorum
856 3531 907 3589 est
945 3524 1149 3610 oportunitas
1192 3527 1379 3609 perlatoris,
1421 3528 1476 3611 qui
1517 3528 1663 3592 minister
1703 3527 1891 3613 diligentiae
1927 3549 1989 3614 per

329 3630 544 3693 necessitates
574 3650 649 3692 suas
677 3627 846 3692 desideriis
876 3627 1068 3713 obsequium
1100 3636 1247 3713 praestat
1279 3630 1405 3695 alienis.
1453 3632 1537 3695 hunc
1561 3631 1693 3716 quidem
1716 3632 1872 3696 honestas
1895 3653 1986 3696 ccm-

329 3732 462 3797 rnendat
491 3739 524 3798 et
554 3732 748 3817 peregrinus
775 3733 817 3796 ab
849 3732 954 3795 officio
983 3733 1176 3796 mercatoris
1205 3733 1309 3819 pudor
1336 3735 1491 3800 insinuat.
1537 3736 1681 3820 iungitur
1708 3735 1794 3820 quod
1818 3736 1848 3800 ei
1871 3735 1989 3800 notitia

329 3836 478 3901 culminis
501 3836 601 3900 vestri
625 3835 667 3899 ad
689 3835 787 3900 fidem
809 3833 983 3921 probitatis
1007 3836 1154 3902 accessit.
1200 3858 1274 3901 narn
1300 3839 1485 3923 scriptionis
1508 3839 1717 3905 venerandae
1738 3839 1887 3925 frugibus
1909 3840 1985 3925 ipso
2042 3871 2071 3911 «ῃ,

298 3945 532 4006 noommeanto
556 3939 693 4002 satiatus
716 3959 798 4002 sum.
844 3937 982 4003 refundo
1005 3958 1084 4022 ergo
1109 3939 1295 4024 depositum
1320 3942 1416 4006 officii
1440 3943 1514 4027 lege
1539 3943 1734 4006 constrictus
1757 3950 1804 4022 ct,
1834 3963 1929 4027 quem
1953 3943 1989 4007 in

328 4041 462 4127 Liguria
497 4043 640 4128 positum
677 4063 735 4127 pro
769 4041 883 4104 virium
916 4039 1143 4106 mediocritate
1183 4045 1330 4131 suscepi,
1370 4045 1412 4110 ad
1446 4046 1613 4132 potissima
1650 4047 1831 4133 patrocinia
1863 4046 1990 4112 tabella

328 4152 547 4233 prosequente
578 4147 774 4211 transmitto.
821 4146 913 4231 quod
935 4153 1100 4231 superest,
1133 4149 1339 4213 reverentiae
1364 4156 1493 4213 vestrae
1523 4149 1674 4235 quicquid
1698 4149 1800 4214 habet
1822 4149 1990 4214 humilitas

329 4249 513 4316 devotionis
554 4250 738 4327 offerimus,
781 4249 985 4337 supplicans.
1026 4258 1062 4314 ut
1096 4252 1224 4316 litteras
1261 4260 1386 4318 vestras
1424 4254 1477 4318 vel
1511 4275 1570 4340 pro
1610 4275 1756 4318 mearum
1790 4252 1988 4320 adsiduitate

332 4373 397 4417 ram
419 4373 555 4417 merear.
2043 4388 2073 4427 ω

333 4512 480 4519 ——--—-—
497 4511 652 4519 --—--.-.-
668 4513 691 4518 --
710 4513 737 4518 -.

436 4627 583 4697 [CCLVIII]
619 4629 772 4683 assererem
786 4629 896 4693 BVLI',
920 4630 1014 4682 efflicte
1028 4629 1074 4680 ΟΡ
1145 4628 1248 4695 amoris]
1267 4632 1350 4683 cerdis
1363 4632 1442 4684 Siras.
1564 4632 1730 4700 3possimB
1803 4644 1952 4702 arroganter
1967 4634 1993 4683 V

330 4715 347 4767 4
367 4717 505 4768 fabricatae
528 4718 619 4768 frontis
632 4717 657 4766 B
663 4715 682 4780 ¹,
705 4736 719 4768 e
737 4718 787 4768 del.
806 4725 829 4767 et
847 4716 989 4767 bumilitate
1008 4754 1054 4766 ...
1074 4717 1176 4767 fucatae
1200 4716 1227 4766 ia
1244 4734 1293 4783 my.
1312 4717 1360 4780 inf.
1378 4720 1461 4785 suppl.
1476 4718 1519 4770 Β2
1640 4718 1655 4770 7
1674 4721 1790 4773 caelestis
1807 4721 1894 4772 iudicii
1907 4719 1987 4772 Siras

330 4802 347 4853 9
370 4804 485 4869 expetat]
510 4810 653 4870 expectaret
682 4801 746 4866 (cet
764 4811 790 4853 at
808 4801 868 4863 det.)
886 4802 919 4866 B,
946 4810 1078 4869 exspectat
1098 4802 1150 4866 Vt,
1176 4813 1296 4870 expectat
1314 4807 1359 4856 rel.
1465 4809 1608 4859 districtum
1629 4808 1731 4873 scripsi,
1757 4808 1905 4860 destrictum
1927 4808 1989 4858 libri

330 4890 404 4941 uellit
416 4889 465 4940 BL
547 4891 610 4940 haut
622 4887 732 4952 ΒΗΤ,
753 4898 798 4939 aut
810 4888 855 4938 Ba
980 4886 1012 4939 10
1029 4890 1153 4941 attribute
1169 4889 1193 4938 V
1313 4889 1344 4942 13
1363 4895 1481 4945 uendicte
1493 4891 1534 4942 13¹
1650 4890 1682 4943 14
1702 4912 1753 4944 uon
1771 4890 1887 4957 recludit]
1911 4893 1989 4944 iuter·

330 4976 412 5027 eludit
427 4975 490 5026 TP2
596 4974 628 5026 18
646 4974 772 5041 exegisB
876 4974 911 5025 ‘20
929 4976 1029 5027 dedisti.
1048 4977 1105 5026 linit
1116 4975 1141 5026 B

437 5076 560 5145 [ceux]
596 5077 631 5129 24
648 5079 811 5145 peregrinum
829 5077 923 5128 VIIIC
997 5079 1144 5130 mercatoris
1162 5076 1185 5141 (a
1203 5079 1265 5130 ada
1279 5097 1312 5130 m.
1325 5084 1351 5145 2)
1364 5080 1389 5130 B
1500 5080 1535 5131 ‘26
1553 5089 1684 5133 comeante
1700 5081 1745 5132 Va
1857 5078 1892 5131 29
1909 5082 1989 5134 debu·

330 5166 407 5217 tiorris
419 5164 445 5218 B
514 5181 627 5217 mearum
640 5163 688 5229 Bb,
706 5172 815 5214 metrum
832 5162 910 5229 VLT,
928 5173 1024 5216 metum
1038 5163 1084 5217 CP
1151 5166 1301 5218 assiduitate
1317 5167 1340 5215 V
1439 5166 1475 5220 30
1492 5185 1596 5221 merear.
1618 5170 1675 5220 linit
1687 5168 1712 5219 B
