<?xml version="1.0" encoding="UTF-8"?>
<!DOCTYPE html PUBLIC "-//W3C//DTD XHTML 1.0 Transitional//EN"
    "http://www.w3.org/TR/xhtml1/DTD/xhtml1-transitional.dtd">
<html xmlns="http://www.w3.org/1999/xhtml" xml:lang="en" lang="en">
 <head>
  <title>
</title>
<meta http-equiv="Content-Type" content="text/html;charset=utf-8" />
  <meta name='ocr-system' content='tesseract 3.04.00' />
  <meta name='ocr-capabilities' content='ocr_page ocr_carea ocr_par ocr_line ocrx_word'/>
</head>
<body>
  <div class='ocr_page' id='page_1' title='image "./magnifelicisenn00vogegoog_0025.png"; bbox 0 0 4500 6232; ppageno 0'>
   <div class='ocr_carea' id='block_1_1' title="bbox 454 276 1584 334">
    <p class='ocr_par' dir='ltr' id='par_1_1' title="bbox 454 276 1584 334">
     <span class='ocr_line' id='line_1_1' title="bbox 454 276 1584 334; baseline -0.003 -3"><span class='ocrx_word' id='word_1_1' title='bbox 454 277 518 332; x_wconf 86' lang='lat' dir='ltr'>XVI</span> <span class='ocrx_word' id='word_1_2' title='bbox 968 281 990 334; x_wconf 90' lang='grc' dir='ltr'>Ι.</span> <span class='ocrx_word' id='word_1_3' title='bbox 1018 277 1065 333; x_wconf 82' lang='lat' dir='ltr'>DE</span> <span class='ocrx_word' id='word_1_4' title='bbox 1085 278 1173 333; x_wconf 83' lang='lat' dir='ltr'>VITA</span> <span class='ocrx_word' id='word_1_5' title='bbox 1191 278 1238 333; x_wconf 80' lang='lat' dir='ltr'>ET</span> <span class='ocrx_word' id='word_1_6' title='bbox 1256 278 1416 334; x_wconf 86' lang='lat' dir='ltr'>SCRIPTIS</span> <span class='ocrx_word' id='word_1_7' title='bbox 1435 276 1584 332; x_wconf 82' lang='lat' dir='ltr'>ENNODI.</span> 
     </span>
    </p>
   </div>
   <div class='ocr_carea' id='block_1_2' title="bbox 452 447 2110 4374">
    <p class='ocr_par' dir='ltr' id='par_1_2' title="bbox 452 447 2110 4374">
     <span class='ocr_line' id='line_1_2' title="bbox 556 447 2108 535; baseline -0.007 -19"><span class='ocrx_word' id='word_1_8' title='bbox 556 451 646 516; x_wconf 89' lang='lat' dir='ltr'>Haec</span> <span class='ocrx_word' id='word_1_9' title='bbox 674 451 843 517; x_wconf 87' lang='lat' dir='ltr'>certamina</span> <span class='ocrx_word' id='word_1_10' title='bbox 871 451 1080 516; x_wconf 88' lang='lat' dir='ltr'>ecclesiastica</span> <span class='ocrx_word' id='word_1_11' title='bbox 1108 450 1302 516; x_wconf 84' lang='lat' dir='ltr'>Theoderico</span> <span class='ocrx_word' id='word_1_12' title='bbox 1339 451 1402 535; x_wconf 83' lang='lat' dir='ltr'>regi</span> <span class='ocrx_word' id='word_1_13' title='bbox 1437 472 1567 535; x_wconf 89' lang='lat' dir='ltr'>magnae</span> <span class='ocrx_word' id='word_1_14' title='bbox 1594 471 1685 512; x_wconf 90' lang='lat' dir='ltr'>curae</span> <span class='ocrx_word' id='word_1_15' title='bbox 1712 447 1837 510; x_wconf 89' lang='lat' dir='ltr'>fuerunt</span> <span class='ocrx_word' id='word_1_16' title='bbox 1864 452 1896 508; x_wconf 92' lang='lat' dir='ltr'>et</span> <span class='ocrx_word' id='word_1_17' title='bbox 1921 463 2108 528; x_wconf 84' lang='lat' dir='ltr'>magnopere</span> 
     </span>
     <span class='ocr_line' id='line_1_3' title="bbox 452 547 2107 641; baseline -0.006 -22"><span class='ocrx_word' id='word_1_18' title='bbox 452 554 687 641; x_wconf 82' lang='lat' dir='ltr'>displicuerunt</span> <span class='ocrx_word' id='word_1_19' title='bbox 732 577 921 640; x_wconf 89' lang='lat' dir='ltr'>quamquam</span> <span class='ocrx_word' id='word_1_20' title='bbox 943 554 1026 619; x_wconf 86' lang='lat' dir='ltr'>enirn</span> <span class='ocrx_word' id='word_1_21' title='bbox 1048 555 1077 619; x_wconf 94' lang='lat' dir='ltr'>ei</span> <span class='ocrx_word' id='word_1_22' title='bbox 1106 553 1139 619; x_wconf 91' lang='lat' dir='ltr'>id</span> <span class='ocrx_word' id='word_1_23' title='bbox 1161 555 1361 641; x_wconf 90' lang='lat' dir='ltr'>potissimum</span> <span class='ocrx_word' id='word_1_24' title='bbox 1383 554 1579 641; x_wconf 92' lang='lat' dir='ltr'>propositum</span> <span class='ocrx_word' id='word_1_25' title='bbox 1607 560 1690 630; x_wconf 87' lang='lat' dir='ltr'>erat,</span> <span class='ocrx_word' id='word_1_26' title='bbox 1719 559 1752 614; x_wconf 93' lang='lat' dir='ltr'>ut</span> <span class='ocrx_word' id='word_1_27' title='bbox 1779 547 1918 613; x_wconf 83' lang='lat' dir='ltr'>ordinem</span> <span class='ocrx_word' id='word_1_28' title='bbox 1948 554 1979 611; x_wconf 91' lang='lat' dir='ltr'>et</span> <span class='ocrx_word' id='word_1_29' title='bbox 2000 567 2107 632; x_wconf 91' lang='lat' dir='ltr'>pacem</span> 
     </span>
     <span class='ocr_line' id='line_1_4' title="bbox 453 649 2108 744; baseline -0.007 -21"><span class='ocrx_word' id='word_1_30' title='bbox 453 667 591 723; x_wconf 89' lang='lat' dir='ltr'>servaret</span> <span class='ocrx_word' id='word_1_31' title='bbox 611 667 643 722; x_wconf 89' lang='lat' dir='ltr'>et</span> <span class='ocrx_word' id='word_1_32' title='bbox 664 658 705 723; x_wconf 92' lang='lat' dir='ltr'>ab</span> <span class='ocrx_word' id='word_1_33' title='bbox 726 658 943 724; x_wconf 89' lang='lat' dir='ltr'>ecclesiasticis</span> <span class='ocrx_word' id='word_1_34' title='bbox 966 659 1058 724; x_wconf 89' lang='lat' dir='ltr'>rebus</span> <span class='ocrx_word' id='word_1_35' title='bbox 1074 659 1251 738; x_wconf 82' lang='lat' dir='ltr'>abstineret,</span> <span class='ocrx_word' id='word_1_36' title='bbox 1274 668 1377 723; x_wconf 89' lang='lat' dir='ltr'>tamen</span> <span class='ocrx_word' id='word_1_37' title='bbox 1400 656 1485 744; x_wconf 91' lang='lat' dir='ltr'>qnod</span> <span class='ocrx_word' id='word_1_38' title='bbox 1500 655 1697 722; x_wconf 86' lang='lat' dir='ltr'>adversarius</span> <span class='ocrx_word' id='word_1_39' title='bbox 1718 651 1898 737; x_wconf 80' lang='lat' dir='ltr'><strong>Symmachi</strong></span> <span class='ocrx_word' id='word_1_40' title='bbox 1920 649 2108 715; x_wconf 87' lang='lat' dir='ltr'>Laurentius</span> 
     </span>
     <span class='ocr_line' id='line_1_5' title="bbox 453 756 2108 850; baseline -0.005 -24"><span class='ocrx_word' id='word_1_41' title='bbox 453 762 522 840; x_wconf 86' lang='lat' dir='ltr'>fuit,</span> <span class='ocrx_word' id='word_1_42' title='bbox 550 763 604 848; x_wconf 94' lang='lat' dir='ltr'>qui</span> <span class='ocrx_word' id='word_1_43' title='bbox 625 761 705 826; x_wconf 90' lang='lat' dir='ltr'>illud</span> <span class='ocrx_word' id='word_1_44' title='bbox 727 762 861 828; x_wconf 87' lang='lat' dir='ltr'>Zenonis</span> <span class='ocrx_word' id='word_1_45' title='bbox 884 763 1050 828; x_wconf 82' lang='lat' dir='ltr'>henoticon</span> <span class='ocrx_word' id='word_1_46' title='bbox 1079 763 1268 850; x_wconf 78' lang='lat' dir='ltr'>probaverat</span> <span class='ocrx_word' id='word_1_47' title='bbox 1289 773 1320 828; x_wconf 91' lang='lat' dir='ltr'>et</span> <span class='ocrx_word' id='word_1_48' title='bbox 1342 786 1413 828; x_wconf 91' lang='lat' dir='ltr'>cum</span> <span class='ocrx_word' id='word_1_49' title='bbox 1443 763 1575 849; x_wconf 90' lang='lat' dir='ltr'>imperio</span> <span class='ocrx_word' id='word_1_50' title='bbox 1604 759 1745 826; x_wconf 81' lang='lat' dir='ltr'>orientali</span> <span class='ocrx_word' id='word_1_51' title='bbox 1775 756 2010 843; x_wconf 79' lang='lat' dir='ltr'>conspiraturos</span> <span class='ocrx_word' id='word_1_52' title='bbox 2039 775 2108 818; x_wconf 89' lang='lat' dir='ltr'>csse</span> 
     </span>
     <span class='ocr_line' id='line_1_6' title="bbox 453 856 2107 953; baseline -0.005 -24"><span class='ocrx_word' id='word_1_53' title='bbox 453 865 627 946; x_wconf 89' lang='lat' dir='ltr'>videbatur,</span> <span class='ocrx_word' id='word_1_54' title='bbox 649 866 730 930; x_wconf 90' lang='lat' dir='ltr'>hauc</span> <span class='ocrx_word' id='word_1_55' title='bbox 751 866 852 952; x_wconf 89' lang='lat' dir='ltr'>ipsam</span> <span class='ocrx_word' id='word_1_56' title='bbox 876 866 917 930; x_wconf 94' lang='lat' dir='ltr'>ob</span> <span class='ocrx_word' id='word_1_57' title='bbox 939 887 1064 931; x_wconf 88' lang='lat' dir='ltr'>causam</span> <span class='ocrx_word' id='word_1_58' title='bbox 1082 866 1270 952; x_wconf 88' lang='lat' dir='ltr'>Symmacho</span> <span class='ocrx_word' id='word_1_59' title='bbox 1292 866 1447 953; x_wconf 90' lang='lat' dir='ltr'>propitius</span> <span class='ocrx_word' id='word_1_60' title='bbox 1462 888 1531 930; x_wconf 90' lang='lat' dir='ltr'>esse</span> <span class='ocrx_word' id='word_1_61' title='bbox 1546 864 1662 929; x_wconf 80' lang='lat' dir='ltr'>debuit</span> <span class='ocrx_word' id='word_1_62' title='bbox 1695 885 1731 926; x_wconf 89' lang='lat' dir='ltr'>ac</span> <span class='ocrx_word' id='word_1_63' title='bbox 1747 860 1885 947; x_wconf 90' lang='lat' dir='ltr'>profecto</span> <span class='ocrx_word' id='word_1_64' title='bbox 1901 856 2107 945; x_wconf 85' lang='lat' dir='ltr'>Symmachus</span> 
     </span>
     <span class='ocr_line' id='line_1_7' title="bbox 453 961 2108 1051; baseline -0.004 -19"><span class='ocrx_word' id='word_1_65' title='bbox 453 993 492 1033; x_wconf 86' lang='lat' dir='ltr'>ex</span> <span class='ocrx_word' id='word_1_66' title='bbox 515 967 633 1033; x_wconf 90' lang='lat' dir='ltr'>iudicio</span> <span class='ocrx_word' id='word_1_67' title='bbox 655 969 824 1036; x_wconf 89' lang='lat' dir='ltr'>Ravennae</span> <span class='ocrx_word' id='word_1_68' title='bbox 839 973 903 1036; x_wconf 87' lang='grc'>499</span> <span class='ocrx_word' id='word_1_69' title='bbox 925 970 1032 1036; x_wconf 91' lang='lat' dir='ltr'>habito</span> <span class='ocrx_word' id='word_1_70' title='bbox 1047 972 1148 1036; x_wconf 91' lang='lat' dir='ltr'>victor</span> <span class='ocrx_word' id='word_1_71' title='bbox 1169 980 1325 1051; x_wconf 83' lang='lat' dir='ltr'>evaserat3</span> <span class='ocrx_word' id='word_1_72' title='bbox 1348 994 1430 1036; x_wconf 87' lang='lat' dir='ltr'>auno</span> <span class='ocrx_word' id='word_1_73' title='bbox 1446 974 1509 1040; x_wconf 93' lang='grc'>599</span> <span class='ocrx_word' id='word_1_74' title='bbox 1524 968 1735 1034; x_wconf 83' lang='lat' dir='ltr'>Theodericus</span> <span class='ocrx_word' id='word_1_75' title='bbox 1750 966 1871 1031; x_wconf 72' lang='lat' dir='ltr'>Itomae</span> <span class='ocrx_word' id='word_1_76' title='bbox 1886 988 1904 1030; x_wconf 92' lang='lat' dir='ltr'>a</span> <span class='ocrx_word' id='word_1_77' title='bbox 1920 961 2108 1049; x_wconf 77' lang='lat' dir='ltr'>Symmacho</span> 
     </span>
     <span class='ocr_line' id='line_1_8' title="bbox 454 1066 2108 1166; baseline -0.003 -31"><span class='ocrx_word' id='word_1_78' title='bbox 454 1094 577 1136; x_wconf 89' lang='lat' dir='ltr'>summo</span> <span class='ocrx_word' id='word_1_79' title='bbox 604 1095 676 1137; x_wconf 88' lang='lat' dir='ltr'>cum</span> <span class='ocrx_word' id='word_1_80' title='bbox 709 1074 826 1139; x_wconf 90' lang='lat' dir='ltr'>honore</span> <span class='ocrx_word' id='word_1_81' title='bbox 853 1083 1001 1161; x_wconf 83' lang='lat' dir='ltr'>exceptus</span> <span class='ocrx_word' id='word_1_82' title='bbox 1029 1085 1091 1153; x_wconf 84' lang='lat' dir='ltr'>est3</span> <span class='ocrx_word' id='word_1_83' title='bbox 1125 1073 1237 1160; x_wconf 88' lang='lat' dir='ltr'>synodi</span> <span class='ocrx_word' id='word_1_84' title='bbox 1264 1074 1425 1140; x_wconf 76' lang='grc' dir='ltr'><strong>1101110111ιο</strong></span> <span class='ocrx_word' id='word_1_85' title='bbox 1451 1084 1591 1166; x_wconf 86' lang='lat' dir='ltr'>tempore</span> <span class='ocrx_word' id='word_1_86' title='bbox 1617 1094 1721 1156; x_wconf 88' lang='lat' dir='ltr'>regem</span> <span class='ocrx_word' id='word_1_87' title='bbox 1749 1092 1871 1135; x_wconf 90' lang='lat' dir='ltr'>summa</span> <span class='ocrx_word' id='word_1_88' title='bbox 1896 1066 2108 1132; x_wconf 87' lang='lat' dir='ltr'>moderatione</span> 
     </span>
     <span class='ocr_line' id='line_1_9' title="bbox 454 1168 2108 1265; baseline -0.004 -26"><span class='ocrx_word' id='word_1_89' title='bbox 454 1198 544 1240; x_wconf 91' lang='lat' dir='ltr'>usum</span> <span class='ocrx_word' id='word_1_90' title='bbox 568 1198 636 1241; x_wconf 88' lang='lat' dir='ltr'>esse</span> <span class='ocrx_word' id='word_1_91' title='bbox 658 1177 725 1264; x_wconf 90' lang='lat' dir='ltr'>ipse</span> <span class='ocrx_word' id='word_1_92' title='bbox 747 1177 912 1242; x_wconf 86' lang='lat' dir='ltr'>Euuodins</span> <span class='ocrx_word' id='word_1_93' title='bbox 935 1178 1041 1242; x_wconf 89' lang='lat' dir='ltr'>multis</span> <span class='ocrx_word' id='word_1_94' title='bbox 1065 1178 1682 1265; x_wconf 74' lang='grc'><strong>11011110100101111111.59,130161,2).</strong></span> <span class='ocrx_word' id='word_1_95' title='bbox 1724 1195 1823 1260; x_wconf 87' lang='grc'><strong>11011110</strong></span> <span class='ocrx_word' id='word_1_96' title='bbox 1844 1171 1878 1236; x_wconf 90' lang='grc'>111</span> <span class='ocrx_word' id='word_1_97' title='bbox 1900 1168 2108 1235; x_wconf 87' lang='lat' dir='ltr'>omittendum</span> 
     </span>
     <span class='ocr_line' id='line_1_10' title="bbox 453 1275 2109 1368; baseline -0.004 -25"><span class='ocrx_word' id='word_1_98' title='bbox 453 1288 502 1344; x_wconf 89' lang='lat' dir='ltr'>est</span> <span class='ocrx_word' id='word_1_99' title='bbox 522 1303 605 1344; x_wconf 90' lang='lat' dir='ltr'>auno</span> <span class='ocrx_word' id='word_1_100' title='bbox 628 1283 690 1347; x_wconf 93' lang='grc'>592</span> <span class='ocrx_word' id='word_1_101' title='bbox 713 1281 885 1360; x_wconf 90' lang='lat' dir='ltr'>Avienum,</span> <span class='ocrx_word' id='word_1_102' title='bbox 912 1280 1010 1345; x_wconf 86' lang='lat' dir='ltr'>filium</span> <span class='ocrx_word' id='word_1_103' title='bbox 1031 1281 1158 1361; x_wconf 87' lang='lat' dir='ltr'>Fausti,</span> <span class='ocrx_word' id='word_1_104' title='bbox 1190 1282 1253 1368; x_wconf 94' lang='lat' dir='ltr'>,qui</span> <span class='ocrx_word' id='word_1_105' title='bbox 1282 1282 1367 1346; x_wconf 89' lang='lat' dir='ltr'>solus</span> <span class='ocrx_word' id='word_1_106' title='bbox 1396 1304 1454 1368; x_wconf 89' lang='lat' dir='ltr'>pro</span> <span class='ocrx_word' id='word_1_107' title='bbox 1481 1281 1612 1345; x_wconf 89' lang='lat' dir='ltr'>ecclesia</span> <span class='ocrx_word' id='word_1_108' title='bbox 1632 1278 1802 1365; x_wconf 84' lang='lat' dir='ltr'>pugnabat‘</span> <span class='ocrx_word' id='word_1_109' title='bbox 1824 1276 1872 1358; x_wconf 86' lang='lat' dir='ltr'>(cf.</span> <span class='ocrx_word' id='word_1_110' title='bbox 1894 1275 2007 1340; x_wconf 91' lang='lat' dir='ltr'>librum</span> <span class='ocrx_word' id='word_1_111' title='bbox 2030 1295 2109 1360; x_wconf 90' lang='lat' dir='ltr'>pou·</span> 
     </span>
     <span class='ocr_line' id='line_1_11' title="bbox 455 1377 2108 1472; baseline -0.005 -24"><span class='ocrx_word' id='word_1_112' title='bbox 455 1384 623 1461; x_wconf 79' lang='lat' dir='ltr'>tilicalem),</span> <span class='ocrx_word' id='word_1_113' title='bbox 654 1386 813 1449; x_wconf 85' lang='lat' dir='ltr'>consulem</span> <span class='ocrx_word' id='word_1_114' title='bbox 835 1385 940 1450; x_wconf 85' lang='lat' dir='ltr'>fuisse.</span> <span class='ocrx_word' id='word_1_115' title='bbox 984 1385 1041 1450; x_wconf 90' lang='lat' dir='ltr'>sed</span> <span class='ocrx_word' id='word_1_116' title='bbox 1068 1386 1293 1472; x_wconf 87' lang='lat' dir='ltr'>posterioribus</span> <span class='ocrx_word' id='word_1_117' title='bbox 1320 1386 1409 1450; x_wconf 89' lang='lat' dir='ltr'>annis</span> <span class='ocrx_word' id='word_1_118' title='bbox 1437 1387 1575 1450; x_wconf 90' lang='lat' dir='ltr'>animum</span> <span class='ocrx_word' id='word_1_119' title='bbox 1603 1384 1685 1469; x_wconf 90' lang='lat' dir='ltr'>regis</span> <span class='ocrx_word' id='word_1_120' title='bbox 1708 1382 1814 1468; x_wconf 89' lang='lat' dir='ltr'>potius</span> <span class='ocrx_word' id='word_1_121' title='bbox 1842 1380 1873 1443; x_wconf 93' lang='lat' dir='ltr'>in</span> <span class='ocrx_word' id='word_1_122' title='bbox 1902 1377 2108 1443; x_wconf 79' lang='lat' dir='ltr'>laurentium</span> 
     </span>
     <span class='ocr_line' id='line_1_12' title="bbox 455 1479 2108 1574; baseline -0.002 -24"><span class='ocrx_word' id='word_1_123' title='bbox 455 1486 620 1551; x_wconf 85' lang='lat' dir='ltr'>inclinasse</span> <span class='ocrx_word' id='word_1_124' title='bbox 646 1510 708 1551; x_wconf 92' lang='lat' dir='ltr'>uon</span> <span class='ocrx_word' id='word_1_125' title='bbox 735 1487 830 1552; x_wconf 69' lang='lat' dir='ltr'>mollo</span> <span class='ocrx_word' id='word_1_126' title='bbox 858 1510 896 1551; x_wconf 88' lang='lat' dir='ltr'>ex</span> <span class='ocrx_word' id='word_1_127' title='bbox 925 1489 1061 1553; x_wconf 84' lang='lat' dir='ltr'>auctoris</span> <span class='ocrx_word' id='word_1_128' title='bbox 1083 1488 1279 1556; x_wconf 87' lang='lat' dir='ltr'>Veronensis</span> <span class='ocrx_word' id='word_1_129' title='bbox 1311 1488 1430 1567; x_wconf 91' lang='lat' dir='ltr'>verbis,</span> <span class='ocrx_word' id='word_1_130' title='bbox 1461 1488 1514 1574; x_wconf 91' lang='lat' dir='ltr'>qui</span> <span class='ocrx_word' id='word_1_131' title='bbox 1548 1497 1615 1551; x_wconf 89' lang='lat' dir='ltr'>tum</span> <span class='ocrx_word' id='word_1_132' title='bbox 1645 1485 1825 1571; x_wconf 86' lang='lat' dir='ltr'>antipapam</span> <span class='ocrx_word' id='word_1_133' title='bbox 1856 1482 2039 1547; x_wconf 88' lang='lat' dir='ltr'>Ravennam</span> <span class='ocrx_word' id='word_1_134' title='bbox 2067 1479 2108 1546; x_wconf 92' lang='lat' dir='ltr'>ad</span> 
     </span>
     <span class='ocr_line' id='line_1_13' title="bbox 453 1586 2108 1677; baseline -0.002 -24"><span class='ocrx_word' id='word_1_135' title='bbox 453 1612 555 1675; x_wconf 87' lang='lat' dir='ltr'>regem</span> <span class='ocrx_word' id='word_1_136' title='bbox 579 1592 756 1676; x_wconf 80' lang='lat' dir='ltr'>confugisse</span> <span class='ocrx_word' id='word_1_137' title='bbox 777 1591 887 1672; x_wconf 85' lang='lat' dir='ltr'>tradit,</span> <span class='ocrx_word' id='word_1_138' title='bbox 909 1592 965 1657; x_wconf 88' lang='lat' dir='ltr'>sed</span> <span class='ocrx_word' id='word_1_139' title='bbox 987 1593 1079 1657; x_wconf 91' lang='lat' dir='ltr'>etiam</span> <span class='ocrx_word' id='word_1_140' title='bbox 1103 1616 1139 1656; x_wconf 87' lang='lat' dir='ltr'>ca</span> <span class='ocrx_word' id='word_1_141' title='bbox 1161 1616 1200 1656; x_wconf 87' lang='lat' dir='ltr'>ex</span> <span class='ocrx_word' id='word_1_142' title='bbox 1222 1616 1255 1657; x_wconf 90' lang='lat' dir='ltr'>re</span> <span class='ocrx_word' id='word_1_143' title='bbox 1276 1591 1506 1671; x_wconf 86' lang='lat' dir='ltr'>concludimus,</span> <span class='ocrx_word' id='word_1_144' title='bbox 1532 1589 1617 1677; x_wconf 90' lang='lat' dir='ltr'>quod</span> <span class='ocrx_word' id='word_1_145' title='bbox 1639 1612 1722 1654; x_wconf 89' lang='lat' dir='ltr'>anno</span> <span class='ocrx_word' id='word_1_146' title='bbox 1745 1591 1808 1657; x_wconf 82' lang='lat'>504</span> <span class='ocrx_word' id='word_1_147' title='bbox 1830 1587 2003 1672; x_wconf 82' lang='lat' dir='ltr'>Cethegus,</span> <span class='ocrx_word' id='word_1_148' title='bbox 2025 1586 2108 1650; x_wconf 88' lang='lat' dir='ltr'>filins</span> 
     </span>
     <span class='ocr_line' id='line_1_14' title="bbox 454 1688 2108 1780; baseline -0.002 -24"><span class='ocrx_word' id='word_1_149' title='bbox 454 1693 594 1772; x_wconf 88' lang='lat' dir='ltr'>Probini,</span> <span class='ocrx_word' id='word_1_150' title='bbox 616 1695 670 1779; x_wconf 90' lang='lat' dir='ltr'>qui</span> <span class='ocrx_word' id='word_1_151' title='bbox 693 1693 880 1780; x_wconf 87' lang='lat' dir='ltr'>Symmacho</span> <span class='ocrx_word' id='word_1_152' title='bbox 903 1696 1136 1760; x_wconf 89' lang='lat' dir='ltr'>inimicissimus</span> <span class='ocrx_word' id='word_1_153' title='bbox 1159 1705 1232 1775; x_wconf 87' lang='lat' dir='ltr'>erat,</span> <span class='ocrx_word' id='word_1_154' title='bbox 1255 1696 1363 1760; x_wconf 89' lang='lat' dir='ltr'>consul</span> <span class='ocrx_word' id='word_1_155' title='bbox 1386 1705 1506 1760; x_wconf 88' lang='lat' dir='ltr'>creatus</span> <span class='ocrx_word' id='word_1_156' title='bbox 1529 1704 1584 1759; x_wconf 90' lang='lat' dir='ltr'>cst.</span> <span class='ocrx_word' id='word_1_157' title='bbox 1621 1702 1713 1780; x_wconf 91' lang='lat' dir='ltr'>atque</span> <span class='ocrx_word' id='word_1_158' title='bbox 1735 1691 1796 1756; x_wconf 94' lang='lat' dir='ltr'>huc</span> <span class='ocrx_word' id='word_1_159' title='bbox 1817 1699 1960 1777; x_wconf 87' lang='lat' dir='ltr'>spectant</span> <span class='ocrx_word' id='word_1_160' title='bbox 1980 1688 2108 1754; x_wconf 84' lang='lat' dir='ltr'>Ennodi</span> 
     </span>
     <span class='ocr_line' id='line_1_15' title="bbox 455 1793 2109 1884; baseline -0.001 -24"><span class='ocrx_word' id='word_1_161' title='bbox 455 1797 559 1876; x_wconf 90' lang='lat' dir='ltr'>verba,</span> <span class='ocrx_word' id='word_1_162' title='bbox 581 1798 695 1882; x_wconf 88' lang='lat' dir='ltr'>quibus</span> <span class='ocrx_word' id='word_1_163' title='bbox 718 1804 758 1883; x_wconf 86' lang='lat' dir='ltr'>(p.</span> <span class='ocrx_word' id='word_1_164' title='bbox 777 1801 876 1876; x_wconf 88' lang='grc'><strong>146,5</strong></span> <span class='ocrx_word' id='word_1_165' title='bbox 892 1807 924 1862; x_wconf 86' lang='grc'>01</span> <span class='ocrx_word' id='word_1_166' title='bbox 937 1801 1007 1878; x_wconf 92' lang='grc'><strong>147,</strong></span> <span class='ocrx_word' id='word_1_167' title='bbox 1019 1802 1050 1880; x_wconf 89' lang='grc'>4)</span> <span class='ocrx_word' id='word_1_168' title='bbox 1072 1800 1261 1884; x_wconf 88' lang='lat' dir='ltr'>significavit</span> <span class='ocrx_word' id='word_1_169' title='bbox 1275 1799 1473 1865; x_wconf 88' lang='lat' dir='ltr'>vehementer</span> <span class='ocrx_word' id='word_1_170' title='bbox 1494 1822 1527 1863; x_wconf 94' lang='lat' dir='ltr'>se</span> <span class='ocrx_word' id='word_1_171' title='bbox 1550 1798 1719 1863; x_wconf 91' lang='lat' dir='ltr'>sollicitum</span> <span class='ocrx_word' id='word_1_172' title='bbox 1737 1818 1805 1861; x_wconf 88' lang='lat' dir='ltr'>esse</span> <span class='ocrx_word' id='word_1_173' title='bbox 1819 1793 1859 1859; x_wconf 93' lang='lat' dir='ltr'>de</span> <span class='ocrx_word' id='word_1_174' title='bbox 1874 1794 1985 1859; x_wconf 87' lang='lat' dir='ltr'>Fausti</span> <span class='ocrx_word' id='word_1_175' title='bbox 2009 1794 2109 1861; x_wconf 84' lang='lat' dir='ltr'>salute</span> 
     </span>
     <span class='ocr_line' id='line_1_16' title="bbox 454 1892 2109 1990; baseline -0.002 -25"><span class='ocrx_word' id='word_1_176' title='bbox 454 1892 800 1985; x_wconf 69' lang='lat' dir='ltr'>propter&#39;iuimicorum</span> <span class='ocrx_word' id='word_1_177' title='bbox 823 1901 1080 1967; x_wconf 88' lang='lat' dir='ltr'>intumescentem</span> <span class='ocrx_word' id='word_1_178' title='bbox 1102 1904 1289 1990; x_wconf 88' lang='lat' dir='ltr'>superbiam.</span> <span class='ocrx_word' id='word_1_179' title='bbox 1334 1904 1450 1968; x_wconf 90' lang='lat' dir='ltr'>inimici</span> <span class='ocrx_word' id='word_1_180' title='bbox 1475 1904 1558 1968; x_wconf 92' lang='lat' dir='ltr'>enim</span> <span class='ocrx_word' id='word_1_181' title='bbox 1580 1903 1704 1981; x_wconf 85' lang='lat' dir='ltr'>Fausti,</span> <span class='ocrx_word' id='word_1_182' title='bbox 1726 1901 1780 1987; x_wconf 91' lang='lat' dir='ltr'>qui</span> <span class='ocrx_word' id='word_1_183' title='bbox 1803 1899 1949 1964; x_wconf 89' lang='lat' dir='ltr'>ecclesiae</span> <span class='ocrx_word' id='word_1_184' title='bbox 1971 1920 2109 1984; x_wconf 89' lang='lat' dir='ltr'>propug-</span> 
     </span>
     <span class='ocr_line' id='line_1_17' title="bbox 455 2002 2107 2092; baseline -0.002 -24"><span class='ocrx_word' id='word_1_185' title='bbox 455 2013 545 2068; x_wconf 91' lang='lat' dir='ltr'>nator</span> <span class='ocrx_word' id='word_1_186' title='bbox 567 2002 670 2067; x_wconf 89' lang='lat' dir='ltr'>dictus</span> <span class='ocrx_word' id='word_1_187' title='bbox 693 2013 749 2083; x_wconf 90' lang='lat' dir='ltr'>est,</span> <span class='ocrx_word' id='word_1_188' title='bbox 772 2003 873 2068; x_wconf 90' lang='lat' dir='ltr'>eidem</span> <span class='ocrx_word' id='word_1_189' title='bbox 896 2003 1075 2090; x_wconf 88' lang='lat' dir='ltr'>Symmachi</span> <span class='ocrx_word' id='word_1_190' title='bbox 1096 2006 1230 2071; x_wconf 82' lang='lat' dir='ltr'>fuerunt</span> <span class='ocrx_word' id='word_1_191' title='bbox 1275 2017 1378 2071; x_wconf 89' lang='lat' dir='ltr'>tamen</span> <span class='ocrx_word' id='word_1_192' title='bbox 1402 2029 1463 2071; x_wconf 91' lang='lat' dir='ltr'>non</span> <span class='ocrx_word' id='word_1_193' title='bbox 1486 2007 1531 2071; x_wconf 84' lang='lat' dir='ltr'>ita</span> <span class='ocrx_word' id='word_1_194' title='bbox 1552 2005 1652 2070; x_wconf 89' lang='lat' dir='ltr'>multo</span> <span class='ocrx_word' id='word_1_195' title='bbox 1675 2013 1746 2092; x_wconf 90' lang='lat' dir='ltr'>post</span> <span class='ocrx_word' id='word_1_196' title='bbox 1769 2002 1974 2089; x_wconf 81' lang='lat' dir='ltr'>Symmachus</span> <span class='ocrx_word' id='word_1_197' title='bbox 1997 2003 2107 2066; x_wconf 88' lang='lat' dir='ltr'>iterum</span> 
     </span>
     <span class='ocr_line' id='line_1_18' title="bbox 454 2106 2108 2196; baseline 0.001 -25"><span class='ocrx_word' id='word_1_198' title='bbox 454 2109 486 2171; x_wconf 93' lang='lat' dir='ltr'>in</span> <span class='ocrx_word' id='word_1_199' title='bbox 509 2107 643 2192; x_wconf 86' lang='lat' dir='ltr'>gratiam</span> <span class='ocrx_word' id='word_1_200' title='bbox 664 2106 849 2171; x_wconf 81' lang='lat' dir='ltr'>Theoderici</span> <span class='ocrx_word' id='word_1_201' title='bbox 872 2107 963 2172; x_wconf 80' lang='lat' dir='ltr'>rediit</span> <span class='ocrx_word' id='word_1_202' title='bbox 991 2118 1022 2173; x_wconf 89' lang='lat' dir='ltr'>et</span> <span class='ocrx_word' id='word_1_203' title='bbox 1043 2107 1089 2188; x_wconf 87' lang='lat' dir='ltr'>id,</span> <span class='ocrx_word' id='word_1_204' title='bbox 1116 2109 1201 2195; x_wconf 92' lang='lat' dir='ltr'>quod</span> <span class='ocrx_word' id='word_1_205' title='bbox 1231 2120 1402 2175; x_wconf 89' lang='lat' dir='ltr'>memoratu</span> <span class='ocrx_word' id='word_1_206' title='bbox 1425 2109 1554 2196; x_wconf 85' lang='lat' dir='ltr'>dignum</span> <span class='ocrx_word' id='word_1_207' title='bbox 1577 2118 1636 2188; x_wconf 88' lang='lat' dir='ltr'>est,</span> <span class='ocrx_word' id='word_1_208' title='bbox 1664 2130 1701 2173; x_wconf 93' lang='lat' dir='ltr'>eo</span> <span class='ocrx_word' id='word_1_209' title='bbox 1723 2118 1862 2194; x_wconf 88' lang='lat' dir='ltr'>tempore</span> <span class='ocrx_word' id='word_1_210' title='bbox 1884 2129 1947 2192; x_wconf 91' lang='lat' dir='ltr'>quo</span> <span class='ocrx_word' id='word_1_211' title='bbox 1968 2107 2108 2173; x_wconf 85' lang='lat' dir='ltr'>Faustus</span> 
     </span>
     <span class='ocr_line' id='line_1_19' title="bbox 455 2209 2108 2298; baseline 0.002 -23"><span class='ocrx_word' id='word_1_212' title='bbox 455 2219 602 2297; x_wconf 86' lang='lat' dir='ltr'>quaestor</span> <span class='ocrx_word' id='word_1_213' title='bbox 622 2209 690 2274; x_wconf 83' lang='lat' dir='ltr'>fuit</span> <span class='ocrx_word' id='word_1_214' title='bbox 735 2210 861 2296; x_wconf 86' lang='lat' dir='ltr'>scripsit</span> <span class='ocrx_word' id='word_1_215' title='bbox 882 2211 963 2275; x_wconf 91' lang='lat' dir='ltr'>enim</span> <span class='ocrx_word' id='word_1_216' title='bbox 987 2211 1152 2277; x_wconf 84' lang='lat' dir='ltr'>Ennodius</span> <span class='ocrx_word' id='word_1_217' title='bbox 1175 2213 1206 2276; x_wconf 94' lang='grc'>111</span> <span class='ocrx_word' id='word_1_218' title='bbox 1226 2213 1360 2298; x_wconf 88' lang='lat' dir='ltr'>epistula</span> <span class='ocrx_word' id='word_1_219' title='bbox 1382 2211 1423 2277; x_wconf 88' lang='lat' dir='ltr'>nd</span> <span class='ocrx_word' id='word_1_220' title='bbox 1445 2212 1600 2276; x_wconf 88' lang='lat' dir='ltr'>Faustum</span> <span class='ocrx_word' id='word_1_221' title='bbox 1623 2221 1817 2297; x_wconf 86' lang='lat' dir='ltr'>quaestorem</span> <span class='ocrx_word' id='word_1_222' title='bbox 1840 2210 2108 2298; x_wconf 82' lang='grc'><strong>1111111(11.74,12)</strong></span> 
     </span>
     <span class='ocr_line' id='line_1_20' title="bbox 454 2312 2110 2401; baseline 0.001 -23"><span class='ocrx_word' id='word_1_223' title='bbox 454 2314 544 2378; x_wconf 88' lang='lat' dir='ltr'>baec:</span> <span class='ocrx_word' id='word_1_224' title='bbox 572 2312 639 2390; x_wconf 91' lang='lat' dir='ltr'>‚deo</span> <span class='ocrx_word' id='word_1_225' title='bbox 666 2314 799 2399; x_wconf 89' lang='lat' dir='ltr'>gratias,</span> <span class='ocrx_word' id='word_1_226' title='bbox 827 2315 900 2399; x_wconf 91' lang='lat' dir='ltr'>quia</span> <span class='ocrx_word' id='word_1_227' title='bbox 926 2315 1058 2379; x_wconf 85' lang='lat' dir='ltr'>felicitas</span> <span class='ocrx_word' id='word_1_228' title='bbox 1085 2325 1189 2380; x_wconf 90' lang='lat' dir='ltr'>vestra</span> <span class='ocrx_word' id='word_1_229' title='bbox 1216 2316 1332 2380; x_wconf 89' lang='lat' dir='ltr'>votivis</span> <span class='ocrx_word' id='word_1_230' title='bbox 1359 2316 1488 2401; x_wconf 85' lang='lat' dir='ltr'>erigitur</span> <span class='ocrx_word' id='word_1_231' title='bbox 1514 2325 1605 2380; x_wconf 87' lang='lat' dir='ltr'>aucta</span> <span class='ocrx_word' id='word_1_232' title='bbox 1635 2314 1846 2393; x_wconf 72' lang='lat' dir='ltr'>successibus,</span> <span class='ocrx_word' id='word_1_233' title='bbox 1876 2312 1961 2399; x_wconf 90' lang='lat' dir='ltr'>quod</span> <span class='ocrx_word' id='word_1_234' title='bbox 1988 2313 2110 2380; x_wconf 88' lang='lat' dir='ltr'>tumida</span> 
     </span>
     <span class='ocr_line' id='line_1_21' title="bbox 455 2416 2109 2505; baseline 0.001 -24"><span class='ocrx_word' id='word_1_235' title='bbox 455 2417 651 2482; x_wconf 90' lang='lat' dir='ltr'>inimicorum</span> <span class='ocrx_word' id='word_1_236' title='bbox 678 2417 783 2481; x_wconf 83' lang='lat' dir='ltr'>cervbr</span> <span class='ocrx_word' id='word_1_237' title='bbox 818 2416 947 2482; x_wconf 79' lang='lat' dir='ltr'>Christo</span> <span class='ocrx_word' id='word_1_238' title='bbox 982 2416 1042 2482; x_wconf 88' lang='lat' dir='ltr'>deo</span> <span class='ocrx_word' id='word_1_239' title='bbox 1070 2427 1177 2483; x_wconf 88' lang='lat' dir='ltr'>nostro</span> <span class='ocrx_word' id='word_1_240' title='bbox 1205 2429 1336 2505; x_wconf 86' lang='lat' dir='ltr'>gravata</span> <span class='ocrx_word' id='word_1_241' title='bbox 1366 2418 1563 2484; x_wconf 89' lang='lat' dir='ltr'>subcumbit‘.</span> <span class='ocrx_word' id='word_1_242' title='bbox 1611 2440 1674 2503; x_wconf 94' lang='lat' dir='ltr'>quo</span> <span class='ocrx_word' id='word_1_243' title='bbox 1702 2438 1784 2481; x_wconf 83' lang='lat' dir='ltr'>armo</span> <span class='ocrx_word' id='word_1_244' title='bbox 1811 2416 1870 2480; x_wconf 91' lang='lat' dir='ltr'>hoc</span> <span class='ocrx_word' id='word_1_245' title='bbox 1898 2416 2014 2481; x_wconf 88' lang='lat' dir='ltr'>factum</span> <span class='ocrx_word' id='word_1_246' title='bbox 2041 2420 2109 2482; x_wconf 79' lang='lat' dir='ltr'>est‘l</span> 
     </span>
     <span class='ocr_line' id='line_1_22' title="bbox 454 2519 2108 2608; baseline 0.001 -23"><span class='ocrx_word' id='word_1_247' title='bbox 454 2522 571 2585; x_wconf 91' lang='lat' dir='ltr'>factum</span> <span class='ocrx_word' id='word_1_248' title='bbox 593 2529 641 2584; x_wconf 91' lang='lat' dir='ltr'>est</span> <span class='ocrx_word' id='word_1_249' title='bbox 662 2519 770 2585; x_wconf 90' lang='lat' dir='ltr'>eodem</span> <span class='ocrx_word' id='word_1_250' title='bbox 793 2543 891 2599; x_wconf 85' lang='lat' dir='ltr'>anne,</span> <span class='ocrx_word' id='word_1_251' title='bbox 916 2544 979 2606; x_wconf 94' lang='lat' dir='ltr'>quo</span> <span class='ocrx_word' id='word_1_252' title='bbox 1001 2521 1153 2601; x_wconf 88' lang='lat' dir='ltr'>Messala,</span> <span class='ocrx_word' id='word_1_253' title='bbox 1176 2523 1253 2587; x_wconf 88' lang='lat' dir='ltr'>alter</span> <span class='ocrx_word' id='word_1_254' title='bbox 1274 2522 1384 2586; x_wconf 89' lang='lat' dir='ltr'>Fausti</span> <span class='ocrx_word' id='word_1_255' title='bbox 1411 2523 1509 2602; x_wconf 86' lang='lat' dir='ltr'>iilius,</span> <span class='ocrx_word' id='word_1_256' title='bbox 1538 2521 1648 2586; x_wconf 87' lang='lat' dir='ltr'>consul</span> <span class='ocrx_word' id='word_1_257' title='bbox 1669 2521 1730 2585; x_wconf 86' lang='lat' dir='ltr'>fuit</span> <span class='ocrx_word' id='word_1_258' title='bbox 1751 2521 1770 2587; x_wconf 91' lang='lat' dir='ltr'>i.</span> <span class='ocrx_word' id='word_1_259' title='bbox 1785 2543 1810 2584; x_wconf 90' lang='lat' dir='ltr'>e.</span> <span class='ocrx_word' id='word_1_260' title='bbox 1833 2544 1915 2586; x_wconf 86' lang='lat' dir='ltr'>armo</span> <span class='ocrx_word' id='word_1_261' title='bbox 1939 2527 2016 2600; x_wconf 77' lang='lat'>5063</span> <span class='ocrx_word' id='word_1_262' title='bbox 2045 2545 2108 2608; x_wconf 90' lang='lat' dir='ltr'>quo</span> 
     </span>
     <span class='ocr_line' id='line_1_23' title="bbox 454 2622 2109 2713; baseline 0.002 -26"><span class='ocrx_word' id='word_1_263' title='bbox 454 2623 611 2689; x_wconf 88' lang='lat' dir='ltr'>Iohannes</span> <span class='ocrx_word' id='word_1_264' title='bbox 639 2622 790 2689; x_wconf 90' lang='lat' dir='ltr'>diaconus</span> <span class='ocrx_word' id='word_1_265' title='bbox 813 2649 832 2689; x_wconf 91' lang='lat' dir='ltr'>a</span> <span class='ocrx_word' id='word_1_266' title='bbox 855 2624 1043 2711; x_wconf 87' lang='lat' dir='ltr'>Symmacho</span> <span class='ocrx_word' id='word_1_267' title='bbox 1067 2636 1101 2690; x_wconf 93' lang='lat' dir='ltr'>ut</span> <span class='ocrx_word' id='word_1_268' title='bbox 1123 2627 1331 2691; x_wconf 81' lang='lat' dir='ltr'>restitueretur</span> <span class='ocrx_word' id='word_1_269' title='bbox 1353 2626 1402 2691; x_wconf 88' lang='lat' dir='ltr'>his</span> <span class='ocrx_word' id='word_1_270' title='bbox 1425 2627 1618 2713; x_wconf 88' lang='lat' dir='ltr'>supplicibus</span> <span class='ocrx_word' id='word_1_271' title='bbox 1633 2627 1736 2691; x_wconf 87' lang='lat' dir='ltr'>verbis</span> <span class='ocrx_word' id='word_1_272' title='bbox 1760 2626 1871 2712; x_wconf 89' lang='lat' dir='ltr'>petivit</span> <span class='ocrx_word' id='word_1_273' title='bbox 1892 2624 1998 2704; x_wconf 81' lang='lat' dir='ltr'>(Thiel</span> <span class='ocrx_word' id='word_1_274' title='bbox 2018 2625 2109 2711; x_wconf 87' lang='lat' dir='ltr'>epist.</span> 
     </span>
     <span class='ocr_line' id='line_1_24' title="bbox 456 2727 2110 2815; baseline 0.001 -24"><span class='ocrx_word' id='word_1_275' title='bbox 456 2727 713 2813; x_wconf 79' lang='grc'><strong>11011111.11.697);</strong></span> <span class='ocrx_word' id='word_1_276' title='bbox 736 2749 1066 2812; x_wconf 73' lang='lat' dir='ltr'>,agnosoenserrcrem</span> <span class='ocrx_word' id='word_1_277' title='bbox 1090 2750 1191 2792; x_wconf 91' lang='lat' dir='ltr'>meum</span> <span class='ocrx_word' id='word_1_278' title='bbox 1215 2750 1306 2815; x_wconf 88' lang='lat' dir='ltr'>spero</span> <span class='ocrx_word' id='word_1_279' title='bbox 1328 2728 1572 2794; x_wconf 89' lang='lat' dir='ltr'>miscricordiam</span> <span class='ocrx_word' id='word_1_280' title='bbox 1596 2727 1932 2794; x_wconf 87' lang='lat' dir='ltr'>beatitudinisvestrae</span> <span class='ocrx_word' id='word_1_281' title='bbox 1954 2727 2110 2793; x_wconf 80' lang='grc'><strong>011011111-</strong></span> 
     </span>
     <span class='ocr_line' id='line_1_25' title="bbox 455 2831 2110 2920; baseline 0.002 -25"><span class='ocrx_word' id='word_1_282' title='bbox 455 2831 568 2917; x_wconf 86' lang='lat' dir='ltr'>tegrari</span> <span class='ocrx_word' id='word_1_283' title='bbox 595 2854 645 2894; x_wconf 91' lang='lat' dir='ltr'>me</span> <span class='ocrx_word' id='word_1_284' title='bbox 673 2833 801 2897; x_wconf 90' lang='lat' dir='ltr'>unitati:</span> <span class='ocrx_word' id='word_1_285' title='bbox 831 2834 1041 2912; x_wconf 90' lang='lat' dir='ltr'>consentiens,</span> <span class='ocrx_word' id='word_1_286' title='bbox 1063 2857 1142 2920; x_wconf 90' lang='lat' dir='ltr'>quae</span> <span class='ocrx_word' id='word_1_287' title='bbox 1170 2833 1346 2898; x_wconf 87' lang='lat' dir='ltr'>venerando</span> <span class='ocrx_word' id='word_1_288' title='bbox 1372 2833 1511 2919; x_wconf 80' lang='lat' dir='ltr'>synodus</span> <span class='ocrx_word' id='word_1_289' title='bbox 1540 2833 1691 2898; x_wconf 88' lang='lat' dir='ltr'>iudicavit</span> <span class='ocrx_word' id='word_1_290' title='bbox 1719 2842 1810 2919; x_wconf 91' lang='lat' dir='ltr'>atque</span> <span class='ocrx_word' id='word_1_291' title='bbox 1832 2833 2008 2912; x_wconf 91' lang='lat' dir='ltr'>constituit,</span> <span class='ocrx_word' id='word_1_292' title='bbox 2035 2856 2110 2898; x_wconf 89' lang='lat' dir='ltr'>ana·</span> 
     </span>
     <span class='ocr_line' id='line_1_26' title="bbox 455 2935 2110 3022; baseline 0.001 -21"><span class='ocrx_word' id='word_1_293' title='bbox 455 2935 660 3001; x_wconf 80' lang='lat' dir='ltr'>thematizaus</span> <span class='ocrx_word' id='word_1_294' title='bbox 688 2936 816 3000; x_wconf 90' lang='lat' dir='ltr'>Petrum</span> <span class='ocrx_word' id='word_1_295' title='bbox 851 2938 1022 3002; x_wconf 83' lang='lat' dir='ltr'>Altinatem</span> <span class='ocrx_word' id='word_1_296' title='bbox 1053 2947 1084 3001; x_wconf 93' lang='lat' dir='ltr'>et</span> <span class='ocrx_word' id='word_1_297' title='bbox 1115 2938 1319 3002; x_wconf 85' lang='lat' dir='ltr'>Laurentium</span> <span class='ocrx_word' id='word_1_298' title='bbox 1354 2937 1515 3002; x_wconf 90' lang='lat' dir='ltr'>Romanae</span> <span class='ocrx_word' id='word_1_299' title='bbox 1549 2936 1696 3001; x_wconf 88' lang='lat' dir='ltr'>ecclesiae</span> <span class='ocrx_word' id='word_1_300' title='bbox 1728 2958 1926 3022; x_wconf 79' lang='lat' dir='ltr'>pervasorem</span> <span class='ocrx_word' id='word_1_301' title='bbox 1954 2946 1985 3000; x_wconf 90' lang='lat' dir='ltr'>et</span> <span class='ocrx_word' id='word_1_302' title='bbox 2011 2936 2110 3002; x_wconf 90' lang='lat' dir='ltr'>schis-</span> 
     </span>
     <span class='ocr_line' id='line_1_27' title="bbox 455 3038 2109 3125; baseline 0.001 -21"><span class='ocrx_word' id='word_1_303' title='bbox 455 3038 604 3104; x_wconf 89' lang='lat' dir='ltr'>maticum</span> <span class='ocrx_word' id='word_1_304' title='bbox 626 3087 731 3103; x_wconf 90' lang='grc'><strong>......</strong></span> <span class='ocrx_word' id='word_1_305' title='bbox 754 3039 855 3103; x_wconf 94' lang='lat' dir='ltr'>obtuli</span> <span class='ocrx_word' id='word_1_306' title='bbox 889 3040 948 3105; x_wconf 88' lang='lat' dir='ltr'>sub</span> <span class='ocrx_word' id='word_1_307' title='bbox 975 3039 1026 3104; x_wconf 90' lang='lat' dir='ltr'>die</span> <span class='ocrx_word' id='word_1_308' title='bbox 1055 3040 1155 3106; x_wconf 86' lang='lat' dir='ltr'>XIV.</span> <span class='ocrx_word' id='word_1_309' title='bbox 1182 3039 1256 3105; x_wconf 86' lang='lat' dir='ltr'>Kal.</span> <span class='ocrx_word' id='word_1_310' title='bbox 1284 3040 1356 3105; x_wconf 82' lang='lat' dir='ltr'>Oct</span> <span class='ocrx_word' id='word_1_311' title='bbox 1384 3040 1524 3106; x_wconf 90' lang='lat' dir='ltr'>Messala</span> <span class='ocrx_word' id='word_1_312' title='bbox 1551 3040 1695 3105; x_wconf 69' lang='lat' dir='ltr'>consulet</span> <span class='ocrx_word' id='word_1_313' title='bbox 1750 3040 1971 3125; x_wconf 86' lang='lat' dir='ltr'>gravissimum</span> <span class='ocrx_word' id='word_1_314' title='bbox 2005 3049 2109 3105; x_wconf 89' lang='lat' dir='ltr'>autem</span> 
     </span>
     <span class='ocr_line' id='line_1_28' title="bbox 456 3143 2110 3231; baseline 0.002 -24"><span class='ocrx_word' id='word_1_315' title='bbox 456 3143 666 3208; x_wconf 86' lang='lat' dir='ltr'>testimouium</span> <span class='ocrx_word' id='word_1_316' title='bbox 689 3154 738 3208; x_wconf 91' lang='lat' dir='ltr'>est</span> <span class='ocrx_word' id='word_1_317' title='bbox 758 3145 892 3231; x_wconf 80' lang='lat' dir='ltr'>epistula</span> <span class='ocrx_word' id='word_1_318' title='bbox 914 3145 1100 3210; x_wconf 85' lang='lat' dir='ltr'>Theoderici</span> <span class='ocrx_word' id='word_1_319' title='bbox 1122 3143 1163 3210; x_wconf 89' lang='lat' dir='ltr'>ad</span> <span class='ocrx_word' id='word_1_320' title='bbox 1185 3155 1326 3210; x_wconf 78' lang='grc'><strong>0011011101</strong></span> <span class='ocrx_word' id='word_1_321' title='bbox 1350 3145 1386 3213; x_wconf 89' lang='lat' dir='ltr'>V</span> <span class='ocrx_word' id='word_1_322' title='bbox 1408 3145 1457 3209; x_wconf 92' lang='lat' dir='ltr'>Id.</span> <span class='ocrx_word' id='word_1_323' title='bbox 1479 3145 1575 3210; x_wconf 86' lang='lat' dir='ltr'>Mart.</span> <span class='ocrx_word' id='word_1_324' title='bbox 1591 3145 1752 3211; x_wconf 86' lang='lat' dir='ltr'>Venantio</span> <span class='ocrx_word' id='word_1_325' title='bbox 1775 3145 1902 3210; x_wconf 90' lang='lat' dir='ltr'>consule</span> <span class='ocrx_word' id='word_1_326' title='bbox 1924 3149 1974 3224; x_wconf 89' lang='lat'>(=</span> <span class='ocrx_word' id='word_1_327' title='bbox 1992 3147 2110 3223; x_wconf 76' lang='grc'><strong>11507)</strong></span> 
     </span>
     <span class='ocr_line' id='line_1_29' title="bbox 455 3245 2110 3334; baseline 0.001 -24"><span class='ocrx_word' id='word_1_328' title='bbox 455 3245 888 3333; x_wconf 82' lang='grc' dir='ltr'><strong>111110)Τ111011.0.1).695),</strong></span> <span class='ocrx_word' id='word_1_329' title='bbox 916 3270 979 3333; x_wconf 90' lang='lat' dir='ltr'>qua</span> <span class='ocrx_word' id='word_1_330' title='bbox 999 3248 1126 3312; x_wconf 88' lang='lat' dir='ltr'>tandem</span> <span class='ocrx_word' id='word_1_331' title='bbox 1153 3246 1309 3312; x_wconf 89' lang='lat' dir='ltr'>decretum</span> <span class='ocrx_word' id='word_1_332' title='bbox 1332 3247 1443 3334; x_wconf 87' lang='lat' dir='ltr'>synodi</span> <span class='ocrx_word' id='word_1_333' title='bbox 1466 3247 1628 3313; x_wconf 86' lang='lat' dir='ltr'>Romanae</span> <span class='ocrx_word' id='word_1_334' title='bbox 1655 3248 1768 3312; x_wconf 77' lang='lat' dir='ltr'>sanxit.</span> <span class='ocrx_word' id='word_1_335' title='bbox 1811 3257 1878 3311; x_wconf 92' lang='lat' dir='ltr'>tum</span> <span class='ocrx_word' id='word_1_336' title='bbox 1901 3247 1996 3333; x_wconf 86' lang='lat' dir='ltr'>igitur</span> <span class='ocrx_word' id='word_1_337' title='bbox 2018 3246 2110 3332; x_wconf 88' lang='lat' dir='ltr'>Sym-</span> 
     </span>
     <span class='ocr_line' id='line_1_30' title="bbox 455 3349 2109 3437; baseline 0.002 -23"><span class='ocrx_word' id='word_1_338' title='bbox 455 3349 583 3414; x_wconf 88' lang='lat' dir='ltr'>machus</span> <span class='ocrx_word' id='word_1_339' title='bbox 607 3373 690 3437; x_wconf 89' lang='lat' dir='ltr'>papa</span> <span class='ocrx_word' id='word_1_340' title='bbox 704 3350 861 3436; x_wconf 88' lang='lat' dir='ltr'>legitimus</span> <span class='ocrx_word' id='word_1_341' title='bbox 877 3351 1002 3436; x_wconf 87' lang='lat' dir='ltr'>agnitus</span> <span class='ocrx_word' id='word_1_342' title='bbox 1024 3359 1080 3429; x_wconf 90' lang='lat' dir='ltr'>est,</span> <span class='ocrx_word' id='word_1_343' title='bbox 1103 3369 1168 3415; x_wconf 90' lang='lat' dir='ltr'>tum</span> <span class='ocrx_word' id='word_1_344' title='bbox 1190 3351 1385 3415; x_wconf 88' lang='lat' dir='ltr'>coutumacia</span> <span class='ocrx_word' id='word_1_345' title='bbox 1400 3350 1648 3416; x_wconf 87' lang='lat' dir='ltr'>adversariorum</span> <span class='ocrx_word' id='word_1_346' title='bbox 1672 3351 1756 3415; x_wconf 88' lang='lat' dir='ltr'>victa</span> <span class='ocrx_word' id='word_1_347' title='bbox 1770 3350 1958 3416; x_wconf 88' lang='lat' dir='ltr'>Laurentius</span> <span class='ocrx_word' id='word_1_348' title='bbox 1974 3351 2109 3417; x_wconf 89' lang='lat' dir='ltr'>Romam</span> 
     </span>
     <span class='ocr_line' id='line_1_31' title="bbox 455 3452 2109 3542; baseline 0.002 -24"><span class='ocrx_word' id='word_1_349' title='bbox 455 3454 588 3540; x_wconf 91' lang='lat' dir='ltr'>reliquit,</span> <span class='ocrx_word' id='word_1_350' title='bbox 611 3464 676 3518; x_wconf 87' lang='lat' dir='ltr'>tum</span> <span class='ocrx_word' id='word_1_351' title='bbox 699 3452 832 3540; x_wconf 89' lang='lat' dir='ltr'>denique</span> <span class='ocrx_word' id='word_1_352' title='bbox 855 3454 1021 3519; x_wconf 90' lang='lat' dir='ltr'>concordia</span> <span class='ocrx_word' id='word_1_353' title='bbox 1042 3456 1074 3519; x_wconf 92' lang='lat' dir='ltr'>in</span> <span class='ocrx_word' id='word_1_354' title='bbox 1097 3455 1227 3520; x_wconf 90' lang='lat' dir='ltr'>ecclesia</span> <span class='ocrx_word' id='word_1_355' title='bbox 1249 3455 1393 3520; x_wconf 87' lang='lat' dir='ltr'>Romana</span> <span class='ocrx_word' id='word_1_356' title='bbox 1414 3456 1463 3520; x_wconf 92' lang='lat' dir='ltr'>vel</span> <span class='ocrx_word' id='word_1_357' title='bbox 1486 3456 1606 3542; x_wconf 90' lang='lat' dir='ltr'>species</span> <span class='ocrx_word' id='word_1_358' title='bbox 1629 3455 1812 3520; x_wconf 90' lang='lat' dir='ltr'>concordiae</span> <span class='ocrx_word' id='word_1_359' title='bbox 1834 3456 2033 3521; x_wconf 88' lang='lat' dir='ltr'>reconciliata</span> <span class='ocrx_word' id='word_1_360' title='bbox 2054 3464 2109 3521; x_wconf 82' lang='lat' dir='ltr'>est</span> 
     </span>
     <span class='ocr_line' id='line_1_32' title="bbox 455 3556 2110 3645; baseline 0.001 -23"><span class='ocrx_word' id='word_1_361' title='bbox 455 3556 569 3644; x_wconf 88' lang='lat' dir='ltr'>quodsi</span> <span class='ocrx_word' id='word_1_362' title='bbox 592 3557 812 3623; x_wconf 85' lang='lat' dir='ltr'>Cassiodorius</span> <span class='ocrx_word' id='word_1_363' title='bbox 835 3558 867 3622; x_wconf 93' lang='lat' dir='ltr'>in</span> <span class='ocrx_word' id='word_1_364' title='bbox 890 3558 1036 3624; x_wconf 88' lang='lat' dir='ltr'>chronico</span> <span class='ocrx_word' id='word_1_365' title='bbox 1058 3557 1098 3623; x_wconf 90' lang='lat' dir='ltr'>ad</span> <span class='ocrx_word' id='word_1_366' title='bbox 1121 3581 1235 3625; x_wconf 88' lang='lat' dir='ltr'>aunum</span> <span class='ocrx_word' id='word_1_367' title='bbox 1252 3564 1316 3627; x_wconf 97' lang='grc'>514</span> <span class='ocrx_word' id='word_1_368' title='bbox 1342 3559 1506 3624; x_wconf 85' lang='lat' dir='ltr'>adnotavit</span> <span class='ocrx_word' id='word_1_369' title='bbox 1531 3568 1605 3645; x_wconf 88' lang='lat' dir='ltr'>post</span> <span class='ocrx_word' id='word_1_370' title='bbox 1628 3558 1805 3644; x_wconf 88' lang='lat' dir='ltr'>Symmachi</span> <span class='ocrx_word' id='word_1_371' title='bbox 1830 3558 1955 3624; x_wconf 90' lang='lat' dir='ltr'>demum</span> <span class='ocrx_word' id='word_1_372' title='bbox 1978 3569 2110 3624; x_wconf 89' lang='lat' dir='ltr'>mortem</span> 
     </span>
     <span class='ocr_line' id='line_1_33' title="bbox 454 3661 2110 3751; baseline 0.001 -24"><span class='ocrx_word' id='word_1_373' title='bbox 454 3661 601 3743; x_wconf 91' lang='lat' dir='ltr'>,adunato</span> <span class='ocrx_word' id='word_1_374' title='bbox 629 3663 711 3727; x_wconf 92' lang='lat' dir='ltr'>clero</span> <span class='ocrx_word' id='word_1_375' title='bbox 739 3663 789 3727; x_wconf 95' lang='lat' dir='ltr'>vel</span> <span class='ocrx_word' id='word_1_376' title='bbox 818 3662 936 3750; x_wconf 90' lang='lat' dir='ltr'>populo</span> <span class='ocrx_word' id='word_1_377' title='bbox 964 3663 1124 3729; x_wconf 88' lang='lat' dir='ltr'>Romanae</span> <span class='ocrx_word' id='word_1_378' title='bbox 1151 3665 1298 3730; x_wconf 87' lang='lat' dir='ltr'>ecclesiae</span> <span class='ocrx_word' id='word_1_379' title='bbox 1329 3664 1458 3729; x_wconf 90' lang='lat' dir='ltr'>rediisse</span> <span class='ocrx_word' id='word_1_380' title='bbox 1486 3673 1625 3751; x_wconf 89' lang='lat' dir='ltr'>optatam</span> <span class='ocrx_word' id='word_1_381' title='bbox 1653 3663 1870 3742; x_wconf 87' lang='lat' dir='ltr'>concordiam‘,</span> <span class='ocrx_word' id='word_1_382' title='bbox 1895 3663 2023 3727; x_wconf 89' lang='lat' dir='ltr'>minime</span> <span class='ocrx_word' id='word_1_383' title='bbox 2050 3662 2110 3728; x_wconf 90' lang='lat' dir='ltr'>boc</span> 
     </span>
     <span class='ocr_line' id='line_1_34' title="bbox 456 3766 2109 3852; baseline 0.001 -22"><span class='ocrx_word' id='word_1_384' title='bbox 456 3789 564 3831; x_wconf 88' lang='lat' dir='ltr'>verum</span> <span class='ocrx_word' id='word_1_385' title='bbox 587 3788 655 3831; x_wconf 91' lang='lat' dir='ltr'>esse</span> <span class='ocrx_word' id='word_1_386' title='bbox 683 3767 883 3852; x_wconf 86' lang='lat' dir='ltr'>negabimus,</span> <span class='ocrx_word' id='word_1_387' title='bbox 912 3776 1015 3831; x_wconf 89' lang='lat' dir='ltr'>tumen</span> <span class='ocrx_word' id='word_1_388' title='bbox 1042 3766 1127 3832; x_wconf 91' lang='lat' dir='ltr'>baud</span> <span class='ocrx_word' id='word_1_389' title='bbox 1156 3768 1221 3832; x_wconf 91' lang='lat' dir='ltr'>scio</span> <span class='ocrx_word' id='word_1_390' title='bbox 1242 3789 1287 3832; x_wconf 87' lang='lat' dir='ltr'>an</span> <span class='ocrx_word' id='word_1_391' title='bbox 1316 3769 1381 3832; x_wconf 89' lang='lat' dir='ltr'>iure</span> <span class='ocrx_word' id='word_1_392' title='bbox 1404 3767 1539 3832; x_wconf 89' lang='lat' dir='ltr'>conicias</span> <span class='ocrx_word' id='word_1_393' title='bbox 1567 3766 1804 3832; x_wconf 85' lang='lat' dir='ltr'>Cassiodorium</span> <span class='ocrx_word' id='word_1_394' title='bbox 1831 3766 2019 3852; x_wconf 86' lang='lat' dir='ltr'>Symmacho</span> <span class='ocrx_word' id='word_1_395' title='bbox 2046 3789 2109 3831; x_wconf 92' lang='lat' dir='ltr'>non</span> 
     </span>
     <span class='ocr_line' id='line_1_35' title="bbox 456 3869 2109 3957; baseline 0 -23"><span class='ocrx_word' id='word_1_396' title='bbox 456 3870 582 3938; x_wconf 89' lang='lat' dir='ltr'>favisse.</span> <span class='ocrx_word' id='word_1_397' title='bbox 620 3893 693 3935; x_wconf 90' lang='lat' dir='ltr'>nam</span> <span class='ocrx_word' id='word_1_398' title='bbox 715 3870 756 3935; x_wconf 93' lang='lat' dir='ltr'>ab</span> <span class='ocrx_word' id='word_1_399' title='bbox 779 3871 887 3935; x_wconf 89' lang='lat' dir='ltr'>amicis</span> <span class='ocrx_word' id='word_1_400' title='bbox 904 3893 1004 3957; x_wconf 91' lang='lat' dir='ltr'>papae</span> <span class='ocrx_word' id='word_1_401' title='bbox 1020 3871 1105 3935; x_wconf 90' lang='lat' dir='ltr'>velut</span> <span class='ocrx_word' id='word_1_402' title='bbox 1127 3871 1167 3935; x_wconf 90' lang='lat' dir='ltr'>ab</span> <span class='ocrx_word' id='word_1_403' title='bbox 1189 3869 1338 3935; x_wconf 85' lang='lat' dir='ltr'>Euuodio</span> <span class='ocrx_word' id='word_1_404' title='bbox 1360 3876 1400 3957; x_wconf 83' lang='lat' dir='ltr'>(p.</span> <span class='ocrx_word' id='word_1_405' title='bbox 1416 3873 1489 3949; x_wconf 90' lang='grc'><strong>229,</strong></span> <span class='ocrx_word' id='word_1_406' title='bbox 1498 3874 1539 3937; x_wconf 93' lang='grc'><strong>39</strong></span> <span class='ocrx_word' id='word_1_407' title='bbox 1561 3881 1594 3935; x_wconf 90' lang='lat' dir='ltr'>et</span> <span class='ocrx_word' id='word_1_408' title='bbox 1615 3873 1688 3947; x_wconf 88' lang='grc'><strong>318,</strong></span> <span class='ocrx_word' id='word_1_409' title='bbox 1700 3873 1751 3951; x_wconf 90' lang='grc'>27)</span> <span class='ocrx_word' id='word_1_410' title='bbox 1767 3869 1973 3955; x_wconf 80' lang='lat' dir='ltr'>Symmachus</span> <span class='ocrx_word' id='word_1_411' title='bbox 1988 3870 2109 3956; x_wconf 89' lang='lat' dir='ltr'>magnis</span> 
     </span>
     <span class='ocr_line' id='line_1_36' title="bbox 456 3971 2109 4061; baseline 0.002 -25"><span class='ocrx_word' id='word_1_412' title='bbox 456 3971 602 4038; x_wconf 89' lang='lat' dir='ltr'>laudibus</span> <span class='ocrx_word' id='word_1_413' title='bbox 624 3973 759 4053; x_wconf 87' lang='lat' dir='ltr'>effertur,</span> <span class='ocrx_word' id='word_1_414' title='bbox 781 3973 866 4060; x_wconf 86' lang='lat' dir='ltr'>quod</span> <span class='ocrx_word' id='word_1_415' title='bbox 888 3975 988 4060; x_wconf 91' lang='lat' dir='ltr'>ipsius</span> <span class='ocrx_word' id='word_1_416' title='bbox 1004 3997 1099 4061; x_wconf 87' lang='lat' dir='ltr'>opera</span> <span class='ocrx_word' id='word_1_417' title='bbox 1120 3974 1267 4039; x_wconf 86' lang='lat' dir='ltr'>ecclesiae</span> <span class='ocrx_word' id='word_1_418' title='bbox 1289 3974 1449 4039; x_wconf 83' lang='lat' dir='ltr'>Romanae</span> <span class='ocrx_word' id='word_1_419' title='bbox 1464 3973 1630 4039; x_wconf 90' lang='lat' dir='ltr'>concordia</span> <span class='ocrx_word' id='word_1_420' title='bbox 1649 3973 1771 4039; x_wconf 82' lang='lat' dir='ltr'>reddita</span> <span class='ocrx_word' id='word_1_421' title='bbox 1793 3975 1842 4038; x_wconf 80' lang='lat' dir='ltr'>sit.</span> <span class='ocrx_word' id='word_1_422' title='bbox 1873 3975 2109 4041; x_wconf 85' lang='lat' dir='ltr'>Cassiodorium</span> 
     </span>
     <span class='ocr_line' id='line_1_37' title="bbox 457 4075 2110 4165; baseline 0.004 -25"><span class='ocrx_word' id='word_1_423' title='bbox 457 4086 560 4141; x_wconf 89' lang='lat' dir='ltr'>autem</span> <span class='ocrx_word' id='word_1_424' title='bbox 583 4099 602 4140; x_wconf 92' lang='lat' dir='ltr'>a</span> <span class='ocrx_word' id='word_1_425' title='bbox 624 4075 811 4162; x_wconf 89' lang='lat' dir='ltr'>Symmacho</span> <span class='ocrx_word' id='word_1_426' title='bbox 826 4078 954 4164; x_wconf 91' lang='lat' dir='ltr'>eiusque</span> <span class='ocrx_word' id='word_1_427' title='bbox 968 4079 1102 4143; x_wconf 87' lang='lat' dir='ltr'>factione</span> <span class='ocrx_word' id='word_1_428' title='bbox 1117 4078 1326 4144; x_wconf 86' lang='lat' dir='ltr'>abalienatum</span> <span class='ocrx_word' id='word_1_429' title='bbox 1341 4078 1438 4142; x_wconf 89' lang='lat' dir='ltr'>fuisse</span> <span class='ocrx_word' id='word_1_430' title='bbox 1459 4078 1552 4143; x_wconf 90' lang='lat' dir='ltr'>etiam</span> <span class='ocrx_word' id='word_1_431' title='bbox 1574 4101 1612 4142; x_wconf 89' lang='lat' dir='ltr'>ea</span> <span class='ocrx_word' id='word_1_432' title='bbox 1626 4101 1659 4143; x_wconf 91' lang='lat' dir='ltr'>re</span> <span class='ocrx_word' id='word_1_433' title='bbox 1674 4078 1749 4143; x_wconf 93' lang='lat' dir='ltr'>mihi</span> <span class='ocrx_word' id='word_1_434' title='bbox 1765 4080 1962 4165; x_wconf 87' lang='lat' dir='ltr'>comprobari</span> <span class='ocrx_word' id='word_1_435' title='bbox 1978 4079 2110 4160; x_wconf 88' lang='lat' dir='ltr'>videtur,</span> 
     </span>
     <span class='ocr_line' id='line_1_38' title="bbox 457 4178 2109 4269; baseline 0.004 -27"><span class='ocrx_word' id='word_1_436' title='bbox 457 4178 540 4264; x_wconf 93' lang='lat' dir='ltr'>qnod</span> <span class='ocrx_word' id='word_1_437' title='bbox 557 4180 630 4243; x_wconf 76' lang='lat' dir='ltr'>’eius</span> <span class='ocrx_word' id='word_1_438' title='bbox 653 4180 686 4243; x_wconf 89' lang='lat' dir='ltr'>in</span> <span class='ocrx_word' id='word_1_439' title='bbox 709 4180 853 4245; x_wconf 90' lang='lat' dir='ltr'>omnibus</span> <span class='ocrx_word' id='word_1_440' title='bbox 876 4180 1002 4246; x_wconf 89' lang='lat' dir='ltr'>Eunodi</span> <span class='ocrx_word' id='word_1_441' title='bbox 1025 4182 1172 4269; x_wconf 91' lang='lat' dir='ltr'>operibus</span> <span class='ocrx_word' id='word_1_442' title='bbox 1200 4204 1239 4246; x_wconf 92' lang='grc'>110</span> <span class='ocrx_word' id='word_1_443' title='bbox 1262 4182 1358 4247; x_wconf 92' lang='lat' dir='ltr'>verbo</span> <span class='ocrx_word' id='word_1_444' title='bbox 1380 4181 1505 4268; x_wconf 91' lang='lat' dir='ltr'>quidem</span> <span class='ocrx_word' id='word_1_445' title='bbox 1528 4184 1644 4247; x_wconf 88' lang='lat' dir='ltr'>mentio</span> <span class='ocrx_word' id='word_1_446' title='bbox 1672 4184 1707 4247; x_wconf 84' lang='lat' dir='ltr'>lit</span> <span class='ocrx_word' id='word_1_447' title='bbox 1728 4193 1760 4247; x_wconf 91' lang='lat' dir='ltr'>et</span> <span class='ocrx_word' id='word_1_448' title='bbox 1780 4183 1865 4269; x_wconf 90' lang='lat' dir='ltr'>quod</span> <span class='ocrx_word' id='word_1_449' title='bbox 1888 4183 2109 4250; x_wconf 83' lang='lat' dir='ltr'>Cassiodorius</span> 
     </span>
     <span class='ocr_line' id='line_1_39' title="bbox 456 4282 2110 4374; baseline 0.004 -28"><span class='ocrx_word' id='word_1_450' title='bbox 456 4282 612 4348; x_wconf 90' lang='lat' dir='ltr'>Faustum</span> <span class='ocrx_word' id='word_1_451' title='bbox 641 4284 848 4349; x_wconf 87' lang='lat' dir='ltr'>acerbissimis</span> <span class='ocrx_word' id='word_1_452' title='bbox 879 4284 983 4350; x_wconf 90' lang='lat' dir='ltr'>verbis</span> <span class='ocrx_word' id='word_1_453' title='bbox 1013 4286 1043 4348; x_wconf 91' lang='lat' dir='ltr'>in</span> <span class='ocrx_word' id='word_1_454' title='bbox 1068 4308 1131 4350; x_wconf 89' lang='lat' dir='ltr'>var.</span> <span class='ocrx_word' id='word_1_455' title='bbox 1153 4285 1209 4350; x_wconf 92' lang='lat' dir='ltr'>HI</span> <span class='ocrx_word' id='word_1_456' title='bbox 1231 4289 1273 4352; x_wconf 90' lang='grc'>20</span> <span class='ocrx_word' id='word_1_457' title='bbox 1305 4287 1405 4372; x_wconf 87' lang='lat' dir='ltr'>carpit</span> <span class='ocrx_word' id='word_1_458' title='bbox 1432 4295 1463 4351; x_wconf 90' lang='lat' dir='ltr'>et</span> <span class='ocrx_word' id='word_1_459' title='bbox 1491 4295 1599 4351; x_wconf 92' lang='lat' dir='ltr'>notum</span> <span class='ocrx_word' id='word_1_460' title='bbox 1629 4287 1777 4351; x_wconf 87' lang='lat' dir='ltr'>artificem</span> <span class='ocrx_word' id='word_1_461' title='bbox 1804 4287 1936 4352; x_wconf 81' lang='lat' dir='ltr'>nocendi</span> <span class='ocrx_word' id='word_1_462' title='bbox 1962 4287 2110 4374; x_wconf 90' lang='lat' dir='ltr'>appellat.</span> 
     </span>
    </p>
   </div>
   <div class='ocr_carea' id='block_1_3' title="bbox 321 4424 2110 4512">
    <p class='ocr_par' dir='ltr' id='par_1_3' title="bbox 321 4424 2110 4512">
     <span class='ocr_line' id='line_1_40' title="bbox 321 4424 2110 4512; baseline 0.002 -27"><span class='ocrx_word' id='word_1_463' title='bbox 321 4475 362 4505; x_wconf 73' lang='lat' dir='ltr'>ano</span> <span class='ocrx_word' id='word_1_464' title='bbox 388 4463 453 4505; x_wconf 48' lang='lat' dir='ltr'>qm„</span> <span class='ocrx_word' id='word_1_465' title='bbox 562 4424 656 4487; x_wconf 87' lang='lat' dir='ltr'>Anuo</span> <span class='ocrx_word' id='word_1_466' title='bbox 680 4428 742 4492; x_wconf 89' lang='grc'>506</span> <span class='ocrx_word' id='word_1_467' title='bbox 766 4425 815 4489; x_wconf 88' lang='lat' dir='ltr'>vel</span> <span class='ocrx_word' id='word_1_468' title='bbox 838 4428 900 4492; x_wconf 92' lang='grc'>507</span> <span class='ocrx_word' id='word_1_469' title='bbox 924 4426 1005 4511; x_wconf 89' lang='lat' dir='ltr'>regis</span> <span class='ocrx_word' id='word_1_470' title='bbox 1033 4425 1166 4511; x_wconf 87' lang='lat' dir='ltr'>gratiam</span> <span class='ocrx_word' id='word_1_471' title='bbox 1188 4448 1294 4490; x_wconf 86' lang='lat' dir='ltr'>rursus</span> <span class='ocrx_word' id='word_1_472' title='bbox 1324 4424 1430 4512; x_wconf 86' lang='lat' dir='ltr'>adepti</span> <span class='ocrx_word' id='word_1_473' title='bbox 1453 4424 1660 4511; x_wconf 89' lang='lat' dir='ltr'>Symmachus</span> <span class='ocrx_word' id='word_1_474' title='bbox 1690 4436 1720 4489; x_wconf 86' lang='lat' dir='ltr'>ct</span> <span class='ocrx_word' id='word_1_475' title='bbox 1747 4427 1894 4511; x_wconf 90' lang='lat' dir='ltr'>quicum</span> <span class='ocrx_word' id='word_1_476' title='bbox 1917 4449 1954 4490; x_wconf 92' lang='lat' dir='ltr'>eo</span> <span class='ocrx_word' id='word_1_477' title='bbox 1975 4425 2110 4489; x_wconf 85' lang='lat' dir='ltr'>feceruut</span> 
     </span>
    </p>
   </div>
   <div class='ocr_carea' id='block_1_4' title="bbox 0 5352 2 5955">
    <p class='ocr_par' dir='ltr' id='par_1_4' title="bbox 0 5352 2 5955">
     <span class='ocr_line' id='line_1_41' title="bbox 0 5352 2 5955; baseline 0 0"><span class='ocrx_word' id='word_1_478' title='bbox 0 5352 2 5955; x_wconf 95' lang='lat' dir='ltr'> </span> 
     </span>
    </p>
   </div>
   <div class='ocr_carea' id='block_1_5' title="bbox 357 4514 2112 5657">
    <p class='ocr_par' dir='ltr' id='par_1_5' title="bbox 357 4514 2112 5657">
     <span class='ocr_line' id='line_1_42' title="bbox 357 4514 2109 4616; baseline 0.003 -27"><span class='ocrx_word' id='word_1_479' title='bbox 357 4565 377 4608; x_wconf 65' lang='grc'>1,</span> <span class='ocrx_word' id='word_1_480' title='bbox 385 4514 444 4608; x_wconf 62' lang='lat' dir='ltr'>ppo·</span> <span class='ocrx_word' id='word_1_481' title='bbox 457 4526 571 4612; x_wconf 90' lang='lat' dir='ltr'>quibus</span> <span class='ocrx_word' id='word_1_482' title='bbox 593 4525 717 4612; x_wconf 90' lang='lat' dir='ltr'>gaudiis</span> <span class='ocrx_word' id='word_1_483' title='bbox 740 4527 946 4593; x_wconf 87' lang='lat' dir='ltr'>exultaverint</span> <span class='ocrx_word' id='word_1_484' title='bbox 967 4528 1142 4614; x_wconf 88' lang='lat' dir='ltr'>quibusque</span> <span class='ocrx_word' id='word_1_485' title='bbox 1164 4526 1396 4593; x_wconf 88' lang='lat' dir='ltr'>adulationibus</span> <span class='ocrx_word' id='word_1_486' title='bbox 1411 4550 1514 4613; x_wconf 85' lang='lat' dir='ltr'>regem</span> <span class='ocrx_word' id='word_1_487' title='bbox 1530 4529 1765 4607; x_wconf 81' lang='lat' dir='ltr'>cmunlavcrint,</span> <span class='ocrx_word' id='word_1_488' title='bbox 1787 4530 1903 4616; x_wconf 91' lang='lat' dir='ltr'>optimc</span> <span class='ocrx_word' id='word_1_489' title='bbox 1925 4552 1963 4593; x_wconf 83' lang='lat' dir='ltr'>ex</span> <span class='ocrx_word' id='word_1_490' title='bbox 1982 4528 2109 4595; x_wconf 87' lang='lat' dir='ltr'>Ennodi</span> 
     </span>
     <span class='ocr_line' id='line_1_43' title="bbox 456 4629 2110 4719; baseline 0.002 -25"><span class='ocrx_word' id='word_1_491' title='bbox 456 4630 591 4716; x_wconf 88' lang='lat' dir='ltr'>epistula</span> <span class='ocrx_word' id='word_1_492' title='bbox 619 4630 660 4708; x_wconf 92' lang='lat' dir='ltr'>,in</span> <span class='ocrx_word' id='word_1_493' title='bbox 691 4629 809 4696; x_wconf 89' lang='lat' dir='ltr'>Christi</span> <span class='ocrx_word' id='word_1_494' title='bbox 838 4632 938 4717; x_wconf 88' lang='lat' dir='ltr'>signo‘</span> <span class='ocrx_word' id='word_1_495' title='bbox 969 4632 1119 4718; x_wconf 88' lang='lat' dir='ltr'>iuscripta</span> <span class='ocrx_word' id='word_1_496' title='bbox 1145 4631 1350 4714; x_wconf 86' lang='lat' dir='ltr'>(CDLVIII)</span> <span class='ocrx_word' id='word_1_497' title='bbox 1379 4633 1591 4719; x_wconf 87' lang='lat' dir='ltr'>cognoscitur,</span> <span class='ocrx_word' id='word_1_498' title='bbox 1618 4655 1712 4719; x_wconf 89' lang='lat' dir='ltr'>quam</span> <span class='ocrx_word' id='word_1_499' title='bbox 1741 4631 1779 4697; x_wconf 89' lang='lat' dir='ltr'>ad</span> <span class='ocrx_word' id='word_1_500' title='bbox 1810 4631 1987 4697; x_wconf 86' lang='lat' dir='ltr'>schismatis</span> <span class='ocrx_word' id='word_1_501' title='bbox 2017 4634 2110 4698; x_wconf 90' lang='lat' dir='ltr'>finem</span> 
     </span>
     <span class='ocr_line' id='line_1_44' title="bbox 456 4732 2110 4822; baseline 0.004 -25"><span class='ocrx_word' id='word_1_502' title='bbox 456 4732 646 4798; x_wconf 86' lang='lat' dir='ltr'>referendam</span> <span class='ocrx_word' id='word_1_503' title='bbox 678 4756 745 4799; x_wconf 90' lang='lat' dir='ltr'>esse</span> <span class='ocrx_word' id='word_1_504' title='bbox 779 4733 964 4799; x_wconf 90' lang='lat' dir='ltr'>Sirmondus</span> <span class='ocrx_word' id='word_1_505' title='bbox 1001 4735 1064 4798; x_wconf 90' lang='lat' dir='ltr'>iam</span> <span class='ocrx_word' id='word_1_506' title='bbox 1098 4736 1257 4822; x_wconf 87' lang='lat' dir='ltr'>perspexit</span> <span class='ocrx_word' id='word_1_507' title='bbox 1291 4744 1384 4822; x_wconf 90' lang='lat' dir='ltr'>atque</span> <span class='ocrx_word' id='word_1_508' title='bbox 1419 4736 1512 4800; x_wconf 91' lang='lat' dir='ltr'>etiam</span> <span class='ocrx_word' id='word_1_509' title='bbox 1547 4735 1723 4800; x_wconf 88' lang='lat' dir='ltr'>evidentius</span> <span class='ocrx_word' id='word_1_510' title='bbox 1757 4735 1983 4801; x_wconf 89' lang='lat' dir='ltr'>demonstravit</span> <span class='ocrx_word' id='word_1_511' title='bbox 2018 4737 2110 4803; x_wconf 90' lang='lat' dir='ltr'>Thiel</span> 
     </span>
     <span class='ocr_line' id='line_1_45' title="bbox 457 4838 2110 4928; baseline 0.002 -25"><span class='ocrx_word' id='word_1_512' title='bbox 457 4843 498 4924; x_wconf 88' lang='lat' dir='ltr'>(p.</span> <span class='ocrx_word' id='word_1_513' title='bbox 513 4840 555 4905; x_wconf 88' lang='grc'><strong>90</strong></span> <span class='ocrx_word' id='word_1_514' title='bbox 570 4841 703 4917; x_wconf 88' lang='grc'><strong>01699),</strong></span> <span class='ocrx_word' id='word_1_515' title='bbox 726 4839 878 4923; x_wconf 87' lang='lat' dir='ltr'>sagaciter</span> <span class='ocrx_word' id='word_1_516' title='bbox 900 4838 1078 4924; x_wconf 88' lang='lat' dir='ltr'>intellegens</span> <span class='ocrx_word' id='word_1_517' title='bbox 1103 4839 1198 4904; x_wconf 92' lang='lat' dir='ltr'>verba</span> <span class='ocrx_word' id='word_1_518' title='bbox 1219 4840 1345 4905; x_wconf 88' lang='lat' dir='ltr'>Ennodi</span> <span class='ocrx_word' id='word_1_519' title='bbox 1367 4845 1560 4927; x_wconf 73' lang='grc'><strong>(1131910)</strong></span> <span class='ocrx_word' id='word_1_520' title='bbox 1586 4842 1794 4920; x_wconf 74' lang='lat' dir='ltr'>,ecclesianam</span> <span class='ocrx_word' id='word_1_521' title='bbox 1815 4850 1992 4906; x_wconf 87' lang='lat' dir='ltr'>nostrarum</span> <span class='ocrx_word' id='word_1_522' title='bbox 2015 4842 2110 4928; x_wconf 89' lang='lat' dir='ltr'>patri·</span> 
     </span>
     <span class='ocr_line' id='line_1_46' title="bbox 456 4940 2109 5031; baseline 0.002 -26"><span class='ocrx_word' id='word_1_523' title='bbox 456 4942 562 5006; x_wconf 91' lang='lat' dir='ltr'>monia</span> <span class='ocrx_word' id='word_1_524' title='bbox 583 4948 651 5005; x_wconf 76' lang='grc' dir='ltr'>010.ί</span> <span class='ocrx_word' id='word_1_525' title='bbox 673 4941 704 5005; x_wconf 85' lang='grc'>111</span> <span class='ocrx_word' id='word_1_526' title='bbox 729 4940 851 5005; x_wconf 87' lang='lat' dir='ltr'>decreta</span> <span class='ocrx_word' id='word_1_527' title='bbox 878 4941 989 5027; x_wconf 92' lang='lat' dir='ltr'>synodi</span> <span class='ocrx_word' id='word_1_528' title='bbox 1013 4941 1174 5007; x_wconf 88' lang='lat' dir='ltr'>Romanae</span> <span class='ocrx_word' id='word_1_529' title='bbox 1196 4967 1215 5007; x_wconf 93' lang='lat' dir='ltr'>a</span> <span class='ocrx_word' id='word_1_530' title='bbox 1236 4943 1430 5009; x_wconf 87' lang='lat' dir='ltr'>Theoderico</span> <span class='ocrx_word' id='word_1_531' title='bbox 1460 4968 1542 5009; x_wconf 91' lang='lat' dir='ltr'>auno</span> <span class='ocrx_word' id='word_1_532' title='bbox 1566 4947 1628 5012; x_wconf 91' lang='grc'>507</span> <span class='ocrx_word' id='word_1_533' title='bbox 1655 4945 1828 5031; x_wconf 89' lang='lat' dir='ltr'>approbata</span> <span class='ocrx_word' id='word_1_534' title='bbox 1850 4944 1972 5024; x_wconf 88' lang='lat' dir='ltr'>eadere,</span> <span class='ocrx_word' id='word_1_535' title='bbox 1994 4945 2109 5030; x_wconf 86' lang='lat' dir='ltr'>quibus</span> 
     </span>
     <span class='ocr_line' id='line_1_47' title="bbox 456 5046 2109 5137; baseline 0.003 -27"><span class='ocrx_word' id='word_1_536' title='bbox 456 5046 603 5111; x_wconf 89' lang='lat' dir='ltr'>ecclesiae</span> <span class='ocrx_word' id='word_1_537' title='bbox 625 5068 700 5132; x_wconf 90' lang='lat' dir='ltr'>opes</span> <span class='ocrx_word' id='word_1_538' title='bbox 722 5068 760 5110; x_wconf 88' lang='lat' dir='ltr'>ne</span> <span class='ocrx_word' id='word_1_539' title='bbox 782 5046 1037 5111; x_wconf 90' lang='lat' dir='ltr'>imminuerentur</span> <span class='ocrx_word' id='word_1_540' title='bbox 1059 5057 1258 5133; x_wconf 89' lang='lat' dir='ltr'>procuratum</span> <span class='ocrx_word' id='word_1_541' title='bbox 1280 5058 1336 5113; x_wconf 88' lang='lat' dir='ltr'>est.</span> <span class='ocrx_word' id='word_1_542' title='bbox 1373 5058 1466 5134; x_wconf 87' lang='lat' dir='ltr'>atque</span> <span class='ocrx_word' id='word_1_543' title='bbox 1488 5050 1649 5115; x_wconf 81' lang='lat' dir='ltr'>urmrifeste</span> <span class='ocrx_word' id='word_1_544' title='bbox 1664 5049 1790 5114; x_wconf 82' lang='lat' dir='ltr'>Errrrodi</span> <span class='ocrx_word' id='word_1_545' title='bbox 1807 5051 1909 5115; x_wconf 90' lang='lat' dir='ltr'>verbis</span> <span class='ocrx_word' id='word_1_546' title='bbox 1932 5054 2109 5137; x_wconf 60' lang='grc'><strong>(1131931</strong></span> 
     </span>
     <span class='ocr_line' id='line_1_48' title="bbox 456 5149 2109 5240; baseline 0.004 -27"><span class='ocrx_word' id='word_1_547' title='bbox 456 5149 550 5236; x_wconf 88' lang='lat' dir='ltr'>,quod</span> <span class='ocrx_word' id='word_1_548' title='bbox 573 5150 626 5215; x_wconf 89' lang='lat' dir='ltr'>vix</span> <span class='ocrx_word' id='word_1_549' title='bbox 651 5159 767 5214; x_wconf 86' lang='lat' dir='ltr'>veteres</span> <span class='ocrx_word' id='word_1_550' title='bbox 798 5150 954 5236; x_wconf 89' lang='lat' dir='ltr'>principes</span> <span class='ocrx_word' id='word_1_551' title='bbox 983 5151 1174 5236; x_wconf 86' lang='lat' dir='ltr'>praesentiae</span> <span class='ocrx_word' id='word_1_552' title='bbox 1204 5173 1279 5216; x_wconf 89' lang='lat' dir='ltr'>snae</span> <span class='ocrx_word' id='word_1_553' title='bbox 1305 5152 1418 5239; x_wconf 84' lang='lat' dir='ltr'>sudqre</span> <span class='ocrx_word' id='word_1_554' title='bbox 1446 5153 1537 5239; x_wconf 87' lang='lat' dir='ltr'>potiti</span> <span class='ocrx_word' id='word_1_555' title='bbox 1561 5164 1647 5231; x_wconf 89' lang='lat' dir='ltr'>sunt,</span> <span class='ocrx_word' id='word_1_556' title='bbox 1676 5154 1735 5217; x_wconf 93' lang='lat' dir='ltr'>hoc</span> <span class='ocrx_word' id='word_1_557' title='bbox 1763 5177 1885 5240; x_wconf 85' lang='lat' dir='ltr'>semper</span> <span class='ocrx_word' id='word_1_558' title='bbox 1906 5155 1987 5239; x_wconf 84' lang='lat' dir='ltr'>regis</span> <span class='ocrx_word' id='word_1_559' title='bbox 2010 5155 2109 5219; x_wconf 87' lang='lat' dir='ltr'>nostri</span> 
     </span>
     <span class='ocr_line' id='line_1_49' title="bbox 456 5253 2110 5345; baseline 0.005 -30"><span class='ocrx_word' id='word_1_560' title='bbox 456 5253 560 5318; x_wconf 91' lang='lat' dir='ltr'>brevis</span> <span class='ocrx_word' id='word_1_561' title='bbox 583 5255 763 5339; x_wconf 88' lang='lat' dir='ltr'>procuravit</span> <span class='ocrx_word' id='word_1_562' title='bbox 785 5253 941 5340; x_wconf 89' lang='lat' dir='ltr'>epistula‘,</span> <span class='ocrx_word' id='word_1_563' title='bbox 964 5253 1018 5318; x_wconf 90' lang='lat' dir='ltr'>illa</span> <span class='ocrx_word' id='word_1_564' title='bbox 1039 5255 1178 5339; x_wconf 87' lang='lat' dir='ltr'>tangitur</span> <span class='ocrx_word' id='word_1_565' title='bbox 1199 5278 1263 5335; x_wconf 92' lang='lat' dir='ltr'>res,</span> <span class='ocrx_word' id='word_1_566' title='bbox 1285 5279 1380 5341; x_wconf 90' lang='lat' dir='ltr'>quam</span> <span class='ocrx_word' id='word_1_567' title='bbox 1402 5266 1511 5321; x_wconf 81' lang='grc'><strong>01101111</strong></span> <span class='ocrx_word' id='word_1_568' title='bbox 1532 5257 1728 5323; x_wconf 85' lang='lat' dir='ltr'>Veronensis</span> <span class='ocrx_word' id='word_1_569' title='bbox 1751 5259 1796 5322; x_wconf 90' lang='lat' dir='ltr'>sie</span> <span class='ocrx_word' id='word_1_570' title='bbox 1818 5256 1995 5345; x_wconf 75' lang='lat' dir='ltr'>descripsit:</span> <span class='ocrx_word' id='word_1_571' title='bbox 2024 5262 2110 5340; x_wconf 77' lang='grc'><strong>,(1011)</strong></span> 
     </span>
     <span class='ocr_line' id='line_1_50' title="bbox 456 5353 2110 5445; baseline 0.005 -26"><span class='ocrx_word' id='word_1_572' title='bbox 456 5367 620 5443; x_wconf 82' lang='lat' dir='ltr'>praecepta</span> <span class='ocrx_word' id='word_1_573' title='bbox 634 5354 742 5441; x_wconf 88' lang='lat' dir='ltr'>dirigit</span> <span class='ocrx_word' id='word_1_574' title='bbox 756 5353 935 5434; x_wconf 87' lang='lat' dir='ltr'>admonens,</span> <span class='ocrx_word' id='word_1_575' title='bbox 957 5366 993 5420; x_wconf 91' lang='lat' dir='ltr'>ut</span> <span class='ocrx_word' id='word_1_576' title='bbox 1014 5379 1121 5421; x_wconf 90' lang='lat' dir='ltr'>omncs</span> <span class='ocrx_word' id='word_1_577' title='bbox 1135 5358 1282 5422; x_wconf 88' lang='lat' dir='ltr'>ecclesiae</span> <span class='ocrx_word' id='word_1_578' title='bbox 1297 5360 1379 5425; x_wconf 90' lang='lat' dir='ltr'>tituli</span> <span class='ocrx_word' id='word_1_579' title='bbox 1396 5358 1584 5445; x_wconf 78' lang='lat' dir='ltr'>Symmacho</span> <span class='ocrx_word' id='word_1_580' title='bbox 1600 5362 1805 5426; x_wconf 89' lang='lat' dir='ltr'>reformentur</span> <span class='ocrx_word' id='word_1_581' title='bbox 1825 5372 1857 5426; x_wconf 91' lang='lat' dir='ltr'>et</span> <span class='ocrx_word' id='word_1_582' title='bbox 1878 5384 1975 5426; x_wconf 90' lang='lat' dir='ltr'>unum</span> <span class='ocrx_word' id='word_1_583' title='bbox 1990 5361 2110 5427; x_wconf 90' lang='lat' dir='ltr'>Romae</span> 
     </span>
     <span class='ocr_line' id='line_1_51' title="bbox 455 5461 2109 5549; baseline 0.005 -27"><span class='ocrx_word' id='word_1_584' title='bbox 455 5467 613 5546; x_wconf 89' lang='lat' dir='ltr'>pateretur</span> <span class='ocrx_word' id='word_1_585' title='bbox 639 5482 707 5524; x_wconf 91' lang='lat' dir='ltr'>esse</span> <span class='ocrx_word' id='word_1_586' title='bbox 734 5461 929 5547; x_wconf 87' lang='lat' dir='ltr'>pontificem‘.</span> <span class='ocrx_word' id='word_1_587' title='bbox 973 5470 1040 5525; x_wconf 89' lang='lat' dir='ltr'>tum</span> <span class='ocrx_word' id='word_1_588' title='bbox 1069 5470 1151 5526; x_wconf 90' lang='lat' dir='ltr'>recte</span> <span class='ocrx_word' id='word_1_589' title='bbox 1181 5461 1360 5529; x_wconf 85' lang='lat' dir='ltr'>observavit</span> <span class='ocrx_word' id='word_1_590' title='bbox 1387 5463 1496 5549; x_wconf 87' lang='lat' dir='ltr'>Fertig</span> <span class='ocrx_word' id='word_1_591' title='bbox 1523 5464 1709 5544; x_wconf 75' lang='grc' dir='ltr'><strong>(1111110άὶ110</strong></span> <span class='ocrx_word' id='word_1_592' title='bbox 1738 5466 1807 5530; x_wconf 86' lang='grc'><strong>111111</strong></span> <span class='ocrx_word' id='word_1_593' title='bbox 1834 5467 1919 5530; x_wconf 81' lang='lat' dir='ltr'>scine</span> <span class='ocrx_word' id='word_1_594' title='bbox 1947 5465 2019 5531; x_wconf 75' lang='lat' dir='ltr'>Zeu</span> <span class='ocrx_word' id='word_1_595' title='bbox 2040 5466 2109 5543; x_wconf 82' lang='lat'>111,</span> 
     </span>
     <span class='ocr_line' id='line_1_52' title="bbox 456 5562 2112 5657; baseline 0.004 -31"><span class='ocrx_word' id='word_1_596' title='bbox 456 5562 626 5627; x_wconf 74' lang='lat' dir='ltr'>Londobrd</span> <span class='ocrx_word' id='word_1_597' title='bbox 642 5565 770 5644; x_wconf 70' lang='lat'><strong><em>185811.</em></strong></span> <span class='ocrx_word' id='word_1_598' title='bbox 783 5567 820 5643; x_wconf 89' lang='lat'>3)</span> <span class='ocrx_word' id='word_1_599' title='bbox 842 5562 923 5628; x_wconf 91' lang='lat' dir='ltr'>bunc</span> <span class='ocrx_word' id='word_1_600' title='bbox 944 5565 1118 5651; x_wconf 84' lang='lat' dir='ltr'>epistulam,</span> <span class='ocrx_word' id='word_1_601' title='bbox 1141 5588 1235 5651; x_wconf 90' lang='lat' dir='ltr'>quam</span> <span class='ocrx_word' id='word_1_602' title='bbox 1250 5565 1415 5631; x_wconf 83' lang='lat' dir='ltr'>Ennodius</span> <span class='ocrx_word' id='word_1_603' title='bbox 1431 5566 1620 5652; x_wconf 88' lang='lat' dir='ltr'>Symmacho</span> <span class='ocrx_word' id='word_1_604' title='bbox 1635 5591 1734 5655; x_wconf 86' lang='lat' dir='ltr'>papae</span> <span class='ocrx_word' id='word_1_605' title='bbox 1750 5579 1785 5634; x_wconf 92' lang='lat' dir='ltr'>ut</span> <span class='ocrx_word' id='word_1_606' title='bbox 1799 5592 1902 5656; x_wconf 82' lang='lat' dir='ltr'>regern</span> <span class='ocrx_word' id='word_1_607' title='bbox 1917 5567 2112 5657; x_wconf 80' lang='lat' dir='ltr'>praedicaret</span> 
     </span>
    </p>
   </div>
   <div class='ocr_carea' id='block_1_6' title="bbox 0 0 2257 6228">
    <p class='ocr_par' dir='ltr' id='par_1_6' title="bbox 0 0 2257 6228">
     <span class='ocr_line' id='line_1_53' title="bbox 0 0 2257 6228; baseline 0 0"><span class='ocrx_word' id='word_1_608' title='bbox 0 0 2257 6228; x_wconf 95' lang='lat' dir='ltr'> </span> 
     </span>
    </p>
   </div>
  </div>
 </body>
</html>
