4500 6232
742 296 837 353 CCXX
855 297 960 367 (ulcu.
979 299 1034 368 25),
1052 299 1162 355 CCXXI
1180 297 1284 366 (DICT.
1303 300 1356 369 14).
1820 308 1879 370 175

223 465 286 535 iam
317 464 451 533 duratas
479 468 613 554 spiculis
643 491 760 535 manus
786 471 828 537 ad
857 472 1006 538 calathos
1033 473 1267 559 frangebamus
1296 481 1330 539 ct
1357 474 1431 539 illos
1463 495 1608 555 umeros,
1639 497 1721 561 quos
1750 478 1912 564 spoliati?

222 568 327 633 leonis
351 575 445 654 terga
465 570 692 648 calefecerant,
715 594 796 639 auro
812 574 967 640 distincte
983 576 1036 640 vel
1051 577 1173 640 murice
1188 576 1277 663 palla
1293 576 1477 642 claudebat.
1517 598 1582 642 non
1598 579 1704 643 lacilis
1720 581 1878 645 transitus

224 671 292 749 luit,
316 672 468 738 iuvenem
491 681 638 739 nostrum
657 677 804 763 puellam
828 684 904 764 post
924 686 1058 765 gustum
1082 678 1188 744 laudis
1205 679 1340 753 imitari;
1365 700 1425 744 nec
1442 685 1551 746 astute
1568 683 1769 768 conponitur,
1793 683 1879 770 quod

223 796 288 839 non
316 775 349 839 in
379 783 513 843 tenerae
542 778 659 847 aetatis
687 781 871 867 primordiis
895 782 1063 868 imperavi.
1109 781 1167 845 sed
1192 783 1269 867 quid
1293 790 1459 848 transacta
1481 786 1608 865 recolo,
1640 806 1713 849 cum
1736 787 1911 853 animume

155 899 169 961 f»
223 899 330 944 mcum
363 880 492 947 futurae
524 884 721 950 calamitatis
749 887 856 972 pulset
882 887 1088 951 immanitas?
1133 887 1230 952 video
1253 886 1371 951 Troiae
1398 886 1553 952 fumantis
1578 888 1707 953 excidia
1729 896 1764 955 et
1786 897 1879 957 statu

147 1414 173 1450 10

146 2345 171 2383 15

148 2860 174 2900 m

148 3378 173 3419 25

150 3894 176 3935 tc

151 4413 176 4451 55

223 1004 296 1049 earn
319 992 474 1051 manento
498 986 689 1055 subversam
697 1014 705 1065 ;
729 988 823 1055 uideo
848 989 1004 1055 Hectoris
1028 991 1154 1076 proelia
1176 990 1295 1055 acerba
1319 987 1534 1074 Graiugcnis,
1557 992 1612 1075 qui
1634 991 1754 1057 idcirco
1777 994 1880 1059 crevit

223 1087 445 1173 opinionibus,
478 1096 514 1154 ut
542 1091 650 1156 suboli
677 1115 786 1172 meae,
819 1093 894 1158 dum
924 1094 1102 1175 occumbit,
1134 1092 1290 1180 triumphi
1314 1100 1441 1157 crescat
1463 1091 1505 1156 ad
1527 1094 1684 1179 pretium;
1717 1102 1879 1181 raptatum

224 1190 390 1276 quadrigis
418 1191 525 1257 adhue
555 1194 709 1260 bellaturi
740 1218 858 1282 corpus
888 1218 1047 1282 agnosco,
1082 1206 1116 1263 et
1137 1197 1279 1263 Achillis
1306 1197 1372 1261 mei
1401 1197 1503 1261 minui
1526 1197 1706 1263 commodis
1730 1200 1815 1284 quod
1837 1222 1880 1265 ex

225 1294 368 1380 pondere
401 1296 563 1362 decrescit
590 1301 740 1374 extincti3
774 1299 868 1365 videc
900 1301 987 1386 quod
1016 1302 1084 1365 irae
1114 1302 1243 1387 proficit
1270 1300 1378 1386 perire
1411 1299 1601 1385 conpendio.
1648 1301 1707 1365 sed
1729 1302 1806 1387 quid
1829 1302 1912 1368 nise

224 1397 378 1462 laudibus
408 1421 524 1485 pascor
553 1401 721 1467 orbanda?
765 1404 891 1490 reliqua
919 1405 1051 1469 silentio
1075 1409 1201 1489 tegam,
1232 1425 1273 1469 ne
1298 1410 1373 1468 ante
1397 1402 1517 1467 doloris
1540 1408 1672 1490 tempus
1695 1406 1880 1470 narratione

222 1502 385 1568 conficiar.
430 1503 552 1570 habeat
581 1507 836 1573 consolationem
867 1508 908 1573 dc
937 1508 1159 1575 taciturnitate
1186 1507 1366 1575 aeternitas
1397 1512 1524 1586 nostra,
1558 1527 1656 1592 quam
1686 1529 1750 1572 non
1781 1508 1881 1574 habet

224 1603 264 1669 de
287 1611 414 1671 natura.

879 1849 1021 1921 ccxxl
1044 1851 1138 1937 (orer.
1158 1853 1221 1936 14).

456 2045 505 2119 IN
532 2046 761 2122 LEGATVM
788 2048 870 2138 QVI
897 2045 1117 2122 PATRIAM
1145 2045 1380 2120 HOSTIBVS
1407 2043 1649 2119 PRODlDlT.

345 2189 390 2285 Si
413 2223 631 2290 excellentius
656 2223 779 2289 crimen
802 2230 862 2305 est,
886 2222 972 2308 quod
995 2222 1095 2308 digna
1117 2224 1330 2288 veneratione
1354 2242 1495 2308 persona
1517 2221 1716 2301 conmiserit,
1739 2222 1909 2296 habetis,l

224 2322 360 2405 iudices,
383 2323 415 2389 in
439 2346 504 2393 uno
528 2326 660 2394 homine
684 2327 748 2393 duo
772 2327 1011 2393 diuersissima:
1035 2333 1070 2393 ct
1092 2326 1268 2414 proditoris
1291 2326 1444 2392 meritum
1461 2332 1494 2389 et
1511 2332 1753 2390 sacramentum
1768 2328 1880 2412 legati.

223 2425 281 2491 sed
311 2428 450 2494 vincitur
479 2430 513 2494 in
544 2431 626 2517 ipsis
653 2453 719 2495 uox
750 2437 904 2517 superata
933 2429 1134 2517 primordiis;
1165 2430 1293 2496 facinus
1317 2429 1373 2495 vix
1397 2426 1512 2508 credo,
1542 2427 1628 2513 quod
1651 2450 1764 2514 arguo.
1809 2433 1881 2517 quis

222 2531 377 2596 aestimet
405 2532 437 2597 in
461 2535 621 2601 vocabulo
651 2536 849 2621 integritatis
880 2544 1138 2602 consummatam
1169 2533 1328 2601 cecidisse
1351 2530 1545 2619 perfidiam?
1591 2534 1739 2617 cogimur
1760 2533 1880 2618 dicere,

223 2635 301 2719 quia
331 2635 375 2700 nil
405 2638 482 2702 mali
505 2645 562 2703 aut
583 2638 732 2724 proditor
754 2645 878 2707 metuat
901 2645 958 2704 aut
980 2661 1076 2705 uerus
1099 2639 1229 2725 legatus
1253 2636 1414 2703 admittat.
1460 2634 1538 2720 quid
1562 2636 1764 2700 accusationi
1787 2641 1912 2704 meae2

224 2759 284 2823 pro
313 2738 502 2807 innocentia
529 2763 649 2808 nomen
678 2744 840 2829 opponis?
884 2744 1111 2829 insequentem
1138 2764 1254 2829 posses
1285 2741 1448 2826 effugere,
1482 2739 1510 2804 si
1534 2759 1625 2803 esses
1648 2739 1773 2805 meritis
1795 2740 1881 2826 quod

226 2842 363 2908 vocaris.
401 2864 497 2909 nemo
520 2847 647 2912 cautius
670 2847 776 2913 malus
799 2853 850 2913 est
866 2867 964 2932 quam
979 2846 1032 2932 qui
1049 2845 1263 2912 absconditur
1279 2844 1340 2909 sub
1357 2843 1579 2929 appellatione
1595 2842 1737 2928 pietatis.
1775 2851 1881 2909 tutum

225 2951 278 3010 est
308 2945 489 3032 iniquitatis
520 2950 733 3031 exercitium,
766 2950 854 3037 quod
886 2950 1069 3017 honestatis
1101 2949 1225 3035 tegitur
1255 2948 1457 3013 indumento.
1507 2946 1648 3011 facessat
1678 2948 1880 3033 propositum

223 3048 412 3135 praestigiis
445 3050 552 3136 potius
580 3074 677 3138 quam
709 3059 820 3121 mento
851 3059 1014 3118 constare.
1059 3058 1216 3119 enervata
1247 3050 1397 3117 defensio
1430 3056 1495 3129 est,
1526 3070 1610 3134 quae
1641 3049 1720 3114 nudi
1750 3051 1881 3116 honoris

225 3150 339 3216 nititur
371 3153 451 3218 nihil
482 3156 622 3221 valitura
656 3157 853 3224 testimonio.
903 3162 940 3222 ut
968 3157 1140 3225 nocentior
1174 3162 1289 3221 contra
1319 3153 1459 3241 patriam
1489 3153 1667 3230 existeres,
1705 3154 1791 3219 uiam
1822 3154 1913 3219 tibi3

224 3256 361 3323 consilia
375 3263 486 3324 nostra
501 3267 710 3345 pepererunt.
748 3282 806 3327 uos
821 3260 961 3347 egimus,
984 3267 1021 3326 ut
1034 3261 1150 3327 fortior
1165 3259 1280 3338 hortis,
1297 3257 1374 3322 dum
1389 3262 1665 3343 propugnatorem
1682 3257 1881 3343 quaerimus,

225 3357 413 3444 adpareres.
448 3383 513 3428 non
531 3363 727 3429 sentiremus
743 3384 828 3449 quae
843 3364 1002 3450 inrogasti
1018 3365 1145 3450 patriae
1159 3363 1400 3428 inimicitiarum
1414 3359 1571 3445 pondera,
1589 3360 1651 3424 nisi
1664 3360 1883 3446 sumpsissent

225 3462 268 3529 ab
300 3465 515 3533 amicitiarum
544 3467 705 3553 religione
736 3468 939 3556 principium.
987 3469 1134 3535 externis
1167 3465 1364 3532 adversariis
1397 3463 1469 3528 sine
1498 3462 1611 3529 labore
1641 3462 1882 3549 congredimur:

224 3566 349 3632 inerme
377 3576 492 3655 pectus
521 3570 662 3651 invenit,
693 3571 748 3657 qui
777 3571 818 3637 de
848 3572 973 3658 gratiae
1003 3572 1098 3657 lruge
1121 3571 1153 3636 in
1184 3570 1338 3634 affectum
1368 3566 1551 3654 prorumpit
1578 3566 1709 3634 inimici.
1753 3568 1883 3654 egimus

223 3669 366 3736 foederis
389 3678 547 3759 tempore,
570 3680 607 3739 ut
628 3676 819 3760 generalem
842 3674 1076 3753 adversarium,
1100 3672 1177 3757 quid
1199 3677 1353 3757 gravaret
1376 3670 1524 3756 patriam,
1554 3691 1619 3735 non
1644 3671 1772 3738 lateret.
1817 3671 1913 3739 istst

226 3773 323 3854 enim,
346 3776 549 3861 cognitomm
572 3776 846 3864 splendidissimi,
877 3777 904 3842 si
927 3777 1158 3863 neglegentius
1181 3776 1215 3841 in
1239 3780 1392 3860 suscepto
1415 3773 1546 3839 iunctus
1571 3772 1680 3838 officio
1702 3794 1763 3858 per
1784 3775 1884 3841 animi

227 3876 372 3943 taedium
394 3880 556 3946 sociorum
580 3882 746 3948 conmodis
769 3881 954 3961 institisset,
977 3881 1118 3968 capitale
1141 3885 1323 3946 mereretur
1339 3877 1490 3944 exitium:
1515 3877 1611 3962 quale
1628 3882 1678 3942 est
1694 3878 1883 3944 enuntiasse

226 3980 376 4047 hostibus
403 3983 532 4049 iuterna
559 3985 701 4071 patriae,
731 4006 790 4072 pro
818 3984 938 4071 quibus
966 3983 1100 4070 segnius
1131 3990 1277 4048 certasse
1307 3981 1516 4066 sacrilegium
1539 3979 1621 4045 fuit?
1666 3979 1784 4065 quibus
1807 3988 1885 4045 sunt

227 4085 391 4171 expianda
421 4087 610 4169 tortoribus,
634 4087 771 4175 quando
800 4089 880 4155 illud
908 4087 1104 4175 perdideris,
1137 4086 1223 4174 quod
1254 4087 1347 4152 nelas
1379 4090 1430 4150 est
1461 4105 1526 4147 non
1559 4083 1702 4149 iuvisse?
1752 4083 1883 4168 quantis

227 4188 370 4254 colorum
395 4190 609 4257 varietatibus
639 4199 673 4256 ot
699 4191 886 4258 urbanitate
914 4193 1007 4259 letali
1035 4191 1077 4259 ad
1106 4192 1168 4257 hoc
1191 4190 1369 4278 perductus
1391 4188 1594 4265 aestimatur,
1624 4196 1661 4253 ut
1682 4187 1785 4273 legati
1807 4208 1882 4274 per·

226 4313 339 4359 sonam
368 4300 539 4380 putaretur
568 4296 718 4382 inplere?
764 4297 849 4362 solet
871 4297 992 4375 uirtus,
1025 4317 1108 4382 quae
1136 4296 1248 4361 innata
1277 4314 1341 4358 non
1373 4292 1485 4371 luerit,
1518 4311 1597 4356 cura
1619 4298 1653 4355 et
1676 4291 1914 4359 nutrimentish

228 4396 355 4462 institui
384 4405 418 4463 et
445 4398 584 4465 transire
614 4399 646 4464 in
674 4399 828 4464 affectum
859 4399 947 4485 quod
977 4399 1097 4466 soceris
1129 4398 1236 4464 studio
1265 4395 1431 4462 salsitatis.
1482 4415 1544 4459 usu
1573 4394 1753 4459 honestatis
1785 4395 1885 4460 robur

228 4500 430 4586 adipiscitur,
468 4502 523 4588 qui
559 4501 681 4567 bonum
717 4503 778 4569 sub
814 4503 1027 4569 diuturnitate
1064 4503 1230 4568 mentitur.
1284 4519 1452 4564 servasses
1488 4496 1594 4563 adhuc
1627 4497 1883 4565 benivolentiam

228 4604 420 4690 captiosam,
442 4605 506 4671 nisi
528 4605 734 4692 inspexisses
756 4605 912 4673 laedendi
936 4607 1053 4673 callem
1075 4605 1250 4691 legationis
1274 4603 1366 4669 clavo
1390 4605 1581 4666 reseratum.
1625 4601 1691 4666 tale
1715 4607 1776 4681 cst,
1799 4623 1838 4667 ac
1854 4603 1915 4671 sih

229 4708 339 4792 aegris
373 4709 434 4774 sub
468 4709 608 4774 lebrium
642 4709 817 4775 iactatione
851 4709 1085 4796 languentibus
1121 4707 1289 4775 adlaturus
1325 4706 1464 4770 salutern
1502 4709 1634 4770 curator
1668 4704 1821 4773 adveniat
1850 4712 1885 4770 et

333 4983 345 5035 l
367 4987 462 5038 calates
479 4986 508 5050 V,
533 4987 631 5039 calatus
643 4986 669 5037 B
789 4984 807 5039 3
829 4987 914 5040 laudis
930 4985 1010 5049 BGP,
1030 4985 1120 5036 laudas
1136 4982 1210 5035 VLT
1326 4983 1343 5033 4
1365 4991 1451 5035 mucre
1473 4984 1563 5034 aetatis
1579 4981 1608 5045 V,
1633 4990 1720 5034 tenera
1736 4982 1838 5035 astutis
1850 4980 1884 5046 B,

229 5074 323 5126 waaris
340 5074 456 5125 aetatish
571 5071 588 5125 5
606 5089 691 5125 meum
709 5090 757 5124 om.
772 5072 851 5124 Sirra.
921 5069 1002 5139 statu]
1022 5073 1074 5122 sato
1090 5068 1191 5131 Sabota·
1208 5070 1337 5135 iruellcqe:
1354 5070 1428 5121 video
1446 5068 1553 5132 (animo)
1571 5085 1628 5120 aum
1645 5067 1715 5131 (iam)
1733 5070 1882 5120 subversam

228 5166 297 5211 statu
315 5158 419 5224 (adbuc)
437 5168 556 5213 manente
676 5156 693 5208 6
710 5159 851 5226 graiuienis
863 5157 888 5208 Β
970 5157 1100 5225 quidcircc
1113 5154 1158 5206 Β(ι
1279 5152 1294 5205 'l
1313 5155 1395 5207 soboli
1411 5154 1435 5205 V
1512 5153 1641 5206 occumbit
1658 5152 1760 5216 rueret,
1782 5170 1882 5206 occum-

229 5247 273 5299 bet
285 5242 460 5311 B'VLTGP,
477 5247 640 5299 occumberet
652 5243 693 5297 131
795 5244 813 5297 8
830 5245 912 5297 acillis
929 5244 955 5295 B
1023 5241 1064 5309 ex]
1083 5243 1115 5295 de
1128 5241 1205 5293 Sir-m.

334 5346 460 5416 {CCXXI}
493 5348 525 5403 19
543 5365 631 5418 possea
642 5349 691 5411 Pb,
707 5346 907 5416 possisBVM'
964 5345 1085 5399 amaa
1149 5345 1282 5398 meritust
1381 5341 1417 5396 20
1434 5342 1578 5397 uocareaB
1678 5338 1713 5391 23
1730 5340 1885 5394 existerisB

219 5434 264 5493 ,25
279 5452 416 5507 appareres
431 5435 456 5485 V
587 5434 624 5497 ,28
640 5443 778 5502 gramnat·
791 5435 818 5487 Β
955 5431 992 5487 30
1008 5433 1143 5503 ospitalem
1159 5429 1201 5482 B¹
1338 5428 1371 5483 31
1391 5430 1492 5498 signius
1503 5429 1530 5481 Β
1667 5425 1704 5480 32
1720 5427 1847 5481 iuni-ras
1858 5425 1885 5479 B

228 5519 697 5589 uoiatmilnrosslnrnansire
710 5560 789 5575 .....
801 5516 1257 5593 tusiahmppt.essq.tej.ss²
1342 5512 1551 5572 mboravw
1671 5511 1885 5569 ddumth

228 5602 429 5676 albunea
531 5604 750 5673 ὅθιυιιιιιων
