4500 6232
875 282 963 337 XLIII
983 283 1103 350 (Canni.
1126 287 1146 336 l.
1166 285 1200 337 ru.
1825 287 1859 346 41

211 454 379 520 reddenda
401 462 450 519 cst
472 454 513 519 dc
537 454 642 518 otioso
666 477 814 519 sermone
840 457 932 523 ratio,
954 478 1021 520 non
1044 458 1150 520 miaus
1175 456 1215 520 de
1239 457 1342 519 otioso
1367 455 1508 521 silentio.
1548 464 1640 520 orant
1658 456 1744 519 enim
1761 452 2072 552 otiosalffiffilffl

212 559 353 633 silentia,
378 559 405 622 si
421 558 619 622 laetantibus
643 559 845 623 circumfusis
869 561 1078 644 omnigenum
1103 559 1267 623 mentibus
1291 558 1391 629 solus,
1415 580 1488 622 cum
1512 560 1590 623 darc
1613 559 1745 644 possim.
1769 559 1869 623 verba

211 660 453 741 subtraherem,
488 661 609 746 quippe
640 682 713 725 curn
748 663 847 725 etiam
874 661 906 725 in
936 662 1101 746 obsequiis
1134 663 1330 726 caelestibus
1361 661 1499 746 hymnos
1527 662 1643 726 deceat
1665 661 1813 725 adhiberi
1836 668 1870 726 et

213 762 384 829 credamus
408 770 572 828 exsortem
605 763 815 827 humanitatis
846 762 1011 826 dominum
1042 765 1206 829 horiiinum
1237 766 1336 828 meris
1365 765 1515 830 laudibus
1545 765 1724 829 demulceri
1751 772 1785 828 et
1808 763 1869 828 hoe

148 883 158 915 ⁷·
213 868 255 932 ab
278 868 329 931 his
354 867 488 953 speciali
511 866 651 951 quodam
675 869 755 942 iure,
779 888 859 951 quos
882 867 1015 931 donavit
1037 869 1162 952 lingua,
1188 890 1372 953 reposcere.
1418 868 1494 954 quid
1518 869 1657 932 antistes
1681 867 1792 946 faciat,
1815 867 1869 952 qui

213 971 352 1058 propriis
375 970 577 1035 orationibus
601 970 668 1055 egit
690 978 726 1033 ut
749 972 892 1055 possim?
939 972 1095 1056 scripturn
1120 983 1170 1036 est
1193 974 1294 1036 eninr:
1326 972 1485 1036 dominus
1509 972 1598 1036 dedit
1621 971 1700 1034 mihi
1723 971 2009 1055 linguonicae«.

214 1071 427 1139 eruditionis'.
478 1072 606 1157 quando
643 1082 794 1158 oporteat
831 1096 1015 1138 sermonem
1053 1075 1183 1139 dicore!
1234 1084 1363 1160 oportet
1396 1097 1494 1152 nunc,
1528 1084 1564 1138 ut
1593 1096 1730 1145 oensem
1765 1080 1798 1138 ot
1828 1073 1901 1137 ad5

213 1175 367 1262 loquendi
397 1185 525 1263 tempus
554 1178 671 1240 ostium
700 1177 808 1241 cordis
836 1179 989 1263 aperitur.
1036 1179 1095 1243 scd
1125 1200 1209 1242 nunc
1242 1200 1307 1242 noa
1335 1201 1397 1264 ego
1422 1181 1453 1242 in
1479 1179 1616 1265 poeticis
1640 1176 1790 1242 laudibus
1813 1197 1870 1240 ora

215 1281 344 1345 laxabo.
395 1279 480 1343 absit
507 1301 526 1342 a
555 1302 606 1344 me
636 1281 765 1345 sentius
800 1282 994 1353 earniinum,
1029 1303 1112 1366 aquae
1143 1282 1227 1345 sieut
1256 1304 1333 1346 vera
1365 1304 1430 1346 non
1464 1282 1591 1356 laudat,
1627 1282 1673 1345 sic
1703 1301 1764 1344 nec
1792 1300 1869 1343 vere

136 1402 162 1439 ¹⁰
215 1384 374 1449 laudatur.
420 1403 504 1446 nunc
532 1383 642 1448 favete
674 1384 838 1448 mentibus
869 1390 958 1448 cortu
990 1385 1128 1450 dicturo.
1172 1387 1203 1449 in
1233 1407 1296 1471 quo
1328 1408 1427 1472 opere
1456 1387 1484 1450 si
1511 1386 1637 1449 minora
1666 1405 1725 1471 pro
1748 1382 1870 1469 ingenii

215 1488 397 1572 exiguitate
421 1506 486 1549 non
509 1484 636 1565 dixero,
660 1508 718 1573 pro
742 1487 899 1552 iactantia
922 1489 1046 1553 maiora
1068 1511 1131 1553 non
1154 1490 1284 1573 fingam.

946 1694 1133 1760 vultsvs

629 1831 769 1895 Vatibus
793 1833 935 1916 antiquis
959 1831 1089 1896 dicendi
1113 1835 1257 1898 maxima
1280 1836 1382 1898 virtus

582 1935 644 1998 Illa
665 1935 737 2016 fuit,
761 1934 864 1998 doctis
888 1935 915 1998 si
940 1936 1062 2000 scirent
1084 1936 1199 2000 fallere
1223 1937 1350 2001 verbis:

583 2038 670 2101 Laus
693 2044 763 2102 erat
786 2038 819 2101 in
843 2037 973 2102 laudem
997 2039 1169 2102 mentitum
1193 2061 1339 2125 pangere
1363 2062 1505 2106 carmen.

582 2141 674 2206 Tunc
697 2143 788 2227 operi
811 2143 900 2205 fraus
923 2149 1001 2227 apta
1023 2144 1101 2207 fuit:
1126 2165 1201 2207 nam
1226 2166 1315 2210 more
1341 2151 1459 2231 poetae

514 2262 524 2293 ³·
583 2244 761 2310 servantes
784 2246 872 2331 quod
895 2248 1019 2311 crimen
1042 2247 1142 2313 habet
1166 2256 1301 2313 vetuere
1326 2249 1451 2335 pudore

583 2352 671 2417 Vera
695 2352 793 2437 loqui,
818 2373 1014 2437 carmenque
1037 2352 1118 2417 fides
1143 2352 1296 2439 despexit
1319 2354 1448 2439 ubique.

583 2459 646 2523 Ars
670 2460 802 2544 placuit,
826 2480 922 2544 quarn
946 2461 1043 2546 culpa
1066 2461 1177 2525 decet:
1201 2482 1278 2524 nam
1301 2460 1428 2524 doctior
1451 2481 1542 2524 error

583 2563 729 2629 Extorsit
753 2565 853 2628 certis
878 2563 1054 2630 metuenda
1076 2571 1230 2651 poemata
1253 2565 1385 2647 linguis.

584 2668 656 2733 Lex
680 2669 791 2734 docuit
814 2671 883 2734 sine
907 2671 983 2754 lege
1007 2669 1105 2754 loqui,
1130 2691 1203 2734 cum
1227 2669 1370 2732 vindicat
1392 2674 1461 2732 arte

523 2792 528 2819 ³
585 2770 751 2858 Quidquid
774 2773 846 2836 iura
869 2779 992 2857 negant
1015 2772 1156 2836 landum.
1192 2773 1373 2838 retinacula
1396 2793 1522 2837 morum

584 2875 726 2940 NumIna
748 2877 858 2942 fallaci
880 2877 1049 2943 finxerunt
1072 2877 1204 2942 sordida
1227 2882 1342 2941 cantu:

584 2978 756 3043 Phoebum
780 2987 814 3044 et
836 2987 887 3044 ter
911 2987 1021 3044 ternas
1045 2979 1199 3045 dixerunt
1223 3001 1296 3045 esse
1321 3000 1460 3046 sorores,
1875 2966 2030 3068 illidii?

586 3081 764 3146 Castalium
788 3083 930 3162 laticem,
954 3085 1060 3148 varias
1084 3104 1212 3169 quoque
1236 3082 1380 3147 Palladis
1403 3088 1500 3147 artes.

586 3185 678 3249 Tunc
702 3186 812 3249 laurus
835 3185 980 3272 tripodes
1005 3188 1162 3250 cortinam
1189 3193 1346 3271 tympana
1369 3185 1531 3270 plectrum

517 3328 520 3337 ·
586 3288 783 3353 Narrabant.
818 3290 889 3354 illos
912 3312 932 3354 a
954 3292 1024 3356 veri
1049 3291 1178 3354 tramite
1202 3289 1286 3374 fugit

587 3391 721 3473 Sensus,
745 3399 779 3457 et
802 3399 949 3458 errantes
972 3394 1061 3457 visus
1085 3392 1206 3457 delusit
1229 3392 1345 3476 imago.

633 3494 728 3559 Nune
751 3496 895 3581 linguam
919 3497 1074 3566 citharae,
1099 3516 1182 3580 quae
1207 3502 1318 3559 cantat
1341 3494 1469 3580 pollicis
1493 3515 1561 3570 oro,

589 3597 725 3683 Sperne,
749 3598 847 3664 fides:
871 3601 974 3685 inagis
997 3601 1052 3664 illc
1076 3600 1153 3664 veni
1177 3620 1262 3664 nuno
1285 3598 1428 3684 spiritus,
1452 3619 1521 3677 oro,
1877 3584 2033 3681 appqsqnn.

590 3700 911 3767 Cuiusinexhausto
936 3703 1102 3768 reviviscit
1126 3723 1256 3788 semper
1278 3701 1311 3764 in
1334 3722 1420 3764 anno

507 3846 517 3857 -
588 3805 753 3891 Quidquid
777 3813 865 3871 terra
888 3815 988 3877 creat,
1013 3808 1118 3892 gignit
1141 3826 1242 3884 mare,
1266 3804 1408 3890 parturit
1432 3802 1562 3868 aether:

590 3908 653 3984 Qui
676 3910 760 3976 freta
782 3909 944 3991 diffundit,
969 3910 1107 3974 solidum
1131 3909 1187 3972 dat
1210 3928 1327 3993 eorpus
1349 3908 1381 3971 in
1405 3907 1499 3984 arvis,

591 4013 680 4079 Saxa
702 4016 769 4080 ciet
789 4016 890 4091 iussus
914 4016 1032 4080 metuit
1054 4035 1150 4100 quom
1175 4011 1324 4076 cautibus
1348 4011 1484 4076 horrens
1887 4003 2024 4105 ‘'ffiffl·

591 4117 766 4187 Caucasus.
791 4120 896 4183 aurito
919 4120 1032 4183 famuli
1057 4139 1128 4182 eum
1152 4117 1249 4181 fortia
1272 4137 1371 4180 sensu

591 4220 700 4286 Corda
711 4222 836 4287 domat:
859 4224 913 4307 qui
926 4231 1043 4287 cuncta
1055 4222 1152 4289 videt.
1168 4241 1264 4306 quem
1278 4226 1394 4283 cuneta
1407 4226 1618 4283 tremescunt:

509 4340 526 4379 2·
591 4325 678 4390 Fons
702 4327 756 4391 via
779 4327 895 4391 dextra
918 4328 1001 4413 lapis
1024 4326 1146 4390 vitulus
1170 4326 1223 4389 leo
1246 4324 1361 4388 lucifer
1384 4343 1488 4407 agnus
1880 4308 2037 4406 33¹?th

592 4431 697 4497 Ianua
720 4454 795 4517 spos
819 4433 921 4496 virtus
944 4433 1079 4497 verbum
1104 4430 1265 4515 sapientia
1288 4429 1372 4492 vatis
1880 4411 2039 4509 ⁸²⁰Ijvssl¹f¹⁰⁸¹·

592 4535 712 4599 Hostia
735 4537 909 4621 virgultum
932 4543 1043 4621 pastor
1066 4555 1158 4598 mons
1183 4539 1253 4596 rete
1279 4531 1428 4595 columba

591 4639 741 4704 Flamma
763 4642 879 4725 gigans
903 4641 1012 4726 aquila
1035 4660 1175 4726 sponsas
1199 4638 1357 4723 patientia
1380 4634 1499 4699 vermis

592 4742 695 4807 Filius
720 4745 871 4807 excelsus
895 4743 1044 4807 dominns
1067 4743 1157 4810 deus.
1181 4742 1289 4805 omnia
1313 4739 1460 4803 Christus
1477 4761 1534 4798 —:

510 4862 536 4898 ³⁰
595 4847 689 4911 Nunc
712 4867 829 4931 precor
851 4856 888 4912 ut
910 4848 1004 4912 dictis
1027 4846 1120 4917 adsit,
1145 4846 1198 4930 qui
1221 4849 1356 4929 pectora
1379 4841 1476 4926 prisci

1918 3792 1994 3835 Sodal.

1898 3845 1966 3901 prael.
1982 3852 2014 3890 ιι.

332 5141 495 5210 2posaemb
560 5142 640 5193 uerba
653 5141 692 5192 131
791 5141 808 5192 3
826 5141 1010 5193 subtrahereB
1109 5138 1244 5190 floruistis
1254 5138 1279 5187 B
1376 5134 1570 5187 tiscribtumB
1669 5131 1702 5182 lo
1719 5134 1803 5182 fauete
1815 5127 1883 5193 CPb,

228 5232 331 5282 fauente
344 5227 450 5279 BVLT
506 5229 605 5280 dictura
621 5228 696 5279 VLT
790 5228 816 5279 ll
838 5224 1260 5296 firrganr.linitpraefatiocodices
1356 5241 1380 5273 v.
1393 5222 1410 5273 3
1423 5222 1626 5286 mentitamjort.
1724 5234 1748 5266 v.
1762 5216 1795 5267 10
1812 5219 1882 5283 quic·

229 5317 292 5386 quid
306 5316 331 5365 V
439 5332 464 5366 v.
486 5314 517 5365 13
535 5316 647 5382 pallados
662 5316 686 5365 B
800 5312 1064 5381 v.141unc]tu1nb
1143 5312 1270 5363 crartinarn
1289 5310 1386 5361 corlicea
1499 5325 1522 5357 v.
1543 5303 1576 5356 16
1594 5305 1666 5356 uisus
1683 5303 1778 5355 delusit
1796 5302 1885 5356 schoa

228 5404 258 5455 ia
274 5403 341 5454 uoti·
357 5410 380 5453 ct
398 5400 490 5459 Siras,
513 5402 606 5453 delusit
629 5404 701 5453 rusus
719 5403 817 5454 codices
933 5419 956 5452 v.
978 5398 1010 5450 19
1028 5400 1166 5451 reuiuiscet
1178 5397 1204 5447 B
1317 5413 1341 5447 v.
1360 5393 1395 5445 20
1412 5392 1534 5460 quicquid
1551 5389 1575 5438 V
1686 5404 1711 5440 v,
1730 5386 1764 5440 23
1782 5390 1884 5444 hsudto

229 5487 328 5543 adim
437 5505 461 5538 v.
480 5484 515 5537 26
533 5495 606 5538 uates
624 5487 711 5539 Sebott
728 5498 752 5539 ce
771 5487 848 5539 Siras.
964 5504 987 5537 v.
1007 5483 1039 5535 ‘li
1059 5486 1125 5536 ostia
1141 5484 1239 5536 codices
1355 5499 1378 5532 v.
1397 5480 1432 5532 ‘28
1449 5481 1523 5548 gigas
1540 5474 1598 5528 ΊΌὸ
1708 5493 1732 5527 v.
1751 5474 1787 5528 30
1805 5475 1884 5542 nuum}

230 5576 302 5629 huno
311 5572 409 5625 Horat
485 5571 596 5640 pectora]
614 5582 747 5641 peccatore
764 5574 790 5626 B

329 5680 469 5771 Ensourps.
1661 5668 1679 5721 6
