4500 6232
846 286 969 340 dxxxv
988 286 1091 349 (ilict.
1111 290 1146 342 co.
1765 293 1823 351 tra

173 457 360 523 mordeatur
395 459 550 546 ambiguo
585 482 645 523 nee
679 462 940 546 peregrinantem
975 461 1124 524 notitiam
1156 462 1313 545 magister
1349 463 1485 525 inertiae
1516 483 1644 526 maeror
1680 460 1824 545 adfligat.

172 560 287 647 quodsi
315 568 372 625 aut
402 562 495 647 pigro
523 571 653 649 torpore
687 564 861 628 hebetatus
891 566 1017 627 animus
1055 565 1193 628 dormiat
1226 573 1282 629 aut
1316 565 1453 629 dirersis
1488 566 1652 628 excitatus
1686 565 1824 628 stimulis
1861 568 1878 622 3

173 686 232 750 per
253 664 348 730 devia
370 663 577 734 distrahatur.
610 667 716 730 nescit
739 667 779 730 ad
804 669 1005 753 propositum
1030 690 1123 731 suum
1148 675 1235 731 totus
1259 689 1440 734 occurrere.
1464 668 1557 731 cuius
1580 668 1727 731 membra
1750 689 1825 753 pru·

173 766 305 833 dentiae
329 768 447 832 lanista
470 770 650 834 animarum
675 792 752 835 eura
775 771 941 855 discerpit.
972 772 1124 836 inefficax
1142 792 1274 856 semper
1289 776 1339 834 cst
1355 777 1389 833 et
1403 791 1423 833 a
1438 771 1532 833 molis
1550 791 1629 833 suae
1645 770 1825 834 valitudine

111 916 114 921 ·
173 870 368 936 dissociatus
400 871 592 939 ostenditur.
628 874 682 959 qui
713 895 777 937 non
807 881 914 958 potest
946 882 1086 958 quantus
1111 882 1161 938 est
1184 895 1249 937 una
1279 880 1473 937 tractatuum
1503 875 1607 936 forma
1635 881 1826 939 monstrare.

173 982 224 1039 est
253 983 360 1039 tamen
388 975 465 1040 boni
497 974 639 1040 doctoris
668 977 854 1063 expendere
883 977 1007 1062 origine
1037 978 1201 1064 serpentis
1229 976 1334 1047 rivuli,
1365 976 1419 1060 qui
1448 977 1617 1061 scalpente
1647 976 1687 1040 ad
1719 977 1823 1061 ipsum
1861 980 1877 1036 l

171 1086 292 1142 terram
318 1099 426 1163 ungue
449 1078 649 1164 perducitur,
673 1081 749 1165 quid
775 1082 816 1143 sit
839 1083 909 1144 eius
933 1082 964 1144 in
988 1102 1086 1145 unum
1111 1082 1269 1145 collectus
1293 1081 1416 1149 alveus.
1441 1079 1516 1165 quid
1541 1080 1583 1143 sit
1603 1080 1660 1143 ubi
1682 1081 1828 1145 nascitur

172 1181 357 1259 aestimare,
381 1188 415 1246 ct
438 1182 522 1246 vires
543 1183 684 1246 fluminis
706 1204 767 1246 non
784 1183 825 1247 de
845 1185 904 1256 nis,
929 1205 1013 1268 quae
1030 1184 1169 1269 accepit,
1194 1182 1251 1247 sed
1268 1183 1309 1247 dc
1326 1183 1402 1260 illis,
1426 1205 1509 1268 quae
1526 1183 1631 1270 potuit
1646 1184 1827 1269 accepisse.

173 1284 338 1367 colligere.
384 1305 549 1370 quorsum,
573 1287 769 1350 venerabilis
792 1287 958 1370 uragister,
983 1288 1144 1352 libertatis
1169 1287 1278 1361 index,
1303 1284 1378 1350 boni
1403 1287 1627 1351 testimonium
1646 1288 1825 1370 sanguinis.
1861 1286 1880 1344 5

173 1387 377 1471 ingeniorum
404 1388 491 1466 lima,
530 1388 707 1454 fabricator
734 1411 901 1469 sensuum,
934 1391 1015 1455 haec
1043 1391 1145 1454 verba
1173 1391 1410 1476 praemiserim,
1443 1391 1470 1453 si
1500 1388 1662 1474 requiras:
1699 1409 1751 1453 mo
1775 1410 1826 1453 me

173 1490 303 1554 loeutus
327 1512 411 1569 sum,
433 1489 551 1568 fateor,
574 1513 627 1557 me
650 1492 783 1577 digessi,
807 1514 902 1577 quem
926 1494 1012 1558 inter
1035 1494 1182 1559 inscitiae
1201 1493 1391 1558 dormientis
1408 1492 1578 1557 infantiam
1595 1491 1827 1577 occupationes

173 1593 281 1657 variae
305 1599 338 1658 ot
361 1594 492 1658 tristitia
515 1594 606 1661 fortis
630 1596 801 1682 inperitiae
831 1603 937 1661 mater
964 1596 1137 1682 obpressit,
1169 1597 1220 1660 cui
1248 1617 1313 1660 non
1344 1596 1439 1660 datur
1470 1595 1561 1659 duris
1594 1594 1721 1658 solvere
1744 1594 1828 1657 oolla

172 1695 351 1776 laboribus,
373 1703 411 1761 ut
433 1697 611 1763 studiorum
636 1700 757 1785 lupatis
781 1722 838 1764 ora
861 1701 1066 1764 decorentur.
1107 1720 1200 1764 meus
1224 1722 1330 1766 sermo
1356 1686 1442 1784 quod
1467 1699 1584 1763 scaber
1606 1705 1658 1763 est
1681 1705 1715 1761 et
1738 1698 1827 1761 nullo

174 1801 408 1887 splendescens
439 1802 590 1867 dictionis
620 1803 752 1877 adtritu,
783 1805 1026 1889 intellegentiae
1056 1812 1107 1868 est
1136 1811 1168 1867 et
1194 1804 1352 1867 exercitii.
1383 1804 1469 1886 quod
1498 1801 1641 1867 dedisco.
1687 1808 1719 1864 tc
1742 1801 1827 1865 inter
1862 1805 1881 1863 o

100 1923 119 1959 ι5
174 1904 316 1990 palestra
338 1913 396 1969 tua
418 1907 593 1991 originaria
615 1908 746 1993 linguae
774 1908 883 1993 palma
912 1908 1074 1984 sollicitat,
1103 1916 1135 1971 te
1159 1908 1245 1971 inter
1270 1908 1367 1983 cives,
1394 1907 1457 1970 mei
1487 1907 1657 1984 inmemor,
1686 1904 1828 1990 superba

172 2006 278 2073 Delus
300 2008 502 2091 adnumerat,
532 2017 567 2073 tu
592 2012 725 2075 Castalii
754 2011 894 2096 gurgitis
926 2012 1033 2075 lautus
1062 2032 1234 2095 possessor
1260 2009 1401 2074 incedis:
1433 2020 1467 2073 at
1494 2031 1556 2093 ego
1579 2009 1635 2072 vix
1659 2007 1827 2072 arentibus

173 2110 269 2176 labiis
298 2112 476 2178 stillantem
500 2120 625 2198 guttam
649 2115 782 2179 marcidi
806 2115 939 2201 liquoris
962 2114 1108 2178 inlirndo.
1154 2122 1185 2178 te
1209 2114 1325 2178 sudore
1350 2113 1502 2177 continuo
1525 2113 1615 2176 nulla
1637 2111 1828 2176 diversitate

173 2216 401 2300 interpellante
431 2224 544 2303 utpote
572 2219 721 2283 colonum
751 2240 844 2283 suurn
877 2219 1043 2282 doctrinae
1066 2218 1184 2282 messis
1207 2217 1400 2302 amplificat:
1434 2217 1568 2281 etmihi
1594 2215 1713 2280 riade
1737 2236 1829 2300 niag-

174 2338 287 2382 norum
315 2319 441 2384 horreis
472 2341 599 2407 pauper
624 2322 719 2386 faseli
749 2344 825 2386 esce
855 2323 1040 2408 porrigitur.
1087 2329 1121 2385 tu
1145 2321 1176 2383 in
1201 2321 1475 2384 sustentationem
1498 2320 1644 2384 ruiturae
1668 2318 1829 2384 libertatis

100 2466 105 2475 -
174 2420 253 2486 felix
280 2421 418 2488 dextera
440 2425 643 2509 subrogaris:
674 2447 725 2490 me
749 2427 910 2490 ecelesiae
934 2426 1073 2509 angulus
1101 2425 1198 2488 etiam
1230 2423 1315 2486 bona
1347 2430 1547 2487 metuentem
1579 2423 1703 2486 saeculi
1733 2442 1828 2507 prae-

175 2526 277 2589 sentis
307 2526 453 2592 includit.
498 2528 592 2614 quid,
623 2549 718 2613 rogo.
752 2529 857 2592 risum
888 2537 939 2592 est
968 2528 1090 2592 dudum
1120 2527 1240 2612 insigni
1275 2527 1483 2611 eloquentiae
1514 2533 1590 2589 tuac
1619 2526 1651 2588 in
1682 2546 1733 2589 me
1763 2530 1828 2586 tam
1865 2527 1882 2585 7

173 2629 270 2713 longe
304 2632 446 2716 positum
479 2632 589 2695 oculos
624 2632 809 2696 destinaret
847 2633 979 2696 fuerunt
1011 2633 1115 2715 magis
1149 2631 1216 2701 atii.
1248 2651 1330 2714 quos
1357 2629 1509 2692 dictionis
1536 2636 1611 2691 tuae
1641 2632 1832 2691 ornamenta

173 2741 403 2819 conponerent,
435 2735 553 2819 quibus
582 2736 757 2800 verborum
787 2736 911 2800 falerac
941 2758 1000 2820 per
1021 2735 1171 2799 Latiares
1194 2734 1377 2817 elegantias
1407 2731 1589 2817 adquisitae
1613 2731 1773 2794 victurum
1798 2738 1831 2793 ct

173 2834 257 2919 apud
288 2844 439 2922 posteros
468 2859 584 2902 nomen
613 2840 778 2903 efferrent.
824 2860 876 2903 mo
909 2839 1008 2903 tacito
1039 2838 1142 2902 teneri
1172 2844 1297 2902 tantum
1327 2836 1480 2899 convenit
1512 2836 1632 2899 aflectu
1661 2833 1756 2898 dietis
1780 2835 1829 2897 in-

100 2960 120 2998 rs
175 2959 286 3022 parem
311 2946 344 3004 et
367 2940 485 3004 officiis
508 2948 758 3027 sequestratum.
796 2942 872 3026 quid
896 2943 1042 3026 erigeres
1066 2943 1201 3015 animos,
1232 2963 1313 3026 quos
1343 2940 1427 3004 alter
1455 2941 1518 3003 iam
1542 2938 1603 3003 sibi
1632 2940 1720 3003 ritae
1750 2937 1829 3002 ordo
1864 2939 1883 2999 a

174 3040 384 3107 subdiderat?
422 3045 499 3130 quid
528 3044 569 3110 ad
600 3052 631 3110 te
661 3067 833 3110 revocares
861 3067 918 3131 per
949 3047 1046 3131 longa
1074 3045 1228 3110 itinerum
1257 3044 1431 3108 intervalla
1453 3042 1628 3108 distantem
1653 3042 1831 3109 hominem,

173 3145 259 3231 apud
281 3167 378 3232 quem
402 3148 487 3211 siout
509 3148 603 3212 nefas
626 3156 763 3213 estnon
787 3150 944 3213 meruisse
968 3149 1104 3217 laudari,
1128 3151 1173 3212 ita
1193 3149 1314 3211 crimen
1332 3146 1433 3211 fuisse
1457 3147 1648 3211 laudatum?
1672 3153 1727 3210 tua
1744 3153 1829 3211 sunt.

173 3255 239 3325 tua,
260 3270 301 3312 ne
324 3249 447 3321 dubita,
470 3257 527 3315 aut
550 3273 673 3323 eorum,
697 3253 724 3316 si
747 3260 855 3316 tamen
880 3253 1019 3316 inveniri
1045 3259 1199 3337 poterunt
1221 3253 1276 3337 qui
1301 3259 1465 3315 secuntur.

282 3351 333 3417 Ad
364 3353 647 3419 adulescentulum
677 3362 797 3434 tamen,
830 3377 923 3441 quem
956 3356 1139 3442 praesentis
1171 3354 1236 3419 diei
1268 3354 1437 3418 auditoriis
1468 3355 1530 3417 tuis
1563 3353 1709 3434 auspicia
1738 3351 1830 3416 dedi·
1866 3354 1886 3411 a

100 3478 123 3513 so
174 3464 298 3527 cerunt,
332 3478 404 3521 cum
429 3479 493 3542 quo
517 3458 595 3522 mibi
625 3460 716 3544 parili
745 3460 882 3524 infantia
913 3460 1074 3523 convenit.
1105 3460 1132 3521 si
1162 3458 1257 3521 verriu
1288 3478 1338 3520 mc
1367 3457 1507 3535 donatis,
1539 3457 1638 3520 verba
1666 3463 1831 3519 converto.

176 3558 270 3622 euius
301 3561 479 3646 primordia
507 3563 654 3647 quamvis
685 3564 877 3627 infabricato
907 3584 1056 3626 sermone
1086 3561 1316 3635 conmondcm,
1352 3559 1496 3645 imperiis
1528 3559 1649 3622 amoris
1680 3577 1832 3622 excusor.

178 3660 376 3748 subiugum
400 3665 557 3729 mittimur
579 3665 762 3731 dilectionis
791 3667 990 3731 necessitate
1019 3666 1184 3729 constricti
1208 3672 1250 3733 et,
1280 3664 1356 3727 dum
1387 3663 1471 3726 caris
1500 3662 1727 3747 prospicimus,
1756 3659 1832 3745 quid

176 3784 236 3829 nos
260 3765 376 3832 deceat
398 3790 462 3833 non
486 3768 642 3834 videmus.
687 3770 773 3833 hunc
795 3770 872 3834 lieet
895 3778 1032 3855 paterna
1054 3768 1224 3833 debuisset
1247 3768 1351 3831 oratio
1374 3765 1538 3851 prosequi,
1562 3772 1699 3828 nonest
1722 3772 1831 3827 tamen

175 3879 310 3956 epatre
333 3872 441 3936 aliena
463 3893 561 3957 quam
585 3874 725 3959 porrigo.
771 3873 884 3937 debuit
908 3873 976 3941 tibi,
1010 3879 1127 3951 macte,
1157 3880 1191 3935 et
1220 3893 1293 3935 mea
1324 3869 1504 3933 orationem
1534 3867 1706 3954 professio.
1752 3868 1832 3931 felix
1850 3867 1885 3925 ltl

112 4018 117 4029 ·
177 3972 263 4037 istud
287 3975 426 4039 nominis
449 3975 536 4061 apud
557 3976 670 4040 doctos
686 3977 881 4061 auspicium!
918 3975 1069 4039 ditandus
1094 3975 1251 4039 scientiae
1275 3972 1424 4057 frugibus
1447 3972 1592 4036 laborem
1617 3972 1702 4034 circa
1725 3969 1833 4034 studia

176 4078 398 4141 necessarium
423 4079 582 4164 promittit
605 4088 637 4142 et
660 4081 802 4145 nornine.
847 4080 944 4159 findo,
967 4080 1162 4144 adulescens
1182 4079 1327 4161 egregie,
1350 4077 1517 4161 pinguium
1543 4074 1639 4138 dorsa
1661 4082 1832 4146 terrerum,

176 4180 312 4265 inprime
342 4181 472 4246 dentem
506 4183 645 4246 vomeris
676 4184 807 4247 novella
834 4184 940 4248 adbuc
969 4183 1085 4247 incude
1117 4184 1300 4249 formatum,
1338 4202 1457 4243 exerce
1489 4180 1521 4242 in
1549 4178 1731 4242 studiorum
1763 4179 1832 4241 solo

177 4283 329 4368 quiequid
360 4286 517 4371 optimum
550 4287 704 4351 convenit
734 4295 905 4352 aratorem.
952 4287 980 4350 si
1008 4294 1200 4351 excrutatus
1231 4284 1363 4370 penitus
1387 4283 1487 4346 fueris
1510 4283 1681 4347 latentium
1706 4281 1884 4346 secretall

183 4476 293 4485 —--——
325 4478 400 4483 —-
414 4478 519 4484 —-—-

283 4613 294 4664 l
316 4614 460 4666 mordeatur
472 4613 497 4663 Β
576 4614 677 4680 affligat
695 4613 718 4661 V
841 4616 858 4664 2
875 4632 954 4680 pegro
968 4613 1007 4663 13¹
1092 4614 1210 4665 dinamus
1227 4613 1271 4663 VJ.
1391 4612 1408 4662 3
1427 4613 1574 4680 prudentias
1587 4613 1633 4663 B‘²
1754 4610 1770 4659 ti
1788 4613 1836 4661 ori-

176 4700 264 4767 ginem
281 4700 306 4750 Β
312 4700 366 4764 TC,
386 4701 544 4768 originenom
563 4702 630 4765 (exp.
643 4704 712 4759 nem)
730 4699 753 4747 V
848 4701 923 4751 rineli
937 4701 962 4750 B
1060 4702 1142 4767 ipsam
1156 4701 1234 4751 Nirea
1376 4696 1390 4748 ‘i
1409 4700 1526 4750 collieres
1539 4696 1578 4748 B!
1679 4708 1800 4749 irascetur
1812 4696 1837 4747 Β

177 4784 195 4836 8
211 4787 348 4838 aestimare
360 4786 448 4849 Sirm,
464 4787 588 4838 extimare
600 4784 633 4848 B,
650 4786 798 4837 existimare
809 4787 884 4837 ceteri
987 4786 1004 4836 ll
1022 4803 1147 4851 quursunr
1166 4786 1213 4848 Va,
1231 4784 1371 4836 cursumB
1432 4786 1503 4835 indix
1519 4784 1543 4834 Β
1650 4783 1677 4834 ll
1699 4784 1798 4850 degessi
1812 4782 1837 4832 Β

177 4873 354 4941 occupationis
369 4873 478 4936 codices,
501 4872 599 4924 emend.
617 4870 657 4922 T2
668 4881 691 4923 et
704 4872 782 4925 Sir-nr.
906 4871 936 4924 ll
954 4874 1044 4924 attritu
1064 4872 1087 4920 V
1168 4873 1264 4922 didisco
1282 4870 1306 4920 Β
1431 4869 1462 4919 Ιῑ)
1479 4871 1587 4938 palistra
1599 4870 1625 4920 Β
1749 4869 1778 4918 lti
1796 4867 1835 4934 at]

177 4958 211 5010 ad
223 4956 249 5009 Β
254 4955 273 5022 ¹,
289 4966 317 5010 st
328 4958 407 5010 Sina.
513 4954 544 5008 17
562 4959 648 5010 iicoris
660 4958 686 5009 B
748 4960 906 5011 aduersitate
917 4959 1014 5010 Horret
1025 4977 1103 5024 prop.
1212 4956 1243 5007 18
1260 4967 1353 5023 utputo
1367 4956 1392 5006 Β
1452 4954 1488 5021 at]
1507 4958 1539 5008 ad
1552 4956 1577 5005 Β
1685 4954 1715 5004 ltr
1733 4956 1797 5005 fusili
1811 4954 1836 5005 Β

177 5041 213 5095 20
228 5044 341 5111 angelus
352 5043 378 5093 Β
509 5041 540 5093 ‘21
561 5044 657 5110 insigni
674 5045 852 5111 soloquemiae
865 5044 897 5103 Β,
921 5044 1034 5111 iusignia
1052 5044 1213 5109 aliquantiae
1230 5044 1306 5095 ceteri
1399 5060 1439 5094 mc
1457 5039 1520 5108 tani]
1540 5059 1623 5092 ineam
1641 5048 1706 5105 (sap.
1720 5040 1764 5090 lin.
1779 5044 1799 5099 t)
1812 5040 1837 5088 Β

177 5126 213 5181 22
230 5130 321 5181 oculus
333 5127 373 5179 13¹
434 5130 557 5181 distinata
570 5128 595 5178 Β
691 5128 727 5181 ‘23
745 5128 852 5198 faleras]
871 5130 960 5182 fallere
972 5129 998 5181 Β
1059 5131 1158 5183 latiaris
1170 5129 1277 5192 cedices,
1294 5130 1392 5181 eccard
1409 5128 1451 5178 Tl
1462 5138 1485 5179 et
1498 5128 1575 5179 Sirm.
1674 5126 1708 5177 ‘lit
1725 5127 1837 5194 erigeres

178 5216 283 5281 Horat,
300 5215 412 5283 megaris
424 5214 457 5279 B,
473 5216 579 5283 erigeris
597 5214 713 5280 VLTlt',
730 5216 808 5285 erigis
824 5214 873 5280 T',
883 5218 951 5283 sort.
969 5218 1068 5284 erigere
1086 5215 1151 5283 (seit.
1170 5217 1254 5267 visum
1273 5218 1323 5275 est)
1403 5213 1478 5280 quos]
1497 5215 1565 5280 qued
1578 5213 1603 5263 Β
1724 5212 1759 5263 26
1776 5215 1836 5265 sub

178 5302 284 5357 dederat
296 5302 324 5354 B
426 5318 562 5355 mucearar
577 5300 686 5366 Harrei,
708 5303 838 5356 muscaria
855 5303 928 5367 libri,
950 5320 1073 5357 revocare
1082 5306 1151 5373 sort
1256 5303 1377 5355 itinerum
1397 5303 1429 5359 C,
1452 5303 1578 5353 iconarum
1598 5300 1634 5361 Β,
1658 5301 1751 5351 irarum
1768 5299 1812 5350 VL
1819 5300 1842 5349 Τ

177 5386 214 5443 28
229 5394 352 5458 potarum
363 5387 397 5450 B,
416 5394 558 5456 potuerunt
572 5386 674 5452 Vm,
695 5390 827 5456 potuerint
841 5388 921 5443 Sim.
1001 5396 1147 5457 sequuntur
1161 5389 1186 5440 V
1307 5386 1343 5440 29
1361 5389 1395 5441 ad
1412 5406 1461 5440 em.
1474 5388 1500 5439 Β
1579 5387 1796 5439 adoliscentulurn
1814 5386 1838 5437 Β

177 5472 215 5529 w
230 5472 376 5527 ΜΒ
499 5470 536 5527 84
551 5472 694 5527 masam
709 5474 835 5543 morde
850 5482 880 5531 οἱ
895 5490 955 5531 Μ
967 5472 1067 5529 Vhw
1185 5472 1223 5529 86
1237 5476 1330 5529 deam
1341 5474 1368 5527 Β
1450 5473 1573 5525 camdus
1583 5472 1618 5538 B,
1635 5473 1743 5525 ditando
1763 5472 1840 5537 Vtc,

177 5558 340 5615 ΜΤ
435 5556 672 5615 ωιᾶοΙίωωΒ
771 5556 978 5631 23th
1129 5558 1570 5625 fflstmmmri

280 5684 423 5749 Fun·
1598 5682 1633 5737 lb
