4500 6232
279 301 340 357 LIV
836 302 887 356 ΠΙ.
912 299 960 356 DE
979 299 1215 357 EDITIONIBUS
1233 299 1383 357 annoni.

278 475 405 542 vinculo
435 473 572 562 quodam
595 475 741 560 coniungi
768 485 944 560 cognoscet.
988 497 1175 562 quamquam
1206 476 1287 540 enim
1310 475 1429 561 scripta
1450 472 1576 540 Erruodi
1603 473 1784 539 festinanter
1805 473 1935 540 collecta

278 591 309 644 et
318 579 515 665 neglegenter
530 577 615 644 edita
627 588 709 659 sunt,
721 589 823 644 tanren
841 589 986 665 quaeant
1001 602 1102 645 rerum
1118 590 1173 644 aut
1186 589 1361 666 temporum
1377 579 1550 645 rationibus
1567 576 1739 658 cohaerent,
1751 577 1935 665 plenamque

278 685 309 748 in
333 707 429 748 unum
452 693 526 747 sunt
540 683 662 748 collata.
695 685 800 749 omnia
822 707 897 748 vero
920 707 1013 770 opera
1029 684 1155 749 Eonodi
1179 685 1211 748 in
1234 684 1394 749 codicibus
1410 692 1554 748 accurate
1575 704 1614 746 cn
1629 691 1802 768 temporum
1826 680 1935 747 ordine

279 788 382 852 referri
407 809 498 852 neruo
520 787 700 867 affinoabit,
723 789 869 874 quoniam
896 789 1032 876 exempli
1062 812 1157 854 (11111111
1184 810 1279 874 epae,
1307 787 1391 873 quenl
1419 789 1451 851 in
1481 785 1641 851 codicibus
1670 786 1804 872 primum
1831 784 1934 849 laeum

280 891 408 970 obtinet,
430 892 511 957 eirca
533 913 648 956 annmn
672 895 744 971 504,
767 914 816 978 op.
832 892 953 957 XLIII
975 916 1057 959 anno
1080 897 1143 960 495
1167 901 1269 956 ortum
1292 903 1347 955 est.
1389 893 1462 956 item
1486 889 1671 955 Sinnondus
1694 887 1736 954 ad
1758 889 1848 975 epist.
1863 887 1899 954 V
1909 892 1936 967 l,

280 994 335 1061 VI
349 999 378 1075 6,
401 994 544 1060 Vlllar
568 1006 649 1058 reete
671 993 835 1060 adnotavit
857 996 1005 1082 epistulas
1034 1018 1096 1061 non
1119 1018 1241 1082 semper
1263 994 1303 1059 ad
1331 995 1480 1081 temporis
1503 993 1643 1058 ordinem
1666 992 1836 1079 dispositas
1858 1014 1937 1057 esse.

280 1097 364 1183 quod
387 1099 445 1161 etsi
469 1098 611 1184 pluribus
633 1098 783 1184 exemplis
802 1099 997 1185 comprobari
1021 1107 1133 1186 potest,
1155 1101 1187 1163 iu
1203 1099 1384 1163 universnm
1407 1107 1508 1163 tamen
1532 1120 1627 1184 opera
1650 1097 1682 1160 in
1697 1094 1857 1161 codicibus
1874 1094 1936 1161 sibi

280 1201 384 1265 vicina
416 1199 516 1265 eidem
538 1202 688 1286 temporis
718 1203 822 1288 spatio
851 1201 1056 1268 adscribenda
1091 1215 1171 1267 sunt.
1229 1203 1349 1267 seilicet
1375 1225 1445 1265 eum
1475 1202 1593 1288 scripta
1620 1198 1745 1264 Ennodi
1773 1222 1812 1263 ex
1840 1198 1937 1263 variis

281 1304 393 1369 libellis
416 1314 448 1368 et
469 1304 625 1369 schedulis
642 1315 715 1392 post
730 1307 828 1392 ipsius
844 1316 974 1371 mortem
995 1306 1221 1392 colligerentur,
1244 1306 1288 1370 illi
1311 1305 1409 1370 libelli
1425 1305 1552 1391 proprii,
1575 1325 1654 1390 qnos
1670 1302 1748 1368 dicit
1761 1305 1876 1389 11246,
1888 1305 1938 1381 18,

281 1409 473 1472 continentes
495 1410 646 1494 opuscula
667 1409 775 1475 eodem
798 1422 937 1496 tempore
962 1412 1078 1497 scripta
1105 1435 1124 1475 a
1152 1411 1252 1497 primo
1279 1409 1397 1474 editore
1424 1410 1467 1473 ita
1494 1407 1640 1493 descripti
1664 1415 1751 1486 sunt,
1779 1415 1814 1469 ut
1843 1426 1938 1493 opera

282 1512 412 1596 singidis
436 1512 550 1576 libellis
573 1513 795 1600 comprehensa
817 1537 908 1579 suum
932 1512 1071 1579 ordinem
1088 1514 1276 1592 obtinerent,
1299 1513 1473 1578 libellorum
1496 1513 1635 1598 ipsorum
1658 1509 1744 1588 ordo,
1766 1508 1937 1575 seeundum

282 1639 372 1701 quern
396 1616 493 1681 libelli
516 1616 590 1681 olim
614 1619 776 1704 compositi
801 1631 896 1698 crant,
918 1619 1042 1705 saepius
1065 1618 1249 1683 turbaretur.
1289 1639 1383 1703 quare
1406 1617 1459 1702 qui
1482 1639 1585 1702 opera,
1607 1615 1695 1679 utin
1718 1635 1831 1700 genera
1852 1611 1940 1699 dige-

283 1729 405 1797 rantur,
442 1731 619 1805 segregant,
653 1722 713 1807 ipsi
748 1745 781 1787 se
811 1724 1015 1787 instrumento
1044 1721 1083 1786 ad
1111 1720 1316 1787 Enuodianae
1343 1720 1493 1785 orationis
1526 1719 1674 1805 caligines
1707 1715 1939 1804 perspiciendas

283 1823 450 1910 peridonco
467 1825 600 1910 prierint.
633 1824 665 1888 id
688 1826 831 1890 concedit
852 1828 919 1913 ipse
942 1825 1128 1891 Sinnondus
1152 1838 1240 1905 nota,
1263 1848 1356 1911 ‹puun
1379 1823 1547 1911 adscripsit
1563 1819 1940 1907 aermnae-Opera

283 1931 314 1993 in
338 1928 498 1994 codicibus
514 1930 677 1994 coniuncta
691 1929 799 1994 eodem
823 1931 885 1994 fere
900 1941 1038 2017 tempore
1053 1931 1171 2016 scripta
1186 1952 1254 1994 esse
1277 1952 1337 1992 nou
1355 1952 1424 1994 raro
1447 1929 1539 1992 etiam
1556 1928 1721 1992 verborum
1736 1922 1940 1989 similitudine

284 2032 466 2097 ostenditur.
511 2032 594 2118 quod
618 2032 657 2097 ad
685 2033 905 2099 illustrandum
928 2035 1048 2121 aliquot
1071 2035 1243 2099 locutiones
1266 2035 1353 2097 brevi
1382 2034 1545 2097 intervallo
1574 2032 1734 2118 repetitas,
1762 2028 1940 2114 ceteroquin

285 2148 388 2202 aretem
411 2137 450 2201 ah
473 2134 620 2200 Ennodio
642 2160 704 2200 noir
728 2138 856 2204 usitatas
880 2139 1050 2224 proferam:

440 2280 470 2342 p.
526 2259 596 2335 aa?
621 2267 721 2321 macte
744 2259 912 2342 insignium
936 2257 1117 2323 adulescens
1142 2261 1292 2323 virtutum
1311 2289 1349 2310 =
1367 2281 1397 2342 p.
1413 2260 1492 2335 14,6

507 2380 601 2456 47,28
624 2378 719 2442 verba
742 2379 871 2442 caminis
894 2378 1057 2444 fabrilibus
1081 2389 1208 2444 excocta

508 2485 601 2560 50,13
625 2481 764 2546 homines
788 2483 918 2546 caminis
940 2483 1105 2548 fabrilibus
1128 2483 1246 2547 excocti

509 2604 601 2680 74,10
624 2602 683 2667 sub
705 2625 899 2689 quacumque
922 2603 1116 2688 neglegentia
1139 2652 1192 2667 ...
1215 2613 1383 2688 temperem

510 2707 598 2783 74,21
625 2707 685 2770 sub
707 2730 903 2793 quocumque
926 2707 1066 2792 neglectu
1088 2716 1255 2792 temperem

487 2829 579 2905 lll,8
624 2826 762 2891 animum
785 2850 883 2913 usque
906 2826 946 2891 ad
969 2826 1131 2891 domestici
1155 2826 1318 2914 perlatoris
1342 2825 1582 2912 oportunitatem
1606 2820 1754 2908 suspendi

489 2928 602 3007 111,·23
626 2928 786 3014 usquead
810 2928 1014 2993 domesticum
1037 2929 1220 3015 perlatorem
1245 2940 1318 2993 vota
1340 2926 1491 3013 suspendi

489 3050 579 3126 leae
624 3048 710 3114 nulla
732 3049 847 3135 eloquii
870 3050 985 3137 poterit
1006 3059 1126 3114 niutare
1148 3048 1306 3114 affluentia

491 3154 604 3229 ltere
627 3152 713 3216 nulla
735 3153 890 3239 eloquitur
912 3154 974 3217 oris
998 3153 1154 3218 affluentia

490 3274 603 3350 144,20
625 3272 759 3338 furctnm
782 3296 820 3338 ex
845 3273 1024 3360 diligentiae
1046 3297 1147 3338 messe
1168 3271 1367 3338 condidimus

491 3379 602 3455 lteri
626 3377 744 3440 ferretus
767 3376 806 3441 de
828 3378 946 3463 gratiae
968 3401 1069 3443 messe
1091 3376 1245 3442 condebat

487 3499 581 3573 2324
624 3519 718 3582 quam
747 3498 825 3562 bene
855 3522 904 3563 me
926 3497 967 3563 ad
995 3499 1177 3584 patientiam
1206 3499 1365 3563 absentiae
1388 3506 1509 3561 vestrae
1532 3495 1645 3579 longus
1669 3501 1746 3557 teur-

702 3626 813 3689 pourm
838 3626 913 3668 usim
936 3612 1098 3690 aptaverat

488 3707 602 3781 2341?
625 3727 719 3790 quam
742 3707 819 3770 bene
841 3708 980 3772 animum
1007 3730 1109 3771 meum
1132 3705 1173 3771 ad
1203 3706 1385 3792 patientiam
1413 3702 1669 3791 sequestrationis
1692 3701 1747 3766 ab·

706 3811 822 3875 sentiae
845 3821 966 3876 vestrae
988 3834 1064 3876 usus
1088 3821 1250 3897 aptaverat

290 3927 351 3990 hnc
372 3929 465 3992 etiam
496 3939 616 4014 spreetat
645 3929 730 4015 quod
758 3930 887 3995 eandem
918 3932 1101 3996 sententiam
1132 3931 1293 3996 Ciceronis
1316 3954 1346 4016 p.
1362 3933 1413 4006 38,
1425 3932 1463 3994 31
1489 3937 1519 3991 et
1542 3929 1644 4006 49,11
1671 3933 1763 4011 atque
1785 3923 1946 3988 Iuvenalis

292 4055 321 4118 p.
336 4035 441 4110 295,4
464 4043 494 4095 et
516 4036 589 4110 311,
602 4036 643 4098 211
671 4035 790 4119 repetit.
839 4036 942 4120 itaquo
969 4035 1020 4121 qni
1045 4033 1171 4098 Ennodi
1195 4056 1287 4120 opera
1312 4030 1482 4098 secundum
1506 4029 1648 4093 codicum
1674 4027 1827 4104 ordinem,
1854 4049 1947 4112 quern

291 4143 398 4198 riost-ra
419 4134 555 4199 editione
578 4136 783 4216 restituimus,
812 4138 988 4223 perlegerit,
1018 4161 1080 4202 non
1104 4138 1205 4201 solum
1229 4135 1269 4201 ad
1297 4159 1346 4200 res
1370 4132 1602 4220 cognoscendas
1626 4130 1681 4195 sed
1704 4132 1796 4196 etiam
1819 4130 1861 4195 ad
1883 4153 1948 4195 ser·

291 4261 413 4302 monem
441 4238 662 4303 Ennodiannm
690 4239 930 4305 examinandum
960 4241 1026 4304 utili
1055 4240 1234 4305 adiumento
1266 4241 1443 4304 instruetur.
1488 4236 1621 4321 denique
1644 4235 1690 4298 sic
1713 4244 1745 4298 et
1767 4233 1806 4298 de
1827 4235 1947 4299 lacunis

291 4341 439 4406 librorum
467 4341 561 4406 etde
588 4344 836 4433 orthographicis
865 4344 1048 4410 differentiis
1075 4345 1197 4410 farcilins
1225 4344 1421 4409 irulieabitnr.
1465 4341 1560 4404 veluti
1592 4362 1647 4402 cru
1673 4337 1824 4403 dictiones
1847 4338 1949 4424 prima

291 4455 321 4508 et
344 4446 492 4510 vicesima
513 4448 605 4511 tertia
626 4448 792 4513 lacunosae
808 4448 879 4528 sint,
901 4471 939 4513 ex
963 4448 1120 4513 Sirmondi
1141 4448 1275 4513 editione
1298 4470 1389 4512 nemo
1405 4444 1577 4529 intelleget:
1601 4443 1652 4528 qui
1677 4464 1715 4505 ex
1738 4441 1797 4506 hac
1811 4439 1949 4505 editione

291 4550 472 4634 cognoverit
499 4551 585 4615 illam
608 4551 774 4616 dictionem
801 4554 831 4617 io
862 4552 1023 4617 codicibus
1049 4554 1184 4639 primum
1213 4574 1293 4638 opus
1299 4601 1307 4631 ,
1335 4551 1416 4616 hanc
1439 4547 1663 4635 paemrltimum
1686 4568 1770 4624 esse,
1797 4567 1861 4609 rem
1886 4546 1948 4610 iam

292 4652 384 4716 naba
405 4664 606 4741 perspectam.
639 4655 807 4743 cademque
829 4657 977 4722 facilitate
1005 4659 1064 4722 sibi
1088 4656 1287 4744 persuadebit
1310 4657 1441 4720 formam
1471 4653 1585 4715 soboles
1612 4653 1642 4716 iu
1670 4650 1827 4737 prioribus
1850 4671 1948 4736 opus·

292 4757 384 4835 colis,
405 4758 526 4822 sedales
548 4759 580 4822 in
603 4760 827 4844 posterioribus
850 4762 1036 4847 praevalere.

395 4860 541 4926 Ceterum
557 4885 595 4925 ne
617 4863 661 4926 eis
684 4864 736 4948 qni
754 4862 910 4928 Sirmondi
933 4865 1175 4950 significationes
1199 4884 1405 4948 numerosque
1426 4859 1573 4925 adhihere
1588 4857 1698 4936 solent,
1720 4864 1829 4921 nostra
1850 4853 1949 4918 editio

293 4965 423 5030 molesta
446 4965 499 5043 sit,
525 4963 705 5029 addidimus
728 4977 758 5030 et
787 4968 919 5053 singulis
947 4969 1093 5054 operibus
1117 4967 1346 5051 designationes
1370 4962 1607 5029 Sirmondinuas
1630 4973 1661 5026 et
1683 4960 1836 5037 tabulam,
1859 4957 1948 5021 cuius

293 5069 409 5132 auxilio
431 5068 491 5132 loei
515 5092 553 5131 ex
569 5066 728 5134 Sirmondi
750 5071 928 5134 recensione
944 5072 1029 5135 citati
1054 5071 1135 5135 faeih
1161 5071 1284 5154 negotio
1309 5070 1338 5132 iu
1362 5069 1421 5133 hae
1443 5089 1567 5154 quoquc
1589 5064 1726 5129 editione
1741 5062 1949 5128 inveniantur.

293 5182 450 5259 pureterea
472 5166 649 5237 ultionibus
668 5173 834 5257 legentium
858 5197 893 5237 ea
917 5198 949 5239 rc
972 5174 1166 5238 consuluisse
1188 5174 1278 5237 nohis
1296 5171 1446 5249 ridemur,
1469 5169 1552 5256 quod
1577 5170 1681 5233 ornuia
1704 5165 1831 5232 Ennodi
1853 5186 1949 5251 opera

294 5277 325 5339 in
348 5277 559 5362 paragraphos
581 5275 813 5354 distriliuimus;
843 5278 872 5341 in
904 5280 1090 5364 qiarrrgyrico
1117 5279 1209 5342 etiam
1239 5277 1343 5362 capitu
1373 5275 1581 5359 sigmunimns,
1611 5295 1689 5359 (lirae
1717 5271 1861 5335 distinxit
1884 5269 1950 5333 Sir-

297 5378 439 5458 uromlns,
462 5380 577 5444 Mauso
600 5381 785 5447 numeravit.

166 5485 270 5529 ”dedu
400 5482 494 5546 Ratio
517 5485 548 5547 in
570 5483 755 5548 lectionibus
778 5482 921 5548 codicum
937 5482 1108 5569 deligendis
1128 5481 1268 5549 adhibita
1291 5481 1400 5547 nititur
1422 5481 1467 5544 eis
1491 5479 1690 5566 argruncutis,
1713 5500 1792 5566 quae
1807 5476 1949 5564 singidos

160 5538 279 5583 lectionum

294 5587 391 5653 libros
424 5585 632 5652 describentes
666 5589 836 5654 attulimus.
885 5589 1032 5654 lectiones
1067 5587 1183 5654 codicis
1212 5588 1240 5654 ll
1269 5598 1353 5653 tanta
1389 5583 1549 5671 diligentia
1578 5582 1740 5663 adnotari,
1773 5590 1810 5647 ut
1842 5600 1952 5649 t'erear
