4500 6232
327 297 386 357 294
575 292 714 345 CDXlllll
732 293 853 357 (CARM.
875 296 897 349 l.
916 297 951 349 bl.
971 293 1109 347 CDXXIV
1128 292 1250 359 (EPIST.
1269 292 1294 354 9,
1311 293 1348 355 9),
1365 292 1489 346 CDXXV
1507 293 1630 362 (EPIST.
1648 294 1674 359 9,
1692 295 1728 362 3).

691 467 812 530 Navita
836 487 888 530 me
914 468 1019 532 laetus
1044 467 1187 553 suscepit
1209 466 1358 553 protinus
1382 467 1467 545 alno,

609 584 634 617 ³⁰
693 569 829 633 Sarsina
852 571 903 633 cui
927 569 1008 635 ielix
1032 568 1154 633 dudum
1178 573 1386 632 concesserat
1409 590 1515 634 omen.

652 732 654 736 ,
693 671 849 736 Indoctus
872 674 1000 737 clavum
1024 674 1112 738 rexit
1135 672 1175 737 de
1199 671 1343 758 pondere
1367 677 1457 735 tutus

692 775 735 838 Et
757 798 809 840 me
833 777 960 840 festivis
985 774 1115 840 Christo
1139 774 1224 840 duce
1247 775 1381 861 pertulit
1404 776 1478 839 oris.

943 1082 1122 1151 onxxlv
1146 1085 1255 1170 (sersr.
1273 1089 1303 1165 9,
1321 1087 1362 1168 2).

921 1262 1110 1336 FAVSTO
1137 1263 1347 1337 ENNODIV
1349 1264 1386 1338 S.

296 1423 309 1480 l
447 1394 529 1488 Stat
552 1424 636 1510 apud
662 1422 896 1487 conscientiam
913 1420 1062 1485 culminis
1079 1421 1190 1500 vestri,
1216 1421 1292 1505 quid
1310 1421 1459 1485 sublimis
1477 1422 1537 1486 viri
1550 1422 1697 1486 Faustini
1715 1429 1787 1486 voto
1800 1422 1985 1489 debeamus

326 1536 359 1593 et
382 1529 504 1613 generi.
549 1536 582 1591 et
605 1528 679 1591 ideo
703 1527 850 1610 quamvis
874 1524 960 1609 apud
985 1546 1043 1588 vos
1067 1522 1180 1588 credat
1203 1524 1353 1588 sufficere
1378 1525 1464 1609 quod
1486 1547 1545 1610 pro
1568 1525 1635 1589 filio
1652 1532 1746 1611 pater
1760 1529 1898 1611 rogavit
1922 1550 1986 1614 per

325 1654 377 1696 me
402 1640 526 1709 tamen,
559 1632 635 1716 quia
659 1651 772 1715 parum
797 1636 890 1713 putat
913 1629 983 1691 cius
1009 1626 1192 1691 sollicitudo
1216 1627 1300 1712 quod
1324 1629 1438 1713 egerit,
1468 1650 1585 1715 preces
1614 1628 1810 1713 trequentat
1842 1653 1984 1717 sperans

325 1744 360 1799 ut
390 1744 499 1799 vestra
529 1735 724 1799 adulescens
756 1732 797 1796 ad
827 1739 971 1795 maturos
1000 1731 1061 1794 deo
1090 1730 1224 1817 auspice
1255 1752 1361 1794 mores
1392 1732 1548 1815 erigatur.
1593 1752 1650 1795 vos
1680 1731 1765 1796 detis
1792 1741 1984 1820 praecepta,
2055 1759 2067 1795 s

325 1837 400 1923 quid
425 1839 518 1922 sequi
542 1836 672 1916 debeat,
696 1834 773 1921 quid
798 1856 925 1912 cavere,
950 1855 1007 1897 vos
1031 1832 1117 1918 apud
1138 1854 1219 1919 quos
1241 1836 1463 1898 necessarium
1480 1833 1684 1899 credideritis
1708 1837 1885 1921 scriptione
1907 1859 1986 1924 pro·

295 1942 520 2026 2seqnamini.
565 1940 648 2004 haec
673 1941 740 2003 scio
765 1941 893 2003 culmen
918 1944 1072 2014 vestrum,
1097 1938 1194 2001 etiarn
1219 1937 1408 2016 simaeum,
1433 1959 1506 2002 esse
1532 1938 1710 2013 facturum
1735 1938 1794 2004 sed
1814 1962 1873 2006 nec
1890 1942 1985 2026 potui

324 2045 405 2108 tanti
430 2044 488 2107 viri
519 2042 670 2127 precibus
703 2041 819 2106 deesse
850 2062 910 2104 nec
944 2039 1054 2105 debui.
1100 2062 1163 2126 qua
1196 2040 1236 2105 de
1271 2061 1305 2105 re
1339 2046 1508 2127 permotus
1542 2041 1684 2106 lacrimis
1718 2045 1868 2130 superius
1902 2067 1985 2110 con·

324 2147 480 2233 prehensi
506 2152 539 2210 ct
563 2167 624 2230 ego
648 2147 730 2208 flens
755 2144 903 2229 subplico
928 2143 1097 2229 perillam
1120 2165 1203 2230 quae
1228 2143 1321 2208 vobis
1344 2166 1364 2207 a
1387 2142 1448 2207 deo
1471 2163 1633 2208 concessa
1655 2152 1705 2209 est
1728 2148 1984 2213 conscientiam:

325 2251 373 2313 sic
396 2250 573 2334 petitiones
597 2256 725 2313 vestras
749 2250 805 2332 pia
827 2254 1005 2332 martyrum
1029 2248 1184 2310 salvatori
1207 2255 1318 2311 nostro
1342 2245 1550 2311 commendet
1566 2247 1720 2329 adsertio,
1744 2258 1779 2315 ut
1804 2253 1985 2318 efficaciter
2042 2276 2069 2314 ιο

325 2351 411 2438 apud
435 2374 493 2416 vos
518 2358 551 2415 et
574 2359 703 2415 creator
727 2373 785 2437 pro
807 2350 874 2414 filio
898 2358 931 2414 et
946 2349 1083 2413 domnus
1097 2349 1275 2413 Faustinus
1291 2371 1350 2435 pro
1371 2348 1548 2413 Ambrosio
1566 2352 1740 2437 supplicet.
1775 2361 1809 2419 et
1832 2355 1986 2421 ordinate

326 2456 530 2542 praedictum
564 2458 715 2520 iuvenem
741 2462 774 2519 et
799 2461 889 2518 orate
918 2475 976 2540 pro
1004 2453 1087 2539 ipso,
1112 2460 1150 2514 ut
1177 2453 1423 2516 adulescentem
1454 2452 1561 2516 Roma
1589 2476 1650 2519 nec
1679 2458 1768 2521 vitiis
1796 2458 1897 2544 possit
1920 2478 1986 2525 nee

293 2559 446 2633 3morbis
472 2561 677 2644 extinguere.
724 2559 793 2621 scio
818 2579 874 2620 vos
899 2558 993 2643 plura
1016 2555 1100 2641 apud
1125 2556 1285 2632 homines,
1318 2556 1376 2620 sed
1400 2557 1525 2620 rosiers
1549 2558 1636 2644 apud
1661 2558 1757 2624 deum
1780 2562 1986 2646 praevalere.

326 2670 359 2725 et
382 2660 456 2725 idco
481 2683 616 2726 securus
642 2663 704 2724 iam
729 2662 881 2725 effectum
906 2661 969 2724 illis
999 2659 1156 2745 polliceor
1185 2681 1266 2744 quos
1297 2660 1499 2724 commendo.
1546 2681 1625 2744 ergo
1654 2665 1869 2728 reverentiam
1893 2667 1985 2729 salu-

325 2767 457 2829 tationis
482 2767 659 2830 exsolveus
684 2767 797 2851 paucis
828 2765 931 2827 multa
958 2764 1123 2829 contexui.
1169 2763 1288 2827 sufficit
1319 2762 1379 2827 deo
1409 2764 1569 2848 placentis
1600 2766 1661 2828 viri
1690 2767 1880 2832 instructam
1905 2793 1984 2834 esse
2043 2791 2068 2826 1⁵

325 2870 500 2953 pietatem:
526 2876 558 2930 et
582 2889 681 2931 causa
704 2875 737 2931 et
761 2889 902 2953 persona
925 2889 997 2930 cum
1022 2867 1074 2930 dci
1100 2867 1221 2929 solacio
1247 2875 1356 2930 vestro
1380 2866 1573 2951 disponetur
1596 2868 1714 2932 studio.

951 3154 1109 3226 cllxxv
1133 3159 1246 3242 (seras.
1264 3161 1294 3229 9,
1312 3158 1355 3235 3).

869 3335 1154 3409 MERIBAVDO
1183 3334 1431 3407 ENNODIVS.

295 3489 308 3546 1
435 3466 550 3575 Quasi
586 3497 688 3560 solem
720 3497 847 3561 facibus
877 3497 1009 3561 adiuvet
1035 3503 1069 3559 et
1096 3516 1185 3558 mare
1215 3496 1334 3578 exiguo
1365 3516 1477 3558 umore
1508 3496 1701 3582 locupletet,
1733 3501 1779 3563 ita
1808 3503 1985 3586 superfluis

325 3599 452 3662 laborat
475 3600 636 3685 inpendiis
661 3602 714 3684 qui
741 3623 799 3687 per
823 3622 858 3665 sc
882 3602 1041 3685 placitura
1065 3598 1282 3662 commendat,
1328 3597 1385 3661 scd
1410 3600 1544 3663 stultum
1569 3608 1621 3665 est
1645 3603 1750 3687 perire
1774 3606 1984 3672 occasionem

326 3702 487 3782 beneficii,
519 3704 647 3788 quando
677 3706 835 3768 auxilium
865 3705 958 3767 fortis
989 3704 1141 3788 inploret.
1187 3724 1285 3788 opum
1314 3703 1424 3785 largus
1452 3724 1550 3788 supra
1578 3706 1691 3790 copias
1722 3704 1844 3771 ditatus
1867 3717 1929 3789 est,
1954 3712 1983 3775 si
2041 3740 2068 3777 so

325 3805 428 3869 credit
451 3807 634 3872 subsidium
660 3809 743 3892 quod
767 3830 893 3893 pauper
916 3806 1080 3872 obtulerit.
1119 3808 1230 3891 regale
1252 3827 1369 3869 munus
1387 3805 1432 3882 fit,
1458 3808 1510 3871 cui
1533 3808 1659 3892 insigne
1676 3811 1816 3895 pretium
1833 3821 1984 3898 praestat

292 3910 499 3994 2aceipiens.
547 3909 684 3973 domnus
707 3911 884 3975 Faustinus
908 3911 948 3974 de
973 3911 1074 3994 prolis
1099 3931 1177 3974 suae
1202 3911 1349 3995 profectu
1374 3931 1473 3995 snpra
1496 3932 1592 3995 quam
1616 3915 1725 3998 poscit
1745 3922 1883 4000 paterna
1904 3939 1985 3982 cura

325 4014 497 4088 sollicitus,
522 4014 731 4077 Ambrosium
757 4022 902 4078 nostrum
927 4014 987 4077 hac
1004 4013 1090 4098 apud
1113 4035 1170 4076 vos
1187 4012 1325 4076 credidit
1342 4015 1570 4098 prosecutione
1587 4015 1779 4093 conmunid,
1803 4021 1984 4085 aestimans

325 4115 410 4199 quod
435 4118 568 4199 sanguis
593 4119 674 4188 eius,
699 4118 783 4201 quod
808 4119 992 4203 prudentia.
1025 4118 1111 4202 quod
1136 4139 1252 4180 census
1277 4118 1361 4179 intra
1385 4117 1537 4201 Liguriae
1562 4127 1702 4204 angusta
1725 4120 1925 4187 delitisceret
1949 4134 1984 4189 et

325 4220 403 4281 artis
427 4221 515 4282 fama
538 4221 657 4283 nobilis
682 4229 845 4285 artaretur
868 4221 1059 4285 obstaculis:
1089 4222 1196 4284 alieno
1225 4219 1387 4306 praesidio
1417 4220 1599 4285 claritatem
1623 4246 1714 4287 suam
1740 4226 1772 4288 in
1796 4226 1980 4293 Romanam
2037 4256 2063 4294 er

293 4324 430 4395 3lucem
456 4332 547 4409 putet
572 4345 753 4409 erumpere.
799 4326 942 4389 lacessat
965 4324 1005 4387 ab
1031 4323 1147 4387 studiis
1177 4325 1257 4386 meis
1287 4344 1407 4407 negare
1437 4326 1669 4396 testimonium,
1700 4327 1787 4412 quod
1811 4331 1884 4415 plus
1909 4334 1981 4419 cpi-

324 4426 447 4489 tulatur
471 4428 610 4489 auctori:
636 4429 689 4511 qui
716 4430 800 4491 cuim
826 4429 930 4491 bonos
954 4428 1076 4491 adserit
1099 4427 1307 4511 adprobat-ur.
1354 4427 1460 4490 videte
1491 4449 1572 4511 quae
1602 4430 1642 4493 de
1667 4432 1759 4495 vobis
1783 4433 1902 4498 fiducia
1927 4439 1982 4507 sit,

325 4530 377 4592 cui
401 4529 557 4613 quidquid
582 4533 793 4617 praecipuum
818 4533 918 4595 babet
942 4531 1058 4595 nobilis
1083 4538 1168 4593 terra
1192 4532 1365 4594 commisit.
1402 4531 1477 4593 nolo
1501 4540 1594 4616 putet
1618 4534 1702 4620 apud
1728 4557 1786 4598 nos
1808 4537 1893 4621 quod
1919 4538 1983 4602 bac

427 4807 451 4840 v.
469 4788 504 4840 49
523 4787 572 4855 me]
592 4791 641 4842 mal
656 4791 681 4840 Β
786 4810 809 4842 v.
828 4789 863 4841 52
881 4792 931 4841 oris
942 4832 947 4842 .
959 4790 1052 4841 nnirB

428 4889 581 4959 [clrxxll]
620 4892 632 4942 1
654 4897 785 4946 Ennodins
804 4897 899 4946 Fausto
916 4895 994 4946 Sirra.
1132 4893 1265 4946 2uer1B
1360 4897 1467 4948 debeam
1482 4897 1540 4947 ern
1672 4895 1803 4966 buestral
1823 4908 1910 4951 noster
1923 4901 1985 4953 c'Po

322 4979 468 5030 aduliscens
480 4980 505 5029 Β
646 4979 660 5029 l
680 4982 728 5032 boc
743 4983 800 5032 oro
939 4980 1021 5032 8nee
1040 4982 1117 5032 debui
1223 4999 1269 5032 uec
1287 4983 1358 5048 potui
1376 4982 1494 5034 VLTOP
1631 4983 1647 5030 9
1666 4985 1824 5051 supplicoV
1922 5005 1984 5039 eorr-

322 5065 465 5116 seiautiuB
594 5064 626 5115 10
644 5068 710 5132 piam
724 5067 749 5117 B
836 5068 990 5118 commandit
1003 5067 1028 5117 Β
1155 5065 1187 5116 19
1206 5069 1319 5118 inuinem
1333 5068 1358 5118 Β
1444 5070 1601 5121 aduliscente
1613 5069 1624 5133 11
1641 5069 1667 5118 B
1791 5070 1823 5121 13
1841 5074 1938 5123 morbis
1951 5074 1986 5136 B,

323 5152 436 5201 moribus
455 5152 529 5202 ceteri
675 5153 707 5202 15
731 5155 832 5204 sufficet
850 5153 875 5202 Β
980 5154 1108 5218 placentes
1125 5152 1263 5203 BVL2T¹
1368 5157 1542 5207 instnructnm
1558 5156 1583 5205 B
1730 5155 1762 5208 16
1783 5158 1934 5224 disponatur
1951 5159 1986 5221 B,

322 5238 471 5304 disponatur
489 5239 566 5289 'ceteri

427 5338 568 5407 [CDXXV]
599 5340 629 5392 ll
643 5344 776 5394 Ennodius
790 5344 968 5394 Meribandob
1056 5343 1088 5394 18
1107 5345 1248 5396 adiubstB
1301 5345 1471 5413 locupletitB
1523 5345 1608 5395 itasB
1694 5343 1729 5396 90
1748 5346 1988 5414 targuvwol’

322 5429 411 5493 cupias
429 5428 453 5477 Β
592 5426 627 5479 93
648 5433 806 5497 amprosinm
823 5431 867 5480 Βιι
1006 5429 1040 5480 94
1063 5438 1088 5480 et
1111 5429 1185 5497 artis]
1207 5441 1233 5482 ot
1255 5434 1316 5482 estis
1333 5433 1365 5494 B,
1387 5442 1412 5483 ot
1437 5431 1662 5497 quodllsljllaortis
1687 5432 1713 5496 (a
1734 5433 1795 5496 del.)
1813 5433 1841 5497 V,
1863 5442 1890 5486 et
1914 5437 1985 5502 quod

322 5514 399 5563 sortis
412 5513 442 5573 L,
465 5524 490 5565 ct
508 5516 576 5580 quiid
595 5518 650 5566 cius
666 5518 700 5567 Ut
840 5513 874 5566 91
895 5517 979 5566 bonus
996 5516 1021 5565 B
1125 5519 1283 5584 approbatur
1298 5518 1322 5566 V
1456 5517 1490 5569 98
1508 5518 1630 5583 quioquid
1646 5517 1667 5565 V
1771 5520 1865 5585 putetis
1884 5520 1986 5573 conicio

323 5597 391 5665 qrrod
403 5596 461 5656 ΒΟ,
479 5616 529 5664 qno
548 5602 623 5648 reteri
