4500 6232
346 290 406 354 186
1019 286 1111 342 CCXL
1130 286 1264 356 (OPUSO.
1281 286 1318 354 4).

314 462 529 524 3auctorem:
553 480 692 545 quornm
715 466 825 525 tamen
841 460 990 547 probitas
1013 460 1105 525 libris
1120 460 1276 526 mandata
1298 460 1406 538 fuerit,
1431 480 1544 525 eorum
1559 459 1672 524 vitalis
1687 462 1741 525 est
1755 459 1878 527 obitus.
1909 457 2003 525 diost

341 563 477 627 forsitan
502 564 664 649 interpres
689 564 867 627 austerior:
892 563 1020 629 abiurat
1041 563 1294 649 praedicationis
1318 562 1527 628 dulcedinem
1551 562 1724 648 perfuncta
1745 582 1840 628 mens
1862 560 2002 627 saeculo
2112 600 2119 607 -

340 673 376 731 et
398 666 504 731 carnis
533 667 669 731 vinculis
690 667 856 732 absolutus
879 688 942 731 non
964 666 1147 745 desiderat,
1176 686 1260 752 quae
1290 666 1377 731 inter
1399 667 1525 731 ineerta
1547 664 1659 731 muudi
1682 665 1805 750 gessit,
1837 664 1996 752 agnoscis

340 767 399 834 sed
422 768 496 833 illos
520 769 680 835 humanus
704 791 817 835 carcer
844 772 914 835 sinc
944 771 1105 836 libertatis
1137 771 1309 856 dispendio
1339 769 1462 835 refudit
1492 769 1615 856 opifici,
1645 768 1724 834 dum
1752 769 1839 835 inter
1868 769 1998 856 polluta
2012 794 2089 845 perr

341 873 494 957 gradiens
518 873 658 939 nitorem
687 895 781 938 suum
812 875 920 938 anima
943 874 1006 940 deo
1029 883 1141 940 nostro
1170 876 1297 939 intenta
1319 873 1500 960 geminavit
1529 880 1563 939 et
1585 894 1645 958 per
1669 872 1898 937 mandatorum
1920 892 1999 937 oae-
2067 898 2081 937 a

341 975 471 1041 lestium
496 978 601 1041 lineas
624 977 863 1042 lenocinantem
888 977 984 1042 huius
1012 979 1093 1043 lucis
1123 999 1188 1043 non
1218 979 1321 1043 sensit
1352 998 1509 1042 errorem.
1554 975 1646 1041 nobis
1669 996 1747 1041 vero
1771 976 1836 1042 ista
1859 975 2000 1041 revivis-

343 1085 428 1160 cant,
452 1080 546 1144 nobis
570 1081 740 1166 profutura
764 1085 945 1155 serventur,
970 1081 1088 1166 quibus
1111 1081 1139 1145 si
1162 1081 1203 1145 ab
1228 1080 1336 1144 studio
1359 1079 1456 1145 deest
1477 1078 1597 1156 sectari
1618 1078 1767 1158 meliora,
1790 1078 1831 1144 de
1855 1078 2000 1159 illorum,

343 1184 399 1266 qui
422 1183 526 1248 facem
550 1184 806 1247 conversationis
830 1205 908 1249 suae
931 1183 1132 1269 praeferunt,
1155 1183 1268 1248 venire
1292 1181 1391 1247 debet
1413 1181 1576 1268 exemplo.

311 1287 329 1346 4
450 1287 499 1351 Tu
523 1294 643 1367 autem,
668 1287 864 1351 venerabilis
888 1287 974 1351 abba
988 1285 1117 1365 Leonti,
1141 1286 1250 1372 quiid
1274 1285 1352 1349 mihi
1376 1285 1485 1372 operis
1507 1284 1687 1365 iniunxisti,
1711 1283 1829 1350 adiuva
1848 1283 2000 1349 oratione

341 1388 535 1455 titubantem
552 1397 586 1456 et
604 1389 784 1456 siccitatem
801 1391 867 1455 stili
883 1396 1070 1454 sanctarum
1087 1411 1221 1476 precum
1236 1390 1340 1455 imbrs
1355 1390 1531 1476 locupleta.
1564 1389 1667 1455 facies
1683 1390 1781 1469 enim,
1805 1397 1840 1455 ut
1855 1387 1999 1469 confide,
2055 1416 2083 1455 ro

341 1493 464 1556 meritis
486 1494 708 1580 praecipuum,
731 1494 817 1580 quod
840 1494 975 1579 adgredi
999 1517 1050 1559 me
1068 1495 1139 1581 ipse
1155 1495 1289 1559 iussisti.
1328 1515 1464 1580 pronum
1482 1500 1534 1559 est
1548 1493 1742 1559 beatitudini
1758 1500 1836 1559 tuae
1852 1493 1999 1559 ieiunam

309 1597 559 1681 teloqucntiam
582 1598 730 1663 secundis
754 1599 959 1664 innocentiae
983 1598 1114 1663 ferculis
1137 1599 1307 1685 ampliare.
1345 1597 1470 1663 credite
1488 1597 1578 1676 mihi,
1600 1616 1660 1662 vos
1675 1598 1830 1684 respiciet
1845 1602 2000 1662 extortae

344 1708 402 1765 aut
424 1701 521 1785 culpa
542 1708 599 1765 aut
623 1702 739 1787 genius
762 1701 929 1783 dictionis,
963 1703 1057 1767 cuius
1080 1702 1143 1767 nisi
1166 1701 1384 1767 substantiam
1408 1701 1563 1787 religiosa
1585 1700 1781 1765 auctoritate
1805 1700 1998 1771 firmaveris,

342 1803 504 1868 videbitur
538 1804 650 1869 iudicii
685 1805 733 1870 tui
765 1805 882 1870 clauda
915 1805 997 1871 fides
1032 1806 1195 1891 delegisse
1228 1807 1336 1871 minus
1370 1804 1540 1886 idoneum,
1575 1804 1626 1869 oui
1660 1801 1838 1869 venerandi
1871 1803 1999 1869 laboris

343 1908 542 1993 provinciam
565 1908 767 1974 commisisti.
2053 1931 2082 1970 aa

572 2061 842 2129 DESCRIPTIO
872 2062 1012 2129 VITAE
1047 2060 1313 2129 BEATISSIMI
1347 2059 1519 2126 ANTONI
1554 2056 1776 2127 MONAOHI.

312 2183 331 2242 6
450 2180 553 2267 Igitur
577 2182 667 2248 beati
690 2182 813 2248 Antoni
837 2190 1027 2249 narraturus
1051 2183 1191 2270 insignia
1213 2184 1352 2270 primum
1378 2183 1483 2247 sancti
1507 2181 1641 2268 spiritus
1664 2180 1745 2246 mihi
1767 2180 1921 2246 maiestas
1945 2179 1998 2245 in-

344 2281 490 2347 vocanda
514 2291 574 2366 eat,
597 2291 633 2349 ut
656 2287 709 2371 qui
733 2287 825 2350 illum
849 2285 947 2351 rebus
970 2285 1104 2350 divitem
1128 2284 1217 2366 lecit,
1241 2306 1293 2349 me
1317 2285 1350 2349 in
1372 2284 1424 2350 his
1441 2284 1648 2370 explicandis
1671 2306 1730 2370 per
1744 2284 1878 2370 linguae
1903 2283 2001 2349 frena

343 2385 531 2451 moderetur
561 2393 595 2452 ct
623 2388 783 2453 labiorum
816 2389 929 2455 sordes
957 2389 1106 2474 profetici
1136 2389 1285 2455 carbonis
1315 2388 1441 2455 diluere
1469 2395 1611 2454 maturet
1639 2388 1808 2469 incendic,
1841 2408 1883 2453 nc
1915 2408 1996 2453 een-

343 2489 501 2554 scientiae
526 2491 655 2556 nebulis
679 2493 785 2558 lucem
802 2494 1057 2558 conversationis
1080 2493 1168 2558 illius
1192 2501 1249 2559 aut
1272 2492 1481 2580 amplissimis
1505 2514 1684 2578 pauperem
1708 2492 1827 2557 faciam
1842 2491 1998 2557 laudibus
2053 2525 2083 2564 ρο

312 2594 400 2655 'laut
422 2593 559 2657 iniantia
582 2603 696 2660 arente
719 2595 944 2661 devenustem.
991 2598 1196 2663 benedicitur
1218 2596 1355 2662 indivisa
1378 2596 1508 2661 trinitas
1529 2595 1613 2662 deus
1637 2603 1760 2677 noster,
1787 2595 1843 2681 qui
1864 2615 1997 2659 servum

346 2715 442 2759 suum
465 2694 644 2761 Antonium
668 2703 760 2764 tanta
783 2700 938 2763 virtutum
962 2700 1039 2766 dote
1063 2701 1235 2765 sublimem
1259 2700 1345 2763 circa
1367 2698 1509 2763 Danubii
1532 2699 1673 2763 fluminis
1696 2699 1783 2785 ripas
1806 2699 1839 2764 in
1862 2698 1997 2764 civitate

341 2796 477 2862 Valeria
493 2798 680 2865 Secundino
703 2808 797 2887 patre
827 2802 909 2866 lucis
934 2802 1029 2868 huius
1052 2804 1181 2867 ianuam
1205 2802 1302 2867 iussit
1326 2803 1457 2868 intrare.
1505 2801 1558 2886 qui
1583 2801 1731 2888 quamvis
1756 2801 1797 2866 de
1820 2799 1996 2887 splendore
2011 2834 2090 2883 pm

342 2901 500 2965 natalium
523 2905 741 2970 conscientiae
765 2906 860 2970 iubar
882 2906 1044 2981 hauserit,
1068 2916 1181 2972 tamen
1204 2907 1366 2991 fulgorem
1390 2905 1500 2992 stirpis
1525 2905 1722 2991 praecipuae
1745 2925 1870 2969 morum
1895 2902 1997 2968 radiis

342 3004 564 3083 obumbravit,
596 3007 728 3071 vincens
757 3008 911 3075 decorem
942 3011 1111 3095 sanguinis
1135 3011 1257 3095 ingenii
1281 3010 1444 3083 claritate,
1475 3009 1552 3074 dum
1583 3014 1809 3073 coruscantem
1837 3008 1998 3093 germinis
2054 3042 2081 3082 21.

343 3109 392 3172 sui
417 3109 601 3197 lampadam
625 3118 756 3176 actuum
780 3114 958 3179 serenitate
983 3115 1203 3189 transcendit,
1236 3120 1269 3178 ct
1298 3113 1402 3176 laetus
1428 3120 1478 3176 est
1502 3113 1605 3176 victor
1626 3112 1808 3176 stemmatis
1840 3111 1907 3189 sui,
1936 3133 1998 3197 per

310 3212 429 3295 8quod
460 3214 631 3278 universos
668 3216 836 3281 nascendo
865 3218 1040 3304 superavit.
1093 3218 1147 3301 qui
1180 3216 1257 3281 dum
1288 3215 1395 3280 adhue
1426 3214 1466 3280 da
1496 3215 1609 3279 matris
1637 3214 1799 3301 penderet
1826 3214 1996 3295 uberibus,

346 3336 443 3399 quern
467 3319 642 3401 praescivit
665 3318 717 3384 dei
740 3321 848 3404 gratia
870 3341 935 3383 non
959 3320 1099 3405 reliquit,
1124 3341 1185 3386 nco
1208 3341 1305 3406 passa
1328 3326 1379 3383 est
1401 3321 1532 3403 inopem
1555 3319 1676 3382 favoris
1693 3317 1836 3383 existere
1859 3317 1995 3404 dispen-

344 3419 427 3484 satio
452 3421 614 3495 caelestis,
638 3443 734 3506 quem
758 3422 1006 3486 remunerandis
1031 3422 1163 3507 plenum
1187 3423 1303 3487 studiis
1327 3421 1530 3506 adprobavit.
1575 3421 1629 3506 qui
1652 3442 1693 3485 ne
1718 3422 1821 3485 sancti
1844 3421 1997 3486 instituta

342 3525 499 3609 propositi
526 3546 586 3610 per
612 3532 783 3611 parentum
814 3524 1039 3589 blandimenta
1070 3526 1255 3609 frangeret,
1286 3544 1443 3588 annorum
1475 3523 1578 3588 fermo
1606 3533 1678 3588 oete
1707 3524 1865 3609 genitoris
1892 3526 1998 3590 tutela
2054 3560 2082 3599 a,

312 3624 485 3690 enudatos
509 3634 569 3691 est.
614 3650 692 3692 mox
715 3635 824 3692 tamen
846 3627 888 3692 ad
911 3628 1177 3691 inlustrissimum
1201 3628 1306 3691 virum
1323 3626 1517 3692 Severinum
1542 3628 1657 3712 ignara
1678 3627 1745 3692 fuci
1768 3633 1860 3692 aetas
1883 3628 1996 3693 evola·

342 3727 403 3801 vit,
431 3727 486 3812 qui
509 3727 586 3792 dum
610 3750 685 3794 curn
709 3731 867 3794 mulceret
888 3729 1028 3801 osculis,
1059 3730 1167 3793 futura
1197 3731 1228 3793 in
1256 3750 1360 3815 puero
1389 3730 1476 3793 bona
1504 3731 1595 3813 quasi
1627 3737 1794 3797 transacta
1815 3731 1996 3817 relegebat.

341 3830 403 3895 fuit
426 3831 530 3912 enim,
561 3831 653 3895 cuius
681 3833 807 3896 moritis
837 3832 917 3895 nihil
948 3839 1036 3896 esset
1065 3832 1304 3897 absconditum.
1350 3833 1406 3897 ille
1431 3832 1516 3896 hunc
1546 3833 1607 3896 sibi
1638 3833 1782 3898 futurum
1804 3834 1996 3919 participem

341 3936 397 4021 pia
418 3936 541 4020 ubique
564 3957 643 4000 voce
666 3936 895 4022 praedicabat.
926 3936 1041 4015 oredo,
1070 3943 1106 4000 ut
1129 3937 1315 4022 incipientis
1340 3936 1487 4000 tirocinia
1511 3958 1588 4021 spes
1611 3935 1803 4001 adnuntiata
1830 3935 1998 4002 solidaret.

293 4036 330 4096 10
453 4038 519 4103 Sed
542 4046 716 4125 postquam
746 4039 862 4103 beatus
888 4040 935 4103 vir
964 4038 1115 4103 humanis
1144 4040 1242 4104 rebus
1274 4046 1447 4124 exemptus
1474 4046 1542 4117 cst,
1572 4039 1744 4104 Constanti
1774 4039 1928 4103 antistitis
1956 4060 1997 4105 ea
2053 4078 2080 4116 μ

344 4147 543 4228 tempestate
567 4142 788 4206 florentissimi
811 4143 941 4206 iunctus
966 4143 1130 4228 obsequiis
1154 4142 1306 4226 gloriosis
1330 4142 1486 4228 operibus
1509 4143 1595 4206 vitae
1619 4140 1804 4207 rudimenta
1820 4140 1996 4208 dedicavit.

345 4244 496 4329 quicum
528 4245 615 4311 inter
645 4245 888 4311 ecclesiasticos
919 4254 1116 4334 exceptores
1144 4247 1321 4312 caelestem
1350 4246 1498 4309 militiam
1531 4246 1624 4309 iussit
1652 4245 1762 4312 ordiri.
1808 4251 1879 4311 erat
1908 4245 1997 4311 enirn

294 4352 327 4411 ll
345 4347 540 4412 venerabilis
564 4350 719 4414 sacerdos
735 4349 858 4413 Antoni
883 4352 984 4415 nostri
1008 4358 1155 4436 patruus.
1194 4348 1251 4413 scd
1276 4369 1452 4433 numquam
1475 4349 1530 4413 ille
1555 4349 1737 4433 magisterii
1761 4350 1902 4433 rigorem
1918 4369 1997 4413 con·

344 4452 575 4535 sanguinitatis
603 4453 677 4537 lege
705 4454 846 4519 mollivit
869 4475 930 4519 nec
953 4454 1033 4518 fecit
1055 4473 1205 4517 securum
1229 4452 1270 4516 de
1294 4451 1537 4517 necessitudine
1560 4451 1757 4537 discipulum
1782 4474 1848 4518 nen
1871 4453 1998 4527 timere,

344 4555 397 4619 cui
424 4555 562 4639 gratiam
589 4555 732 4620 doctoris
766 4558 828 4620 nisi
860 4578 1000 4622 censura
1026 4577 1091 4620 non
1120 4544 1293 4641 praestitit.
1347 4561 1457 4618 tantus
1488 4556 1548 4619 luit
1576 4556 1662 4619 circa
1691 4562 1890 4621 sectatorem
1920 4555 1995 4620 dili·
2051 4592 2080 4630 so

343 4658 474 4744 gantiae
491 4656 621 4737 modus,
646 4665 800 4744 quantum
824 4661 946 4724 iudicia
962 4660 1185 4725 contulerunt:
1210 4658 1361 4722 meritum
1386 4679 1479 4722 suum
1503 4659 1535 4722 in
1558 4658 1641 4725 facie
1658 4661 1827 4725 monitoris
1850 4660 1994 4745 agnovit.
2010 4690 2031 4733 a.
2046 4684 2089 4726 sa

294 4760 403 4828 l2sed
431 4763 495 4827 iam
520 4771 728 4848 peccatorum
756 4765 994 4829 consummatio
1018 4763 1197 4828 Pannoniis
1221 4761 1405 4827 minabatur
1428 4763 1606 4843 excidium,
1634 4763 1698 4826 iam
1728 4762 1857 4827 succiso
1884 4760 1996 4827 radice

346 4866 549 4931 substantiae
574 4868 717 4953 regionis
741 4870 827 4932 illius
856 4876 961 4934 status
990 4869 1024 4932 in
1052 4890 1190 4955 pronum
1221 4868 1411 4933 deflexerat.
1457 4890 1517 4953 per
1545 4869 1694 4932 incursus
1723 4869 1809 4933 enim
1834 4869 1996 4933 variarum

423 5041 448 5048 --
457 5042 495 5048 -
505 5042 536 5051 ..-
544 5043 569 5050 .-
577 5042 748 5051 ....—.-..——..-

446 5157 463 5209 ‘2
481 5161 635 5212 dulcidinem
647 5160 672 5210 Β
770 5160 787 5212 3
805 5164 871 5213 inter
889 5159 995 5227 incerta]
1014 5163 1110 5214 incerta
1128 5161 1178 5226 (ter
1194 5165 1221 5214 in
1239 5179 1294 5228 rap.
1308 5158 1365 5226 lira)
1378 5161 1403 5211 B
1468 5164 1594 5227 agriosois.
1614 5163 1659 5215 sed
1670 5163 1696 5213 B
1794 5161 1944 5213 dliberstis
1955 5160 1998 5213 131

343 5247 441 5312 opificis
454 5246 478 5295 Β
596 5245 610 5295 1
631 5248 704 5298 uobis
723 5287 748 5298 ..
768 5250 931 5300 reuiueseant
949 5249 974 5297 in
994 5248 1073 5298 littero
1086 5248 1111 5297 B
1188 5246 1232 5313 ab]
1250 5248 1293 5299 ab
1409 5246 1487 5312 liqui
1506 5245 1540 5311 idl
1558 5250 1620 5314 quid
1633 5247 1740 5299 ΒΙΛΤ1
1857 5246 1890 5299 16
1907 5248 1999 5314 incipit

342 5334 472 5399 discriptio
485 5373 490 5384 .
503 5372 508 5383 .
521 5373 525 5383 .
537 5372 543 5384 .
557 5332 664 5383 BVLT
741 5334 808 5384 uitae
820 5350 869 5385 om.
882 5333 907 5383 B
1025 5330 1056 5384 17
1073 5336 1171 5386 anteuil
1188 5334 1282 5386 Vtro
1346 5335 1452 5401 spiritus
1469 5336 1551 5386 sancti
1564 5334 1644 5387 Siras.
1761 5333 1795 5385 19
1812 5335 1954 5403 prophetici
1970 5334 1999 5395 V,

344 5419 433 5484 prollci
444 5417 469 5467 B
583 5417 618 5468 ‘26
635 5420 770 5471 stimmstis
781 5418 807 5468 B
930 5418 964 5469 aa
981 5420 1092 5485 reliquid
1103 5419 1128 5469 B
1244 5419 1279 5471 29
1296 5421 1449 5488 approbauit
1464 5418 1486 5468 V
1596 5419 1631 5473 33
1649 5422 1713 5473 nilril
1732 5449 1764 5458 -
1782 5422 1853 5473 huno
1870 5422 1892 5472 si
1909 5419 1998 5485 (tunsi

344 5520 401 5568 sap.
414 5503 459 5553 lia.
475 5503 500 5568 c)
519 5503 547 5553 ia
565 5495 645 5555 littera
658 5503 683 5554 B
785 5502 821 5556 35
838 5506 980 5557 corumtia
997 5506 1125 5557 antestitis
1137 5505 1170 5568 B,
1188 5507 1324 5559 constantii
1341 5507 1463 5560 arrdstitis
1475 5510 1549 5561 ceteri
1652 5509 1687 5561 36
1704 5512 1825 5579 operibus
1842 5511 1871 5577 (b
1887 5528 1919 5564 aa
1935 5509 2000 5577 s)B

344 5584 379 5639 ³8
397 5588 495 5639 sutona
512 5587 606 5639 VLTO
672 5590 819 5659 magesterli
831 5588 857 5641 B
959 5589 995 5641 4⁴2
1012 5591 1063 5643 ism
1080 5591 1180 5643 succisa
1192 5591 1225 5657 Β,
1242 5608 1302 5645 nam
1319 5594 1420 5647 suec&
1436 5595 1512 5649 ceteri
