4500 6232
301 277 343 338 55
1004 269 1041 324 rc
1060 268 1196 337 (opusc.
1214 268 1251 336 a).

300 454 357 511 aut
387 465 546 531 sequaces
574 452 631 510 aut
662 443 802 530 praevii,
832 464 893 528 pcr
921 464 1003 529 quos
1032 441 1088 508 ille
1117 447 1174 506 aut
1204 442 1332 507 exeruit
1358 460 1442 526 quae
1475 440 1618 506 babebat
1646 441 1757 509 toxica
1785 450 1843 509 aut
1873 463 1959 529 quae

229 553 287 615 126
300 549 471 615 effundens
488 548 682 613 monstravit
700 546 838 633 accepit.
877 546 1058 632 postillam
1079 543 1304 609 inlecebrosae
1328 545 1565 609 communionis
1588 544 1750 610 maculam
1774 554 1809 612 et
1831 552 1959 634 pestem

299 660 370 718 totc
393 652 473 718 orbe
496 651 737 717 exsecrabilem
761 648 948 714 sacerdotes
970 649 1023 714 dei
1047 649 1139 734 quasi
1163 647 1313 713 obsoleta
1337 655 1532 734 conparatos
1557 649 1786 715 communione
1806 651 1958 738 culpatis.

300 778 373 822 reos
395 756 518 842 putatis
541 775 616 820 esse
640 754 695 839 qui
719 753 848 819 subiere
877 754 1075 819 consortium
1105 752 1195 817 nullo
1228 757 1314 817 teste
1344 751 1502 833 convicti,
1531 759 1565 816 et
1591 754 1763 819 sectamini
1793 754 1959 821 hominem

230 861 289 923 127
303 866 371 926 tcto
395 859 639 925 ecclesiasticae
663 857 897 943 inscriptionis,
920 878 985 923 non
1008 857 1115 922 dicam
1139 856 1228 937 stilo,
1259 855 1317 920 sed
1340 876 1419 921 ense
1445 856 1637 942 perfossum.
1682 857 1769 943 quod
1792 859 1872 924 licet
1892 878 1959 925 non

145 995 198 1040 ms,
213 963 388 1039 ⁴mendicet,
413 971 446 1028 et
468 962 555 1049 quod
578 983 643 1027 non
667 962 746 1026 licet
767 962 855 1028 licet.
894 960 1178 1046 ‘quemadmodum
1202 960 1334 1024 Iamnes
1358 965 1392 1024 et
1414 958 1580 1025 Mambrae
1604 961 1794 1027 restiterunt
1816 961 1959 1035 veritati,

159 1046 349 1166 1{pqssuf'msic
373 1075 407 1133 et
429 1088 486 1132 vos
509 1072 618 1131 mente
643 1065 775 1151 reprobi
799 1064 884 1129 circa
914 1063 1029 1141 fidem,
1061 1063 1246 1150 proditores
1275 1063 1421 1149 protervi
1449 1062 1552 1128 inflati
1579 1071 1727 1130 amantes
1754 1066 1958 1152 voluptatem

176 1171 197 1213 ⁸·
210 1171 231 1213 ⁴·
245 1174 265 1213 ⁵·
302 1172 407 1257 magis
423 1190 520 1256 quam
539 1169 647 1247 deum,
670 1167 830 1232 habentes
847 1167 989 1251 speciem
1005 1164 1136 1251 quidem
1152 1165 1295 1251 pietatis,
1319 1165 1472 1231 virtutem
1487 1175 1596 1232 autem
1611 1167 1715 1255 ipsius
1731 1168 1958 1254 abnegantes’.

302 1275 411 1341 ovim
443 1272 561 1339 doloris
592 1272 726 1352 interni,
763 1270 818 1356 qui
848 1268 962 1354 nequit
993 1267 1152 1353 expedire
1182 1267 1269 1353 quod
1301 1269 1469 1354 concepit,
1508 1271 1563 1355 qui
1593 1271 1764 1356 profundis
1792 1272 1958 1358 ingestum

302 1377 483 1443 visceribus
501 1375 653 1462 loquendi
670 1375 834 1454 affectum,
857 1393 954 1457 quem
973 1371 1156 1457 imperavit,
1178 1369 1350 1456 inrumpit!
1389 1371 1469 1436 nihil
1493 1372 1586 1438 vobis
1609 1373 1696 1439 ultra
1717 1375 1790 1461 plus
1813 1376 1959 1462 eloquar.
2010 1392 2033 1432 1⁰

303 1480 389 1565 quod
413 1480 624 1545 decretione
648 1484 806 1559 remanet,
830 1478 975 1541 lamenta
998 1472 1219 1561 subplebunt’.

231 1583 291 1647 128
411 1583 492 1648 Post
519 1582 601 1647 haec
631 1582 658 1645 si
685 1581 772 1645 inter
799 1599 914 1643 manus
944 1576 1144 1642 medicorum
1171 1578 1339 1642 curatione
1371 1580 1563 1664 aegrescitis
1586 1601 1647 1646 nec
1669 1582 1778 1666 aliqua
1799 1603 1820 1647 a
1842 1589 2040 1669 coeptoszs

304 1686 419 1751 salutis
443 1684 661 1751 consideratio
686 1705 743 1748 vos
767 1682 911 1763 reducit,
942 1681 1049 1746 saltim
1075 1681 1161 1746 orbis
1185 1691 1355 1767 parentem
1378 1684 1494 1749 urbem
1516 1691 1658 1750 vestram
1681 1685 1844 1773 respicite.
1889 1687 1961 1773 ipsa

304 1811 361 1854 vos
384 1796 460 1875 post
482 1789 670 1854 defensores
693 1807 768 1851 suos
792 1785 959 1871 apostolos
983 1805 1134 1849 maerens
1159 1782 1357 1870 adgreditur,
1386 1787 1459 1873 ipsa
1487 1789 1651 1874 conpellat
1672 1794 1721 1865 et,
1753 1790 1780 1853 si
1804 1789 1881 1875 quid
1910 1796 1960 1855 est

303 1892 436 1978 pietatis
460 1892 492 1956 in
516 1892 687 1978 reliquum,
711 1889 837 1954 orditur
859 1888 1073 1974 impetratura
1095 1909 1293 1953 sermonem:
2011 1909 2032 1948 n

232 1996 291 2059 129
413 1994 493 2076 ‘Me,
524 2016 622 2079 quam
650 1995 704 2059 dei
732 1994 849 2058 summi
879 1991 1003 2077 templa
1030 1992 1209 2078 repudiatis
1232 1992 1383 2058 fanorum
1406 1996 1545 2060 cultibus
1568 2003 1601 2060 et
1624 2015 1728 2061 novae
1752 1996 1835 2059 lucis
1857 1995 1962 2061 nitore

303 2100 468 2185 gaudente
497 2101 646 2164 fecerunt
673 2119 744 2162 esse
776 2096 1000 2182 conspicuam,
1033 2117 1130 2181 quam
1162 2102 1237 2182 post
1265 2099 1387 2163 sacella
1415 2098 1583 2164 sordentia
1610 2108 1645 2164 et
1673 2098 1776 2163 multo
1799 2097 1961 2185 pecudum

304 2205 381 2269 tabo
405 2204 530 2291 polluta
553 2203 595 2268 ab
619 2203 800 2268 hostiarum
824 2221 939 2264 cruore
956 2199 1108 2265 dominici
1126 2207 1159 2265 et
1174 2201 1345 2285 apostolici
1362 2203 1530 2288 sanguinis
1546 2201 1662 2268 effusio
1676 2202 1839 2288 purgavit,
1862 2222 1961 2287 quarn

305 2307 439 2372 reducta
471 2313 547 2394 post
584 2307 718 2392 longum
752 2305 876 2369 sanitas
914 2303 1053 2368 febrium
1084 2304 1162 2368 fecit
1192 2303 1330 2369 delubra
1362 2312 1611 2393 contempnere,
1652 2326 1749 2390 quam
1778 2305 1962 2371 avictimis

305 2411 459 2476 liberavit
475 2410 609 2491 oblatio,
633 2429 716 2495 quae
733 2429 848 2494 pacem
865 2406 988 2471 Christi
1004 2428 1065 2493 per
1084 2406 1243 2472 idolorum
1260 2407 1449 2474 inimicitias
1472 2409 1645 2495 adquisivi,
1669 2410 1721 2474 cui
1742 2429 1808 2475 non
1830 2409 1963 2475 fuerunt

235 2512 392 2602 130pene
420 2515 645 2580 numerosiora
674 2512 760 2577 dona
787 2532 884 2596 quam
915 2512 1065 2590 numina,
1099 2532 1195 2597 quam
1228 2511 1344 2596 religio
1381 2532 1441 2577 sua
1473 2511 1633 2577 reddebat
1660 2512 1752 2576 varia
1786 2509 1962 2576 devotione

304 2616 500 2699 mendicam,
524 2638 622 2703 quam
646 2620 777 2700 egestas
801 2622 1010 2701 oppresserat
1032 2615 1217 2700 frequentia
1241 2613 1326 2678 adis
1349 2615 1416 2679 suis
1438 2616 1600 2681 beneficia
1621 2615 1854 2702 postulantem,
1877 2635 1963 2700 quac

306 2719 423 2785 Curios
446 2720 627 2804 Torquatos
652 2718 821 2797 Camillos,
854 2739 935 2803 quos
964 2719 1104 2783 ecclesia
1130 2739 1194 2782 non
1224 2721 1449 2805 regeneravit,
1477 2726 1511 2785 et
1536 2720 1680 2806 reliquos
1702 2720 1777 2784 misi
1800 2720 1963 2806 plurimae

305 2824 405 2909 prolis
428 2823 605 2888 infecunda
629 2828 734 2887 mater
757 2821 797 2885 ad
821 2828 989 2897 tartarum,
1013 2821 1090 2886 dum
1113 2820 1282 2886 exhaustis
1305 2825 1449 2889 emarcui
1472 2823 1557 2888 mule
1579 2824 1648 2889 feta
1669 2822 1864 2903 visceribus,
1886 2822 1964 2908 quia

305 2925 425 2992 Fabios
453 2933 585 2990 servata
612 2927 717 3012 patria
747 2947 811 2990 non
842 2924 996 3003 redemit,
1031 2923 1142 2988 Deciis
1173 2924 1276 2988 multo
1305 2925 1423 2991 sudore
1455 2927 1560 3011 gloria
1590 2932 1685 3013 parta
1713 2926 1759 2990 nil
1788 2923 1962 3011 praestitit.
2013 2940 2035 2980 ‘a

238 3029 293 3090 131
309 3029 481 3116 profligata
504 3037 554 3094 est
576 3052 711 3116 operum
728 3030 799 3096 sine
815 3031 878 3096 fide
899 3030 1100 3094 innocentia:
1124 3031 1304 3095 criminosis
1320 3031 1449 3095 iunctus
1465 3036 1515 3094 est
1530 3030 1627 3114 aequi
1643 3029 1966 3107 observantissimus,

308 3134 385 3219 qnia
408 3133 572 3198 Christum
595 3134 775 3219 ignoravit,
803 3134 923 3218 Scipio.
969 3153 1029 3218 per
1051 3139 1153 3197 totam
1177 3133 1297 3198 vellem
1327 3134 1437 3198 stilum
1466 3132 1601 3210 ducere,
1634 3135 1662 3198 si
1684 3133 1820 3199 orbatae
1849 3137 1965 3218 pectus

309 3241 486 3321 pateretur,
510 3236 690 3301 infantiam.
735 3233 793 3300 sed
816 3236 960 3320 quisquis
984 3235 1228 3300 lamentationis
1250 3242 1415 3301 transacta
1437 3237 1566 3321 relegit,
1588 3236 1795 3301 lacrimarum
1816 3242 1967 3321 tempora

154 3333 294 3441 ¹⁸⁵,‘¹,;‚}¹{'{¹¹·
308 3337 437 3403 videtur
453 3346 578 3425 optare.
615 3359 710 3404 nemo
726 3338 868 3405 creditur
889 3336 995 3403 odisse
1019 3358 1156 3423 quorum
1178 3339 1338 3403 relatione
1362 3360 1427 3404 non
1449 3339 1602 3405 laeditur:
1626 3340 1681 3425 qui
1703 3340 1822 3404 siccam
1845 3338 1964 3403 facicm
1978 3352 2044 3403 nm

236 3441 297 3504 132
309 3440 350 3507 de
373 3442 511 3507 filiorum
534 3443 704 3508 funeribus
727 3444 876 3509 referens
898 3449 1024 3521 servat,
1054 3447 1144 3506 certo
1174 3447 1260 3507 teste
1285 3442 1485 3507 crudelitatis
1508 3444 1665 3528 arguitur.
1710 3443 1768 3507 illa
1789 3442 1964 3529 posteritas
2015 3456 2038 3496 ω

307 3546 381 3631 plus
409 3546 566 3611 maeroris
595 3545 713 3610 adtulit
739 3545 884 3632 perdita,
917 3566 1014 3632 quarn
1043 3545 1255 3611 iucunditatis
1284 3547 1458 3631 adquisita.
1503 3547 1690 3632 relegamus
1714 3552 1823 3612 tamen
1847 3543 1965 3631 quibus

307 3653 434 3712 mutata
467 3649 531 3713 sint
561 3648 624 3713 ista
652 3648 867 3714 successibus.
921 3670 999 3714 ecce
1029 3649 1092 3713 iam
1126 3648 1160 3712 in
1194 3647 1249 3713 illo
1284 3650 1427 3714 sacrario
1462 3651 1624 3716 libertatis
1660 3650 1742 3715 nihil
1772 3648 1892 3715 servile
1922 3647 1964 3713 dc

309 3750 469 3817 idolorum
493 3751 634 3816 cultibus
657 3752 836 3817 invenitur:
871 3773 947 3817 ecce
972 3753 1131 3818 honorum
1155 3774 1293 3832 corona,
1323 3754 1410 3819 orbis
1433 3755 1565 3839 genius,
1588 3755 1649 3819 flos
1671 3752 1857 3833 Romanus,
1880 3772 1965 3839 quae

308 3855 365 3920 diu
381 3862 537 3920 venerata
560 3863 611 3920 est
632 3857 731 3941 plena
753 3858 928 3922 sanctitate
951 3858 1058 3922 calcat
1080 3857 1213 3922 altaria:
1238 3878 1315 3921 cccc
1339 3855 1404 3921 iam
1428 3857 1517 3922 curia
1538 3878 1613 3922 rnea
1629 3856 1671 3923 ad
1687 3857 1817 3923 caelum
1831 3860 1966 3920 vocatur

310 3958 463 4024 laudatur
484 3958 653 4044 accipitur,
683 3980 743 4023 nec
772 3980 906 4045 possum
933 3959 1058 4041 dicere,
1090 3960 1272 4047 perdidisse
1295 3982 1347 4026 me
1370 3961 1517 4027 sobolem
1540 3968 1614 4048 post
1635 3960 1774 4047 gratiam
1797 3956 1965 4046 baptismi,

239 4060 298 4121 133
311 4082 408 4146 quam
426 4061 478 4125 vel
495 4060 667 4146 repentina
682 4082 769 4127 mors
792 4062 937 4128 abstulit.
972 4064 1094 4128 multos
1111 4063 1298 4128 trabearum
1321 4070 1355 4128 et
1378 4065 1539 4129 cumlium
1562 4083 1770 4151 possessores
1793 4082 1966 4149 supremus

311 4170 463 4250 regnator
478 4165 548 4228 sine
563 4163 734 4249 dispendio
749 4165 856 4230 cultus
871 4172 929 4230 aut
950 4166 1120 4253 dignitatis
1143 4169 1364 4254 amplectitur.
1402 4190 1488 4255 pene
1512 4170 1577 4234 iam
1599 4169 1721 4235 terreni
1743 4167 1968 4233 munificentia

310 4267 464 4353 triumphi
486 4267 630 4332 divinum
653 4276 816 4334 mercatur
838 4269 1007 4352 affectum,
1040 4277 1074 4336 et
1095 4271 1158 4336 hoc
1180 4271 1220 4336 ad
1245 4270 1365 4335 Christi
1388 4273 1529 4358 gratiam
1556 4272 1699 4360 proficit,
1729 4270 1816 4358 quod
1843 4269 1966 4336 mundo

311 4370 448 4436 studetis
478 4392 552 4436 esse
580 4371 797 4438 venerabiles.
841 4374 990 4454 mentior,
1018 4375 1082 4438 nisi
1111 4395 1217 4460 egena
1247 4375 1379 4460 agmina
1407 4377 1596 4441 consulatus
1624 4376 1725 4441 vestri
1756 4375 1789 4439 in
1821 4372 1967 4439 subsidio

311 4474 512 4540 miseriarum
547 4476 791 4560 praestolantur
825 4476 1011 4542 adventum.
1064 4478 1185 4544 etenim
1219 4498 1363 4564 purpura
1396 4485 1519 4559 vestra,
1559 4500 1625 4565 qua
1658 4480 1735 4545 anni
1768 4477 1966 4544 vocabulum

415 4714 579 4784 2accipitB
688 4716 706 4769 3
722 4720 892 4771 execrabilem
911 4718 936 4769 V
1002 4720 1066 4771 deus
1077 4719 1124 4770 B⁰
1193 4721 1307 4772 obsoleta
1324 4717 1372 4784 Tu,
1390 4721 1499 4772 obsclita
1517 4722 1592 4773 ceteri
1660 4728 1820 4789 compactos
1835 4719 1889 4785 VB,
1905 4738 1966 4772 cou-

312 4812 414 4872 potatos
425 4804 460 4868 B,
476 4812 621 4873 corporatos
639 4804 703 4856 Tin
715 4807 751 4857 lit.
769 4815 792 4857 et
804 4806 908 4870 Hartsl,
926 4815 1042 4873 operatos
1056 4807 1091 4857 Cb
1177 4804 1383 4859 5eclesiasticae
1401 4806 1611 4859 inscribtionisB
1663 4823 1744 4860 cnse·
1757 4806 1783 4857 B
1868 4804 1964 4857 diurn·

312 4891 352 4942 nls
367 4888 514 4942 mnan
609 4892 729 4943 membris
741 4889 789 4956 13¹,
811 4893 932 4944 membris
950 4893 1025 4944 ceteri
1120 4891 1213 4944 6-24
1232 4911 1280 4945 orn.
1299 4893 1321 4945 S
1454 4891 1469 4943 7
1487 4895 1600 4962 proterbi
1618 4892 1662 4944 B⁰
1793 4891 1812 4943 9
1829 4893 1925 4959 nequid
1941 4891 1978 4951 Β,

313 4975 343 5027 ll
357 4978 516 5046 supplebunt
530 4976 555 5027 V
651 4974 883 5045 12segrescitesB
943 4987 1059 5046 accepto
1069 4979 1102 5042 B,
1119 4990 1209 5047 coepto
1222 4982 1297 5032 ceteri
1396 4978 1429 5030 13
1440 4980 1525 5031 saltim
1536 4979 1567 5042 B,
1584 4980 1674 5033 saltem
1686 4980 1761 5033 aeri
1860 4975 1892 5028 17
1904 4994 1965 5046 gau·

312 5063 413 5116 denmm
432 5062 491 5115 cPo
581 5065 749 5131 conspicuum
765 5061 835 5114 BV¹
975 5063 1007 5116 18
1029 5067 1120 5118 effusio
1137 5064 1178 5116 1²2
1195 5075 1218 5118 et
1237 5064 1329 5129 sirm„
1354 5067 1480 5118 effirsions
1502 5066 1562 5117 libri
1579 5067 1655 5118 celeri
1741 5065 1891 5134 repurgavit
1906 5066 1966 5125 forr.

311 5147 344 5200 al
363 5150 453 5218 religio
465 5147 521 5216 sus]
534 5151 669 5218 religiosus
681 5150 760 5202 Simu.
858 5149 1212 5218 wormacienses
1309 5150 1344 5203 ‘23
1360 5153 1448 5204 curius
1459 5152 1760 5218 torquatuscamellosB
1853 5149 1967 5204 ΜΝ

311 5243 396 5288 turum
411 5234 438 5287 B
580 5234 615 5287 25
635 5236 720 5288 fabius
735 5236 761 5286 B
863 5235 911 5304 nil]
934 5239 978 5289 nih
994 5238 1039 5289 Βοι
1177 5237 1211 5290 26
1233 5239 1362 5290 criminosi
1383 5256 1441 5305 arcp.
1460 5239 1504 5290 lin.
1524 5257 1536 5289 s
1556 5237 1581 5288 V
1679 5235 1794 5305 iunctm]
1821 5239 1908 5290 luntas
1923 5236 1968 5287 B·

312 5316 347 5371 27
371 5322 460 5374 uellim
476 5323 501 5373 B
596 5323 689 5375 ducere
712 5339 764 5375 non
786 5324 890 5376 orbatae
909 5332 999 5392 pectus
1021 5325 1147 5377 sustinere
1172 5334 1301 5393 pateretur
1316 5325 1368 5375 An
1505 5322 1540 5376 28
1560 5323 1697 5391 hamach]
1723 5333 1779 5378 scta
1804 5341 1860 5392 asp.
1878 5324 1925 5376 tin.
1943 5322 1968 5374 B

312 5402 347 5456 29
369 5406 805 5475 ounaeB,flto‹1nss(fiaaa
831 5409 876 5460 lin.
902 5410 931 5460 in
953 5428 1003 5477 neg.
1025 5408 1150 5475 cmlv,
1181 5428 1233 5462 nou
1259 5410 1343 5462 odisse
1367 5410 1472 5476 reliqus',
1501 5426 1549 5461 nos
1574 5410 1615 5462 nel
1639 5428 1690 5462 non
1715 5410 1798 5463 odisse
1822 5408 1886 5461 lad
1909 5410 1967 5460 tc.

312 5488 524 5561 302rgnsturB
625 5493 805 5548 dlattnlitl'
902 5493 1073 5550 332me⁰
1175 5494 1410 5570 35perdedisscB
1513 5492 1728 5567 uesclusloda
1832 5490 1967 5569 atalgot

314 5577 437 5631 ΜΒ·
538 5577 573 5633 38
590 5580 735 5653 prosecitB
