4500 6232
208 274 268 335 224
560 266 730 323 (flami
747 264 870 327 (artat.
886 268 914 327 s.
932 268 975 333 111)
993 296 1027 306 -
1044 264 1242 322 cccxxxvii
1261 264 1386 331 (sam.
1401 266 1429 327 6.
1444 266 1500 333 111

206 460 364 508 terrarum
387 454 481 529 parte
504 442 583 505 risit
610 440 779 519 adfinitas,
812 462 874 506 nec
905 452 1099 527 separantur
1127 440 1318 525 regionibus
1347 438 1551 527 parentellae
1580 452 1704 503 caten
1736 436 1878 501 meisa

207 546 331 611 credite
361 547 456 611 mihi.
485 545 618 609 dileetio
645 560 761 609 saneta
790 565 856 609 non
885 544 1014 630 deperit
1040 567 1101 610 nee
1130 544 1232 608 ullum
1263 544 1387 629 patitur
1414 564 1476 629 per
1495 542 1676 607 avimus·
1703 542 1878 607 ‘niun

208 667 323 714 natura
345 650 565 737 dispendium.
610 670 685 713 uam
707 670 866 733 generum
890 658 1034 713 teatrum
1058 656 1185 713 tantum
1207 647 1288 712 mihi
1311 646 1470 711 noveritis
1492 646 1640 711 mrintis
1664 644 1877 733 inpendere.

174 754 362 838 'lquantum
385 753 427 817 ad
451 750 705 818 vicissitudinem
729 751 820 816 nulla
842 752 1024 817 satisfactio
1045 752 1169 817 existat
1191 750 1320 816 idonea.
1357 750 1444 837 qnod
1462 760 1624 836 superest.
1645 749 1789 815 domina
1812 750 1876 815 ni.

203 859 401 943 arripientes
424 858 558 922 debitae
581 856 788 921 salutationis
811 856 984 933 affectum,
1014 855 1111 920 deum
1141 876 1273 942 precor,
1302 864 1339 918 ut
1366 855 1400 918 in
1424 855 1510 919 bono
1531 862 1667 919 mutuae
1689 854 1876 919 felicitatis
1941 874 1954 909 ⁵

205 960 335 1023 ridendi
366 983 422 1024 sos
452 960 658 1024 casesasionem
690 958 841 1025 conferre
873 958 1043 1045 dignetis,
1079 968 1241 1045 quatenus
1274 959 1336 1024 sub
1367 957 1631 1024 confabulatione
1661 960 1782 1023 sotira
1812 959 1876 1045 pis

203 1062 368 1129 desideria
390 1064 615 1129 subleventur.

773 1283 1010 1355 btuxxvl
1034 1288 1145 1371 (at’tsr.
1165 1292 1196 1367 o,
1223 1290 1286 1371 ta).

793 1481 1031 1555 ENNODIVS
1067 1479 1270 1555 FAVSTO.

177 1649 186 1705 ¹
321 1631 509 1744 Postquam
539 1658 712 1723 desideriis
741 1660 823 1723 meis
851 1656 983 1723 videndi
1014 1678 1072 1722 vos
1102 1655 1242 1720 facultas
1270 1656 1384 1742 elapsa
1411 1664 1477 1732 est,
1508 1658 1626 1721 iterum
1653 1656 1697 1723 ad
1727 1658 1874 1723 litteras

206 1783 298 1826 mens
322 1763 469 1828 ret'ertit:
499 1764 628 1849 cogitur
655 1762 839 1828 abiuratum
863 1782 1000 1847 [rosceto
1023 1761 1175 1846 paginale
1200 1759 1381 1824 subsidium
1406 1766 1439 1825 et
1461 1762 1643 1825 institutam
1665 1761 1873 1827 melioribus
1929 1794 1957 1833 ι.

206 1865 310 1950 copiis
333 1867 472 1930 animam
497 1867 588 1952 quasi
614 1867 738 1931 vilioris
767 1866 830 1930 cibi
859 1866 948 1930 alere
976 1874 1033 1929 aut
1056 1872 1244 1930 sustentare
1269 1865 1464 1929 conmercio.
1509 1885 1650 1950 equam
1671 1885 1778 1949 grase
1802 1874 1874 1931 est.

205 1968 354 2053 quotiens
374 1970 472 2033 variis
489 1970 744 2035 necessitatibus
767 1969 1003 2054 olisequontcm
1026 1968 1166 2053 fugitiva
1182 1968 1318 2032 libertas
1340 1966 1379 2031 ad
1401 1988 1486 2032 nota
1501 1967 1648 2031 instituta
1662 1966 1873 2031 transducit!

207 2092 291 2156 quac
322 2072 402 2136 dura
432 2081 508 2137 sunt
542 2074 786 2138 continuatione
817 2072 1025 2157 franguntur:
1057 2072 1195 2136 multum
1225 2071 1267 2137 de
1295 2071 1458 2157 gravitate
1487 2072 1596 2136 oneris
1626 2091 1705 2135 usus
1734 2070 1874 2137 incidit.

209 2175 329 2239 debilis
359 2176 507 2241 condicio
539 2176 579 2239 ad
609 2183 739 2261 optata,
768 2198 853 2261 quae
886 2198 950 2241 non
973 2182 1049 2240 sunt
1072 2197 1241 2255 mansura,
1273 2174 1432 2262 perducit.
1479 2175 1581 2241 levior
1603 2196 1673 2239 sors
1694 2182 1748 2239 est
1773 2176 1871 2240 curis

207 2277 338 2362 iugibus
354 2280 514 2364 occupati.
550 2279 612 2343 hoc
630 2300 701 2342 sum
718 2277 877 2343 infelicior
893 2288 1101 2365 peccatorum
1126 2278 1227 2345 fasce.
1251 2277 1336 2364 quod
1359 2277 1401 2342 de
1424 2278 1582 2343 bonarum
1606 2298 1715 2343 reram
1737 2298 1871 2363 sapore
1930 2308 1957 2347 rs

173 2381 344 2465 agustavi.
379 2381 436 2446 sed
455 2382 638 2447 hincalias.
672 2379 1066 2467 deorclinquendasunt‚
1090 2403 1174 2466 quae
1193 2381 1335 2446 humano
1356 2380 1535 2446 remedium
1559 2382 1708 2446 nesciunt
1730 2380 1868 2447 babere

206 2484 350 2550 consilio.
396 2485 488 2550 vobis
518 2485 644 2550 interim
677 2485 894 2550 reverentiam
926 2485 1137 2549 salutationis
1167 2485 1349 2571 inpendens
1371 2486 1495 2550 reditus
1517 2486 1582 2551 mei
1604 2486 1715 2550 faeere
1738 2483 1872 2551 indicia

207 2611 271 2653 non
296 2588 403 2665 omisi,
426 2590 560 2674 cupiens
584 2590 652 2673 pari
678 2589 861 2675 scriptionis
884 2596 1013 2654 vestrae
1037 2589 1201 2654 hilaritate
1225 2589 1378 2654 relevari.

773 2894 1030 2965 ccsxxxvll
1053 2901 1164 2985 (setar.
1180 2904 1211 2980 6,
1228 2900 1296 2985 20).

803 3092 1040 3168 ENNODIVS
1068 3094 1269 3168 FAVSTO.

178 3253 188 3313 ¹
312 3236 492 3350 ignoratur
515 3267 674 3332 bonorum
697 3290 795 3354 sapor
817 3269 848 3332 in
873 3269 1056 3354 prosperis:
1089 3269 1142 3332 vix
1170 3268 1352 3333 dinoscitur
1375 3271 1507 3356 superni
1531 3269 1671 3356 qualitas
1695 3270 1869 3353 beneficii,
1929 3294 1959 3335 aa

205 3369 281 3433 dum
311 3376 457 3441 tenetur:
488 3378 563 3457 post
590 3372 820 3458 migrationem
851 3373 962 3457 cupita
991 3372 1197 3437 dulcescunt.
1242 3372 1398 3437 desiderii
1422 3373 1529 3458 pretia
1551 3374 1583 3437 iu
1608 3374 1759 3438 manibus
1783 3396 1870 3439 can-

204 3472 318 3537 stituta
341 3474 516 3538 nescimus.
562 3496 640 3539 vcra
668 3476 790 3555 fateor,
822 3474 977 3560 quamdiu
1000 3473 1160 3538 Ravcrm
1184 3496 1241 3539 vos
1265 3475 1395 3554 habuit,
1428 3476 1595 3541 sinistrum
1618 3496 1713 3541 omen
1736 3476 1871 3543 credidi

205 3577 349 3662 cogitare
373 3599 458 3664 quac
482 3578 603 3664 patior,
636 3600 696 3644 nec
719 3580 804 3643 inter
828 3599 881 3642 res
905 3575 1064 3641 secundas
1088 3578 1181 3663 quasi
1205 3579 1368 3663 malignus
1391 3579 1543 3665 propriae
1566 3579 1731 3643 felicitatis
1753 3579 1865 3647 inter-

79 3674 84 3683 ’
205 3702 290 3765 pres,
313 3701 398 3766 quae
421 3702 481 3767 per
503 3681 685 3746 absentiam
704 3688 846 3746 vestram
872 3680 1005 3745 evenire
1029 3686 1189 3767 poterant,
1213 3682 1388 3768 suspiravi.
1423 3704 1488 3747 non
1512 3683 1611 3748 debui
1634 3683 1752 3749 merita
1774 3706 1868 3767 ntea,

206 3785 233 3849 si
256 3785 298 3848 ab
322 3784 452 3849 homine
476 3806 540 3850 non
564 3806 751 3871 separarer,
782 3806 962 3869 agnoscere
986 3805 1047 3847 nee
1070 3784 1263 3869 intellegere
1286 3786 1459 3871 fugitivum
1483 3808 1575 3866 csse,
1609 3786 1696 3873 quod
1718 3790 1868 3854 sectanti
1927 3810 1956 3849 aa

174 3896 344 3974 'zpcccata
378 3888 552 3954 blanditur.
614 3887 673 3952 sed
706 3887 783 3973 quid
819 3888 1005 3973 epistolaris
1040 3888 1247 3953 concinnatio
1283 3891 1466 3975 castigatae
1502 3891 1674 3956 terminum
1709 3889 1871 3958 dictionis

206 3991 352 4057 excedit!
394 3994 479 4056 ierat
507 3992 559 4055 his
587 3991 685 4056 robus
714 3992 905 4069 medellam,
938 3993 1031 4056 cuius
1061 3993 1197 4079 imperio
1221 3993 1373 4057 universa
1396 3993 1605 4058 famulantur.
1650 4015 1713 4080 ego
1736 4001 1866 4077 tamen,

208 4103 342 4181 propter
365 4094 451 4181 quod
474 4094 660 4159 adtributae
683 4101 758 4158 sunt
781 4096 937 4182 paginae,
968 4095 1061 4191 calep
1091 4095 1276 4159 substantia
1307 4096 1467 4182 corporali
1496 4103 1529 4160 et
1558 4117 1618 4182 per
1646 4096 1729 4162 hacc
1752 4098 1871 4165 munia

207 4198 268 4262 sub
292 4198 346 4263 dci
376 4219 453 4285 ope,
487 4206 524 4262 ut
554 4199 754 4285 prosperitas
780 4206 888 4264 vestra
911 4199 1096 4278 nuntiatur,
1128 4205 1280 4284 expecto.
1326 4199 1467 4284 accipite
1492 4220 1570 4284 ergo
1595 4199 1754 4286 obsequia
1776 4222 1868 4283 mea,

208 4302 289 4365 etsi
313 4300 389 4385 quid
413 4302 499 4365 inter
522 4301 614 4382 haec,
639 4324 723 4388 quae
746 4324 874 4368 mecum
894 4304 964 4387 geri
981 4301 1152 4384 didicistis,
1177 4308 1314 4368 eventus
1338 4303 1457 4368 dexter
1479 4302 1645 4385 adtulerit,
1669 4304 1739 4369 sinc
1762 4303 1868 4372 dissi·
1927 4324 1958 4363 ³⁰

209 4406 398 4470 mulationis
420 4405 590 4470 obstaculo
614 4408 773 4474 nuntiate.

314 4681 328 4733 l
346 4684 465 4734 adfinitas
483 4683 526 4747 (ad
544 4684 571 4733 itt
584 4683 631 4747 lit.)
644 4684 677 4746 B,
699 4685 812 4735 affinitas
830 4683 852 4733 V
936 4685 1086 4751 1mretttillae
1099 4684 1132 4747 B,
1156 4684 1303 4751 pturatttelaa
1320 4683 1343 4732 V
1465 4683 1482 4734 ‘2
1500 4680 1607 4753 depcrit]
1625 4684 1731 4735 deberet
1742 4681 1776 4745 B,
1799 4685 1872 4751 parit

209 4772 274 4836 (sap.
288 4771 333 4821 lia.
352 4769 394 4827 dcl
412 4769 436 4818 V
519 4771 658 4822 diuisiones
671 4770 774 4833 Hartcl,
792 4771 926 4821 diuisiottis
944 4771 1004 4822 libri
1089 4772 1215 4822 itettarum
1228 4769 1288 4833 BV,
1306 4771 1399 4822 itinera
1412 4771 1490 4822 Siras.
1612 4767 1629 4821 4
1647 4766 1691 4835 mi]
1710 4768 1774 4819 mibi
1788 4766 1871 4822 BVL

209 4856 225 4907 f)
242 4858 392 4925 accipientia
405 4856 481 4908 BVL
551 4857 704 4908 fclicicitatis
718 4855 741 4905 B

313 4958 512 5027 [CCLXXXVl]
541 4960 574 5011 10
591 4961 755 5012 reuertiturb
856 4958 884 5010 ll
904 4960 987 5027 copiis
1001 4960 1025 5010 Il
1123 4958 1156 5011 15
1174 4960 1299 5012 bonarum
1318 4959 1459 5026 (accidit
1559 4958 1589 5011 17
1607 4955 1718 5025 interim]
1732 4959 1829 5012 iterum
1844 4960 1872 5012 B

212 5045 243 5097 18
260 5047 405 5099 scribtionis
417 5047 442 5097 lt

313 5148 522 5217 [cccxxxvii]
547 5149 583 5201 ‘20
599 5150 784 5216 dignosciturd
880 5145 1165 5214 camerancensis
1260 5146 1455 5203 stercorius
1516 5147 1681 5203 madalamV
1771 5145 1808 5200 29
1826 5146 1870 5217 ut]

208 5244 234 5287 at
247 5235 295 5302 131,
316 5235 420 5288 sosas
490 5235 651 5307 exspoctol'
751 5232 785 5284 30
802 5234 969 5289 dedicistisB
1037 5234 1192 5288 attularitV
