4500 6232
539 293 581 355 52
852 289 856 297 ·
1240 285 1276 341 n
1296 286 1429 354 (censo.
1447 289 1486 358 a).

538 463 626 548 ‘quia
639 461 730 526 beati
745 461 839 527 Petri
855 462 997 547 apostoli
1013 461 1154 526 vicarius
1170 462 1373 543 aestimatur,
1397 462 1578 549 prohibetis
1595 461 1794 526 archiatrum
1817 461 1887 526 eius
1910 461 2041 549 corpori
2061 459 2193 528 adferre

483 569 525 632 22
536 566 754 632 medicinam?
782 603 824 613 -
853 564 1015 650 quomodo
1039 585 1097 629 vos
1124 565 1253 628 animae
1283 563 1353 628 eius
1386 564 1586 629 curationem
1615 563 1772 629 exhibere
1799 562 1993 629 renuuitisl’
2038 585 2194 651 magnum

537 695 597 761 per
618 672 729 737 divina
751 671 924 737 ridiculum
948 692 990 737 an
1012 671 1155 736 maxima
1178 669 1323 734 lamento
1339 669 1403 732 sint
1417 670 1541 734 nescio.
1579 686 1638 731 vos
1654 667 1782 732 alienae
1798 667 1883 733 febri
1898 689 2009 733 curam
2025 668 2191 754 quaeritis,

537 797 596 841 vos
624 775 790 839 fatiscenti
820 776 948 839 animae
980 774 1155 840 medellam
1184 771 1334 837 adhiberi
1364 773 1481 859 cupitis
1510 779 1544 838 et
1572 771 1606 835 in
1634 770 1692 835 leti
1720 771 1931 856 proximitate
1963 772 2063 858 positi
2089 774 2192 839 vestri

538 880 745 943 immemores
768 877 809 942 de
832 879 968 943 alterius
992 878 1099 943 salute
1123 875 1289 942 tractatis!
1335 874 1462 959 quidsi
1485 874 1565 940 illud
1588 894 1667 940 vere
1690 872 1783 938 vobis
1803 875 1965 961 aprofeta
1987 875 2110 941 dictum
2132 877 2191 942 sit:

394 993 522 1048 nanu.
537 981 704 1068 ‘numquid
738 1002 853 1067 parum
882 988 934 1045 est
965 979 1051 1067 quod
1081 979 1213 1044 molesti
1240 979 1320 1043 estis
1346 977 1552 1058 hominihus,
1588 977 1719 1043 molesti
1749 978 1828 1042 estis
1857 983 1891 1043 et
1918 977 1982 1044 deo
2008 978 2113 1045 meot'
2158 986 2193 1045 et

343 1079 476 1133 ¹⁴⁸⁰·⁴’²³·
509 1086 676 1165 3iterum:
708 1083 861 1160 ‘medica
891 1105 969 1148 eura
995 1090 1028 1150 te
1056 1081 1194 1168 ipsum’?
1239 1081 1297 1147 sed
1320 1082 1395 1147 hinc
1420 1082 1513 1149 alias.
1557 1081 1722 1160 novimus,
1750 1080 1827 1165 quia
1855 1082 1965 1146 sanari
1987 1103 2053 1147 non
2081 1090 2193 1170 potest

354 1131 457 1237 1111011·
538 1189 761 1254 conclamatus
791 1194 825 1253 et
854 1187 1009 1274 inprobus
1040 1187 1073 1251 in
1108 1184 1305 1271 profundum
1334 1184 1514 1250 deveniens
1547 1185 1629 1249 mira
1659 1183 1846 1248 temeritate
1877 1187 2088 1273 contempnit.
2133 1186 2192 1252 sed

539 1291 637 1357 credo
660 1292 739 1355 vivit
761 1292 795 1355 in
818 1291 889 1356 istis
913 1298 946 1356 et
969 1292 1001 1356 in
1024 1291 1131 1354 malae
1155 1288 1411 1355 conversationis
1434 1309 1514 1354 suae
1537 1293 1641 1352 morte
1669 1286 1855 1369 consilium,
1884 1293 1919 1353 et
1944 1294 2053 1374 potest
2076 1295 2192 1376 optare

395 1409 448 1454 issa
458 1415 478 1464 s,
493 1415 525 1455 rs.
540 1395 612 1480 quis
634 1394 730 1460 alteri
751 1393 836 1480 quod
860 1394 930 1481 ipse
953 1395 1017 1458 iarn
1040 1391 1193 1479 perdidit.
1229 1413 1315 1457 nunc
1338 1399 1427 1457 recte
1443 1391 1538 1456 vobis
1562 1411 1636 1455 eum
1658 1390 1787 1476 profeta
1808 1390 1929 1456 dicam:
1963 1393 2084 1457 ‘omnia
2106 1412 2191 1480 quae

538 1498 681 1584 loquitur
703 1498 843 1586 populus
874 1498 935 1563 iste
967 1495 1148 1562 coniuratio
1176 1502 1239 1575 cst,
1272 1501 1306 1559 et
1332 1495 1481 1560 timorem
1509 1494 1580 1559 eius
1606 1515 1647 1558 ne
1679 1493 1824 1559 timeatis
1850 1515 1958 1580 neque
1987 1494 2191 1564 formidetis!

485 1603 524 1665 24
538 1602 681 1668 facessat
708 1623 728 1665 a
755 1601 847 1666 nohis
876 1602 930 1686 qui
958 1602 992 1664 in
1022 1600 1116 1665 vobis
1146 1605 1196 1664 est
1222 1596 1365 1685 pruritus
1396 1596 1460 1662 iste
1489 1598 1690 1683 linguarum,
1727 1618 1808 1681 quos
1836 1618 1915 1664 vere
1945 1598 2033 1664 idem
2062 1600 2194 1686 profeta

395 1719 520 1773 muner.
537 1706 661 1792 arguit:
696 1704 890 1771 ‘scribentes
920 1704 1112 1775 iniustitiam
1142 1699 1340 1789 scripsistis’.
1385 1721 1451 1766 non
1482 1722 1541 1766 nos
1567 1701 1702 1766 beatum
1724 1699 1877 1781 Petrum,
1908 1702 1992 1766 sicut
2018 1702 2146 1785 dicitis,
2173 1725 2193 1769 a

537 1809 668 1874 domino
706 1830 779 1874 cum
813 1807 901 1874 sedis
941 1808 1122 1895 privilegiis
1157 1807 1209 1872 vel
1250 1826 1458 1870 successores
1497 1805 1567 1871 eius
1607 1803 1766 1891 peccandi
1803 1805 1985 1870 iudicamus
2023 1807 2193 1873 licentiam

537 1912 736 1998 suscepisse.
789 1911 845 1976 ille
882 1932 1062 1997 perennem
1095 1910 1286 1975 meritorum
1321 1907 1430 1974 dotem
1465 1929 1538 1973 curn
1573 1908 1755 1973 hereditate
1788 1908 1994 1974 innocentiae
2027 1910 2117 1975 misit
2149 1909 2192 1976 sd

535 2020 699 2099 posteros.
744 2013 830 2100 quod
853 2014 902 2078 illi
926 2035 1117 2079 concessum
1141 2019 1193 2078 est
1214 2033 1273 2099 pro
1297 2018 1428 2076 actuum
1456 2013 1545 2093 luce,
1577 2010 1619 2075 ad
1648 2012 1723 2076 illos
1752 2012 1897 2098 pertinet
1926 2034 2008 2099 quos
2030 2034 2090 2100 par
2112 2034 2191 2080 con·

483 2118 523 2180 25
536 2118 732 2183 versationis
763 2118 920 2204 splendor
942 2118 1125 2182 inluminat.
1171 2117 1242 2201 quis
1272 2117 1359 2181 enim
1387 2122 1536 2180 sanctum
1564 2136 1638 2180 esse
1668 2114 1810 2198 dubitet,
1842 2137 1939 2200 qnam
1966 2138 2053 2204 apex
2079 2123 2192 2184 tauma

536 2221 706 2305 dignitatis
729 2221 871 2301 adtollit,
901 2222 934 2285 in
958 2241 1021 2305 quo
1045 2221 1072 2284 si
1096 2219 1204 2285 desint
1226 2220 1313 2285 hona
1335 2219 1500 2304 adquisita
1522 2241 1582 2307 per
1602 2219 1769 2295 meritum,
1793 2219 1959 2286 sufficiunt
1981 2241 2065 2307 quae
2086 2242 2108 2286 a
2129 2221 2227 2291 locis.

380 2333 522 2431 romssm
537 2323 713 2389 decessore
745 2330 972 2412 praestantur?
1025 2332 1082 2387 aut
1112 2324 1200 2388 enim
1234 2324 1340 2388 claros
1375 2323 1416 2387 ad
1446 2323 1529 2389 haec
1561 2323 1695 2408 fastigia
1724 2323 1823 2408 erigit
1849 2330 1906 2388 aut
1936 2324 1992 2409 qui
2021 2324 2194 2410 eriguntur

411 2397 499 2483 ffiiw.
535 2427 698 2492 inlustrat.
743 2428 929 2514 praenoscit
952 2427 1036 2492 enim
1062 2427 1140 2512 quid
1171 2427 1385 2492 ecclesiarum
1413 2426 1625 2492 fundamento
1650 2427 1692 2490 sit
1719 2426 1844 2509 habile,
1876 2447 1975 2514 super
2000 2447 2099 2513 quern
2121 2429 2194 2515 ipsa

481 2529 522 2592 26
535 2531 639 2597 moles
662 2531 820 2596 innititur.
866 2531 923 2595 sed
953 2531 1029 2596 hinc
1058 2531 1187 2596 actibus
1209 2530 1325 2596 vestris
1354 2530 1531 2595 caelestem
1560 2530 1741 2616 potentiam
1767 2531 1889 2617 putatis
1921 2551 1994 2595 esse
2023 2530 2191 2616 suffragio,

535 2634 622 2721 quod
638 2634 679 2698 ad
697 2635 894 2720 praesidium
910 2636 999 2700 beati
1016 2635 1158 2722 apostoli
1173 2634 1376 2715 adiutricem,
1399 2641 1435 2698 ut
1450 2634 1568 2714 dicitis,
1591 2633 1763 2700 dexteram
1785 2634 2007 2701 commodatis.
2044 2635 2192 2711 nescitis,

537 2736 660 2816 stolidi,
692 2737 794 2802 solem
822 2739 951 2804 facibus
979 2759 1044 2802 non
1071 2739 1176 2803 iuvari
1205 2760 1266 2804 nec
1297 2736 1337 2802 ad
1364 2737 1564 2824 praesidium
1591 2737 1726 2802 diurnae
1755 2738 1837 2803 lucis
1865 2738 2002 2823 lychnos
2029 2735 2191 2802 adcendit

406 2831 510 2938 ,f’ffffi'j'
543 2841 699 2925 seriptum
724 2842 809 2905 enim
834 2849 898 2905 est:
934 2845 1112 2906 ‘serutatur
1135 2841 1234 2906 corda
1258 2848 1291 2905 ct
1314 2862 1411 2906 renes
1435 2838 1539 2905 deus’.
1625 2880 1627 2884 -

483 2942 523 3004 27
646 2943 711 3008 Sed
736 2945 770 3007 in
792 2945 847 3008 illa
869 2952 961 3031 parte
985 2947 1057 3030 quis
1081 2945 1282 3031 argumentis
1306 2945 1423 3009 vestris
1447 2943 1567 3009 audeat
1596 2943 1810 3029 respondere,
1840 2944 1904 3008 nisi
1926 2943 2002 3029 quia
2025 2943 2096 3009 sine
2118 2949 2192 3009 arta

534 3047 652 3111 dicitur
673 3068 787 3112 verum
812 3055 845 3112 et
867 3048 948 3113 fides
971 3048 1140 3113 mendacio
1164 3068 1352 3114 sermonum
1375 3047 1501 3113 technis
1532 3047 1697 3111 adsuitur?
1743 3045 1820 3111 ‘cur’
1847 3049 1996 3134 inquiunt
2024 3047 2077 3112 ‘ad
2102 3048 2192 3135 prin·

533 3152 639 3238 cipem
669 3152 881 3231 convenistis,
915 3153 942 3215 si
970 3153 1075 3217 audiri
1105 3174 1170 3218 non
1200 3152 1321 3217 licebat
1349 3149 1553 3237 inpetitumt’
1599 3151 1645 3214 sic
1674 3169 1732 3213 vos
1760 3150 1793 3214 in
1823 3157 1989 3237 stuporem
2021 3152 2193 3239 pecualem

534 3255 663 3341 peccati
686 3254 807 3320 nebula
835 3261 892 3319 aut
920 3255 1048 3322 divinus
1078 3256 1194 3321 horror
1223 3255 1373 3336 oblimat,
1403 3261 1440 3320 ut
1470 3254 1688 3319 verecundam
1717 3255 1964 3320 excusationem
1991 3262 2049 3320 aut
2075 3254 2193 3322 fraude

482 3364 522 3428 28
536 3379 629 3424 mens
652 3364 764 3423 vestra
785 3364 934 3425 transeat
957 3367 1013 3425 aut
1036 3359 1207 3424 beluarum
1230 3379 1345 3445 pressa
1373 3358 1574 3424 hebetudine
1606 3379 1671 3423 non
1698 3364 1877 3443 agnoscat?
1922 3380 1964 3424 an
1992 3359 2077 3424 forte
2104 3358 2193 3425 aliud

533 3462 656 3549 putatis
677 3462 796 3543 fuisse,
826 3461 913 3546 quod
937 3461 1148 3545 dictumest,
1176 3464 1283 3550 ipsum
1311 3463 1465 3528 debuisse
1490 3462 1649 3549 synodum
1672 3483 1869 3543 convocare,
1901 3464 1993 3529 cuins
2017 3485 2100 3550 opus
2122 3470 2194 3530 erat

534 3565 661 3645 officio,
692 3572 729 3629 ut
756 3586 815 3630 vos
842 3565 997 3631 videlicet
1023 3588 1083 3652 per
1110 3566 1296 3652 pontificale
1325 3588 1465 3632 examen
1494 3567 1656 3632 sententia
1688 3566 1799 3630 divina
1826 3568 2037 3652 percelleret,
2066 3587 2149 3654 quos
2172 3589 2192 3633 a

534 3669 651 3755 capitis
673 3669 723 3732 sui
747 3689 894 3755 conpage
917 3669 950 3733 in
974 3668 1088 3732 salutis
1111 3669 1308 3736 detrimento
1333 3671 1464 3735 insanus
1486 3672 1597 3737 fervor
1619 3670 1824 3736 absciderat?

468 3762 522 3838 ’29
642 3770 724 3836 Post
746 3769 838 3836 Esau
866 3772 1065 3837 mentionem
1098 3773 1189 3858 operi
1217 3779 1327 3838 vestro
1356 3774 1467 3838 nescio
1496 3773 1604 3838 verbis
1633 3794 1675 3838 an
1703 3774 1874 3839 latratibus
1902 3774 2079 3856 indidistis,
2112 3794 2191 3840 eon·

533 3879 689 3959 parantes
705 3873 738 3936 ei
754 3874 933 3939 antistitem
950 3882 1106 3956 vestrum,
1129 3876 1184 3960 qui
1200 3877 1337 3941 senioris
1353 3882 1490 3942 naturae
1514 3875 1709 3943 beneficium
1732 3879 1828 3944 unius
1852 3879 1916 3944 cibi
1939 3879 2192 3945 commutatione

636 4097 651 4149 l
670 4098 803 4166 prohibitis
817 4097 842 4147 B
911 4099 1072 4151 aroheatrum
1084 4096 1156 4149 BV¹
1268 4098 1286 4150 2
1303 4102 1435 4152 rennuatis
1446 4100 1560 4166 BVLS,
1582 4103 1696 4155 renuetis
1708 4102 1768 4166 AT,
1789 4104 1897 4156 renuitis
1915 4102 1974 4155 clu
2092 4100 2191 4170 311111]

532 4194 593 4237 sunt
605 4182 692 4234 131V1
789 4182 807 4235 4
825 4185 954 4237 medillam
966 4185 1000 4250 Β,
1017 4187 1140 4238 medelam
1159 4187 1234 4238 ceteri
1332 4186 1485 4240 bimmorea
1497 4188 1522 4239 B
1591 4189 1715 4256 propheta
1727 4189 1752 4238 A
1816 4189 1849 4240 sit
1866 4190 1943 4240 emb
2046 4186 2064 4240 9
2081 4190 2155 4242 uiuet
2166 4188 2193 4240 B

535 4266 569 4320 10
586 4271 708 4337 prophete
721 4271 746 4320 A
870 4269 898 4322 ll
919 4273 1009 4324 dmors
1021 4271 1063 4323 B1
1149 4270 1243 4340 usquo]
1263 4289 1311 4325 nec
1325 4273 1383 4324 t'Pb
1510 4272 1543 4325 12
1562 4275 1652 4343 procul
1669 4276 1702 4325 sit
1720 4292 1737 4325 a
1754 4274 1829 4325 nobis
1850 4276 1959 4326 facessat
1975 4293 1992 4327 a
2007 4275 2082 4328 nobis
2099 4275 2145 4343 qui
2157 4274 2192 4339 B,

534 4358 642 4408 iaceam
659 4357 749 4424 procul
761 4374 776 4407 a
788 4358 862 4409 nobis
874 4376 889 4408 a
902 4359 976 4409 uobis
988 4359 1033 4424 qui
1044 4360 1066 4408 A
1121 4358 1267 4427 proritusB
1319 4360 1477 4427 prophetari
1566 4358 1599 4412 13
1616 4359 1789 4412 scribsistisB
1876 4357 1909 4411 15
1926 4361 2010 4412 dotem
2021 4359 2025 4427 l
2036 4361 2192 4414 esecumB

535 4439 569 4492 18
585 4441 679 4492 attollit
695 4441 740 4491 Vel
806 4444 955 4508 adquaesite
967 4443 993 4494 B
1090 4443 1125 4498 ‘20
1143 4447 1292 4499 eclesiarum
1304 4446 1330 4497 B
1427 4445 1459 4497 21
1478 4447 1552 4499 molis
1561 4447 1586 4498 B
1683 4445 1718 4498 22
1730 4447 1896 4498 commodatis
1906 4445 2014 4511 suat,
2031 4448 2192 4514 quomodstis

535 4535 588 4579 urst
603 4527 648 4577 lin.
659 4524 703 4577 132
788 4525 824 4578 23
835 4527 953 4596 lychnos]
966 4531 1050 4597 lignos
1060 4531 1094 4594 B,
1110 4532 1194 4598 lignea
1206 4549 1320 4597 napacr.
1332 4531 1406 4597 chV‚
1423 4532 1540 4599 licghnoa
1553 4532 1585 4597 L,
1602 4533 1701 4584 lichuos
1712 4534 1760 4584 rel.
1812 4534 1916 4585 accendi
1930 4532 1976 4584 VA
2066 4532 2191 4587 2411111-

532 4620 588 4663 tum
599 4612 626 4663 B
738 4610 773 4665 25
790 4614 884 4667 audeat
900 4617 1057 4682 argumentis
1076 4618 1195 4669 uestrisb
1308 4616 1343 4669 26
1360 4616 1471 4685 technis]
1494 4621 1578 4686 teguis
1599 4620 1697 4671 codices
1774 4619 1898 4671 adsnmur
1910 4619 1936 4670 B
2013 4622 2099 4690 tegula
2120 4624 2192 4675 fraus

533 4700 576 4751 uel
593 4700 709 4752 caliditas
721 4697 756 4767 (1)
772 4702 889 4754 adsmtur
904 4703 938 4765 A,
955 4703 1040 4769 teguis
1059 4705 1176 4757 adsuitur
1194 4704 1219 4754 id
1236 4714 1275 4756 est
1293 4707 1364 4757 fraus
1382 4707 1424 4757 uel
1442 4704 1603 4757 calliditasS
1704 4702 1738 4755 27
1756 4706 1844 4757 audire
1856 4704 1882 4756 B
1984 4703 2019 4758 28
2036 4708 2146 4761 nebulae
2158 4707 2192 4773 B,

532 4795 598 4840 rocta
614 4788 678 4853 fort.
748 4789 954 4840 excausatiouem
968 4788 992 4838 B
1056 4788 1153 4856 horror]
1173 4790 1278 4843 errorS
1381 4790 1416 4842 29
1434 4809 1507 4844 meus
1524 4788 1619 4858 uestra]
1635 4809 1779 4843 mensuram
1792 4791 1868 4844 Ales
1930 4792 2082 4846 hebitudine
2093 4795 2192 4848 codices

531 4869 563 4924 81
583 4873 673 4925 diuina
684 4891 732 4924 om.
747 4872 826 4925 Sis-m.
888 4873 1045 4942 percelleret]
1064 4878 1216 4944 precelleret
1227 4877 1260 4942 B,
1281 4879 1420 4946 percoleret
1435 4878 1480 4929 Vt
1584 4876 1618 4930 33
1636 4887 1721 4945 postes
1738 4879 1974 4944 augmentationem
1986 4878 2062 4931 ABS
2121 4882 2192 4934 inds-

532 4958 606 5012 disds
617 4959 643 5010 B
747 4957 783 5012 34
800 4957 922 5027 vestmm]
941 4970 1059 5013 nostmm
1078 4961 1159 5015 Siron.
1229 4965 1342 5016 seniores
1353 4963 1399 5014 Βιι

1365 5088 1446 5094 -----
1467 5088 1490 5093 .—
1498 5086 1628 5093 -—-.—

636 5161 670 5215 13
687 5161 756 5215 Acta
777 5177 835 5233 eyia
860 5178 880 5215 c.
895 5170 923 5216 9.·
952 5162 1027 5232 quod
1051 5181 1190 5235 possessor
1218 5165 1277 5220 eius
1305 5165 1399 5233 (sedhl
1426 5165 1568 5235 quondam
1595 5165 1695 5220 beatus
1719 5167 1816 5222 Petrus
1843 5168 1961 5232 meruit,
1988 5166 2018 5223 in
2040 5169 2192 5227 nobilitata

538 5246 718 5315 possessionis
735 5245 859 5302 accessit

636 5332 669 5386 at
687 5334 847 5403 swam
872 5332 1028 5389 semeso
1050 5336 1207 5402 (autea.
1225 5336 1352 5390 smus.
1370 5335 1420 5389 rs
1430 5351 1459 5404 p.
1477 5334 1611 5405 anxi·
1645 5337 1697 5393 hoc
1724 5339 1818 5410 param
1844 5357 1895 5411 pro
1921 5326 1980 5396 tim
2008 5342 2192 5414 (aymam)

532 5416 692 5473 defensione
715 5419 914 5485 clamantibus,
943 5421 1019 5490 qnod
1041 5439 1059 5476 o
1081 5424 1160 5479 nullo
1183 5423 1272 5493 possit
1293 5422 1434 5478 Romanus
1459 5421 1599 5492 pontifex,
1627 5424 1737 5479 etiamsi
1763 5427 1829 5482 talis
1854 5428 1892 5483 sit
1918 5428 2012 5497 qualis
2036 5433 2192 5495 accusatur,

532 5501 633 5557 audiri.
653 5533 685 5542 -
711 5504 816 5559 Relatio
837 5507 1014 5577 epitoniorum
1037 5507 1531 5578 odrepcrn(lbirl.l.c.1up.677):
1558 5526 1601 5563 ros
1623 5528 1695 5565 novo
1716 5516 1759 5566 est-
1783 5517 1812 5568 et
1834 5513 1994 5583 pontificem
2018 5514 2091 5569 sedis
2108 5515 2191 5571 istius

532 5588 608 5658 alind
629 5607 679 5642 uos
697 5591 788 5647 audiri
807 5594 885 5651 nullo
904 5598 1015 5651 constat
1032 5596 1168 5666 exemplo.
