4500 6232
741 272 876 329 ccxxvi
894 272 1017 341 (uersu.
1035 275 1061 327 s.
1081 273 1132 338 re).
1151 271 1299 326 cccxxvu
1319 271 1441 340 (uersu.
1460 272 1485 335 a,
1506 272 1556 339 ιι).

934 562 1106 631 ocxxss
1129 562 1239 648 (uersu.
1257 568 1287 635 5,
1307 564 1370 647 11)).

788 760 1053 836 SYMMACHO
1081 759 1239 833 PAPAE
1266 759 1514 833 ENNODIVS.

298 933 307 991 ¹
436 915 537 1005 Dum
569 941 680 1006 sedem
711 941 922 1024 apostolicam
954 958 1093 1001 coronae
1124 944 1251 999 rostrae
1283 957 1361 999 eura
1391 934 1578 999 moderatur
1605 942 1638 1000 et
1666 937 1819 1000 caelestis
1848 937 1980 1021 imperii

327 1050 453 1134 apicem
485 1048 610 1131 regitis.
641 1031 803 1108 blanditur
832 1042 1032 1128 profectibus
1062 1048 1251 1126 parentum,
1284 1038 1369 1123 quod
1401 1040 1480 1102 meis
1507 1039 1701 1124 promissum
1731 1047 1821 1104 tenet
1849 1039 1979 1104 officiis.

333 1173 425 1236 spem
450 1152 521 1214 sine
545 1150 619 1213 labe
643 1148 768 1211 obtinet
791 1147 876 1233 apud
901 1158 1102 1208 constantem
1128 1145 1228 1207 virum
1253 1142 1394 1206 fideliter
1416 1143 1603 1208 obsecutus.
1642 1143 1773 1228 grandis
1790 1153 1839 1207 est
1855 1164 1978 1229 pompa

297 1256 540 1340 2praestantis.
579 1253 728 1338 quotiens
761 1251 846 1336 quod
881 1272 965 1313 unus
1001 1248 1135 1315 meruit.
1169 1246 1317 1334 plurimis
1351 1253 1554 1332 repensatur.
1603 1268 1792 1332 superorum
1826 1248 1978 1310 instituta
2046 1276 2058 1309 :.

331 1365 506 1421 sectantur.
536 1377 594 1441 per
620 1377 701 1439 qnos
725 1355 895 1438 generatio
919 1354 1050 1437 recipit.
1079 1351 1165 1437 quod
1190 1372 1330 1437 persona
1353 1351 1542 1415 condiderit.
1589 1353 1635 1416 sio
1658 1350 1834 1439 israelitici¹
1853 1351 1979 1415 delicta

329 1463 438 1546 pepuli
464 1468 597 1546 propter
613 1459 719 1523 David
742 1480 847 1544 poena
873 1480 935 1521 nan
959 1458 1077 1540 tetigit,
1102 1456 1177 1520 dum
1201 1458 1290 1541 genti
1315 1455 1475 1540 opitulata
1491 1462 1541 1518 est
1559 1455 1779 1540 praecessoris
1795 1454 1980 1538 integritas.
2055 1500 2058 1505 -

296 1568 361 1629 tet
388 1564 469 1628 fides
499 1564 637 1626 hominis
667 1568 723 1624 aut
755 1563 874 1647 eripuit
904 1560 944 1623 de
968 1581 1077 1624 errore
1101 1562 1256 1645 populum
1282 1567 1338 1623 aut
1362 1560 1442 1622 invit
1465 1560 1496 1621 in
1521 1559 1636 1642 gratia.
1682 1558 1852 1621 Parteuius
1877 1558 1981 1642 igitur

327 1669 545 1751 praesentium
571 1668 710 1752 portitor
733 1687 909 1750 germanae
932 1665 1018 1727 filius
1042 1665 1103 1727 hac
1127 1664 1167 1726 ad
1193 1686 1344 1727 ceronam
1363 1669 1501 1726 vostram
1518 1661 1637 1726 fiducia
1653 1661 1817 1724 animante
1833 1660 1979 1724 directus

326 1777 384 1849 ost,
413 1791 508 1855 quern
534 1768 721 1834 sollicitudo
745 1768 890 1831 liberalis
914 1767 1048 1830 ltomam
1073 1769 1182 1852 coegit
1205 1777 1373 1853 expetere.
1419 1774 1532 1831 sancta
1557 1773 1632 1829 suut
1656 1764 1762 1828 studia
1785 1764 1979 1830 litterarum.

327 1874 359 1934 in
396 1873 513 1956 quibus
550 1879 625 1935 ante
658 1874 857 1934 incrementa
892 1872 1028 1955 peritiae
1062 1871 1139 1934 vitia
1174 1870 1393 1934 dediscuntur.
1444 1870 1505 1933 hoo
1537 1870 1653 1933 itinero
1688 1890 1767 1932 cana
1800 1867 1840 1931 ad
1871 1888 1978 1931 annos

326 1977 470 2060 pueriles
503 1976 610 2037 solent
637 1975 749 2037 venire
778 1975 928 2037 consilia.
961 1974 1035 2036 dum
1068 1974 1153 2058 quod
1183 1982 1273 2038 aetas
1303 1974 1440 2056 refugit.
1472 1980 1593 2036 norunt
1622 1973 1771 2035 instituta
1797 1980 1978 2056 praestare.

294 2079 433 2143 llovete
459 2101 548 2162 ergo,
574 2080 664 2141 euius
683 2078 831 2141 veniendi
850 2099 965 2141 causas
982 2078 1146 2163 patefacta
1164 2077 1449 2161 consanguinitate
1466 2075 1635 2140 didicistis.
1674 2075 1800 2139 habetis
1818 2074 1978 2141 obsidem.

327 2183 359 2243 in
389 2203 452 2265 quo
485 2181 626 2244 dilucide
655 2182 843 2244 meritorum
872 2180 956 2265 apud
982 2202 1039 2242 vos
1063 2202 1208 2244 meorum
1233 2181 1372 2265 qualitas
1395 2181 1589 2244 innotescat.
1634 2179 1776 2243 domine.
1808 2188 1843 2242 ut
1866 2199 1978 2263 supra,

327 2285 528 2348 salutationis
546 2286 759 2348 reverentiam
777 2285 1006 2368 obsequiorum
1024 2283 1197 2347 devotione
1215 2283 1391 2347 restituens
1408 2304 1531 2369 precor,
1548 2288 1584 2344 ut
1596 2283 1740 2367 perlator
1753 2282 1977 2367 praesentium
2047 2302 2059 2339 a

327 2388 466 2450 l'amulus
491 2396 599 2450 vester·
628 2388 716 2450 felici
748 2396 835 2448 sorte
865 2388 1027 2471 peregrini
1052 2387 1138 2471 apud
1162 2408 1219 2449 vos
1243 2409 1359 2451 nomen
1384 2387 1540 2470 excipiat.
1572 2386 1646 2470 quia
1669 2385 1753 2470 quod
1777 2384 1978 2449 adtributum

326 2491 425 2554 fuerit
449 2491 600 2575 precibus
624 2492 715 2557 meis.
739 2497 880 2552 vestrum
905 2512 1003 2576 supra
1027 2489 1120 2553 dotes
1146 2512 1220 2553 suas
1245 2498 1337 2553 ornat
1360 2491 1512 2555 officium.

923 2779 1117 2847 ccxxvll
1140 2782 1249 2861 (uersu.
1267 2786 1297 2853 5.
1319 2787 1380 2855 111.

892 2975 1130 3050 ENNODIVS
1157 2976 1409 3051 LVMINOSO.

299 3154 324 3212 l·
443 3122 571 3215 Videre
596 3150 682 3237 apud
706 3172 786 3234 qum
812 3151 957 3235 plurimis
978 3148 1179 3213 adserendus
1197 3158 1257 3224 est,
1281 3172 1377 3236 quem
1395 3152 1533 3215 instituti
1551 3152 1695 3216 liberalis
1711 3175 1786 3217 eura
1806 3155 1978 3218 sollicitat:

325 3278 381 3319 vos
408 3264 563 3340 patronos
588 3255 705 3317 meruit
729 3275 826 3315 causa
852 3254 1043 3316 communis.
1082 3275 1145 3316 uon
1172 3255 1275 3337 ignari
1299 3259 1489 3340 peregrinos
1515 3258 1678 3342 suscipitis
1703 3279 1761 3320 nce
1779 3258 1977 3323 erudiendos
2034 3294 2045 3324 ·.

324 3360 483 3423 animatis.
535 3359 681 3442 expertis
713 3378 828 3420 manus
859 3358 1113 3435 reaccessitatibus
1145 3360 1335 3443 frequentor
1368 3358 1552 3437 adhibetur,
1590 3360 1665 3423 dum
1698 3360 1738 3424 ad
1770 3362 1979 3445 eloquentia-e

323 3464 465 3546 palmam
492 3461 609 3526 feriato
634 3481 689 3523 ore
714 3483 771 3524 eus
796 3462 849 3545 qui
874 3462 1015 3525 titubant
1038 3462 1192 3525 invitatis.
1231 3463 1394 3547 exemplis
1417 3463 1565 3527 hortatur
1589 3486 1629 3528 cx
1652 3465 1825 3549 peregrino
1848 3470 1979 3549 potens,

295 3573 368 3632 ‘lex
392 3565 567 3649 incipiente
593 3564 767 3647 perlectus.
813 3574 950 3648 utraque
975 3564 1128 3627 l'artenio
1153 3586 1330 3647 germanae
1354 3586 1446 3630 moae
1470 3567 1537 3629 filio
1562 3588 1636 3651 pars
1665 3569 1830 3645 convenit,
1860 3569 1910 3631 cui
1935 3568 1977 3632 ad

326 3667 528 3732 venerabiles
553 3666 742 3751 disciplinas
760 3666 896 3730 Romam
921 3669 1046 3753 petenti
1071 3689 1128 3753 pre
1152 3669 1279 3731 ferratis
1303 3669 1485 3734 calcaribus
1509 3671 1627 3735 sufficit
1650 3692 1708 3735 vos
1724 3671 1845 3736 videre.
1884 3672 1910 3735 si
1935 3673 1977 3736 ab

324 3772 526 3836 humanitate
557 3791 621 3833 non
652 3770 832 3855 discrepat,
864 3771 1097 3836 sublimitatem
1126 3780 1215 3835 tuam
1245 3794 1363 3857 gerens
1391 3779 1466 3836 ante
1496 3775 1607 3836 oeulos
1640 3774 1738 3838 robus
1761 3774 1801 3838 ad
1824 3775 1975 3839 virtutem
2046 3800 2057 3833 .·.

326 3876 431 3960 potius
456 3896 552 3958 quarn
576 3874 705 3935 monitis
730 3875 901 3937 excitatur.
948 3875 1104 3958 magistra
1127 3874 1247 3939 laberis
1271 3883 1321 3939 est
1344 3876 1450 3940 laudis
1474 3876 1622 3955 ambitio,
1653 3879 1825 3962 praecipue
1848 3876 1977 3963 qnando
2050 3884 2057 3891 '

293 3977 359 4044 sin
383 3978 438 4040 illo
462 3977 638 4053 exuberat,
663 3996 759 4059 quem
784 3976 898 4040 similis
924 3977 1065 4041 retineas
1088 3978 1190 4041 tirisso
1213 3980 1373 4042 fortunae.
1420 3978 1478 4042 sed
1502 3980 1528 4042 si
1554 3978 1645 4042 vobis
1668 3979 1755 4043 cordi
1780 4001 1866 4055 sum,
1891 3981 1977 4045 circa

325 4088 540 4143 memoratum
565 4086 690 4163 patrem
715 4077 850 4153 reddite,
875 4088 910 4141 ut
933 4100 1024 4142 amor
1047 4086 1179 4144 mutuus
1202 4081 1243 4145 do
1260 4082 1383 4144 vicaria
1406 4082 1597 4166 inpensione
1621 4084 1811 4167 gratuletur.
1835 4089 1870 4146 ut
1886 4084 1976 4168 quie-

325 4183 403 4267 quid
427 4185 459 4246 in
483 4181 708 4266 magnitudine
733 4190 788 4244 tua
811 4180 931 4246 dudum
956 4183 1077 4247 latoris
1101 4183 1245 4257 exhibui,
1269 4186 1346 4249 mihi
1365 4207 1423 4269 por·
1438 4185 1577 4248 alterurn
1595 4186 1796 4250 reformetur.
1833 4184 1975 4265 domiue,

324 4291 360 4347 ut
386 4307 496 4371 supra.
530 4285 733 4349 salutationis
762 4284 917 4369 elisoquia
947 4285 1137 4370 dependens
1169 4290 1247 4351 satis
1280 4311 1353 4353 esse
1376 4287 1416 4351 ad
1442 4288 1755 4354 commendationem
1779 4287 1915 4353 credidi.
1948 4290 1975 4351 si

294 4389 379 4473 aqui
411 4397 500 4452 esset
530 4389 665 4473 portitor
698 4409 761 4451 non
797 4389 925 4453 lateret.
970 4412 1101 4475 precum
1136 4392 1323 4476 prolixitate
1352 4393 1454 4456 utitur·
1484 4391 1525 4455 de
1557 4393 1774 4476 inpetratione
1805 4390 1976 4455 diffidens:

326 4498 553 4575 argumentum
585 4500 636 4554 est
667 4493 710 4554 nil
740 4493 894 4557 merentis
922 4492 977 4556 diu
1006 4516 1130 4579 rogare.
1177 4498 1319 4559 lacessat
1342 4520 1361 4559 a
1383 4495 1528 4559 nmribus
1557 4496 1634 4567 tuis.
1666 4501 1702 4559 ut
1731 4494 1850 4582 perdas
1873 4493 1976 4558 beno-

324 4595 471 4659 liciorum
495 4595 637 4678 genium,
662 4593 737 4657 dum
762 4596 859 4679 longa
884 4598 1121 4682 supplicatione
1146 4598 1333 4683 producitur·
1356 4600 1396 4663 (le
1421 4602 1539 4664 effectu
1564 4598 1662 4664 celeri
1687 4598 1917 4664 sublevandus.

430 4852 578 4919 [iftssxxvll
617 4855 771 4919 layuracho
785 4854 809 4903 B
922 4856 1100 4908 'liauilcratur
1116 4856 1146 4919 15,
1164 4859 1308 4909 suaderetur
1326 4860 1400 4909 aretari
1514 4858 1679 4925 3rogotisB
1757 4857 1836 4925 quedl
1854 4860 1917 4924 quid
1931 4856 1975 4907 Βῆ

325 4948 393 4989 tenet
407 4938 436 4997 15,
455 4948 555 4990 tenetur
568 4940 644 4989 ceteri
748 4936 1015 5004 ilahcllahorel'l'lr
1086 4941 1233 4991 lialclitcrll
1337 4943 1353 4989 s·
1368 4944 1491 5009 plurimis}
1513 4945 1629 5010 pluribus
1640 4942 1717 4994 Sirra.
1788 4944 1975 5009 superiorurub

324 5023 341 5074 t
359 5023 405 5105 aial
425 5025 484 5075 sill
540 5027 674 5077 carnolitici
690 5025 741 5087 151¹,
760 5024 907 5074 israhelitici
929 5024 970 5074 1⁷12
1063 5027 1153 5076 tlliilia
1171 5027 1192 5075 a
1248 5028 1323 5094 iuvit}
1344 5031 1413 5080 iuhet
1430 5031 1451 5079 11
1508 5032 1657 5098 parthanius
1674 5028 1717 5078 1²1,
1810 5030 1825 5077 a
1844 5030 1938 5097 paratior
1954 5029 1977 5079 a

327 5109 359 5159 111
376 5112 506 5161 literarum
521 5111 544 5159 It
676 5109 704 5160 ll
726 5128 808 5160 ruinius
828 5112 932 5176 puerilia
949 5111 970 5159 lt
1104 5111 1133 5160 121
1153 5116 1236 5163 hariae
1256 5114 1346 5177 7'l51'2,
1372 5118 1451 5167 laniis
1468 5116 1519 5175 l'ls,
1542 5118 1606 5168 thiris
1620 5115 1642 5165 13
1737 5116 1811 5164 cuins
1829 5132 1877 5163 oua
1894 5113 1974 5166 Sir-rra

324 5198 578 5264 eirrrsrruguinimrum
599 5199 708 5264 qualitas
725 5195 772 5257 15¹,
797 5214 852 5247 rum
870 5196 954 5248 dalet
974 5206 998 5245 te
1015 5198 1143 5248 iloilicistia
1163 5238 1286 5253 ,,,,,,,,
1307 5220 1419 5252 mearum
1440 5205 1524 5269 arrppl.
1543 5204 1568 5252 iu
1584 5221 1632 5265 rap.
1646 5203 1693 5259 inf.
1705 5200 1748 5250 112
1890 5199 1921 5248 lli
1938 5212 1976 5250 ar·

324 5284 449 5334 tributum
465 5283 489 5332 V

428 5386 592 5453 {CCXXWU
625 5387 655 5437 ru
673 5402 747 5451 quosj
766 5387 834 5451 qraal
850 5385 889 5435 131·
990 5386 1228 5439 'liliuaumnnoall
1289 5390 1468 5455 qmrigriaoalt
1531 5393 1666 5459 arraeipetis
1679 5390 1718 5441 15¹
1814 5387 1847 5439 24
1865 5389 1976 5441 calcare·

327 5474 374 5522 bus
388 5471 427 5521 15¹
530 5470 563 5522 21
582 5475 693 5524 retineas
711 5472 825 5537 naplis.
842 5470 864 5520 a
933 5470 1052 5521 ciuilisll
1156 5472 1190 5523 3⁶2
1209 5474 1372 5525 uwreuteslt
