4500 6232
906 273 1022 329 cccxx
1040 275 1144 343 (ulcr.
1165 276 1216 343 n).
1282 346 1296 361 ‚
1827 286 1891 367 239
1981 262 1991 289 '

239 445 436 521 satisfacias,
459 445 550 529 quasi
574 444 724 530 Aegeum
749 447 898 533 pelagus,
926 454 962 510 ut
984 445 1153 533 chascus
1177 472 1298 536 gurges
1322 451 1480 516 inlabere.
1526 460 1602 517 aute
1626 454 1737 518 oculos
1760 462 1890 519 vestroe
1927 459 1946 518 5

237 556 312 611 sunt
342 569 466 612 morum
491 553 675 614 nostrorum
699 551 726 615 si
750 550 835 616 benc
860 552 1013 638 exempla
1036 554 1195 619 retinetis.
1244 553 1356 619 salvae
1380 561 1456 618 sunt
1480 575 1702 642 quascumque
1727 556 1767 621 do
1792 578 1894 622 censu

238 658 348 715 vestro
377 650 417 716 ad
449 672 581 715 usuram
610 673 757 737 gemmas
786 653 1006 720 admovemus.
1052 677 1129 720 ecce
1158 657 1314 721 verticem
1345 678 1452 722 mcum
1483 679 1658 724 coruscans
1687 660 1761 724 luco
1785 668 1895 725 vestra

238 753 388 819 diadema
416 754 568 819 nobilitat
599 764 632 820 et
655 758 873 841 pretiosorum
896 757 1041 844 lapidum
1065 757 1193 844 fulgorc
1216 761 1342 827 variato
1367 761 1485 826 erescit
1508 783 1550 826 cx
1574 764 1686 847 genio,
1717 763 1793 827 dum
1817 786 1893 829 con-

174 904 178 916 .
238 864 390 944 potenter
412 858 604 923 ostenditur.
650 882 670 923 a
693 860 785 925 vobis
815 859 955 925 radicem
983 869 1116 926 sumunt
1143 863 1292 928 instituta
1322 864 1521 950 sapientiae,
1552 887 1694 950 perros
1721 866 1896 931 informata

238 963 456 1047 proferuntur.
501 963 610 1029 nullus
642 962 713 1028 siue
743 964 837 1029 vobis
867 965 993 1049 pectori
1022 987 1119 1052 sapor
1150 972 1201 1031 est
1229 988 1290 1032 uec
1321 966 1456 1032 libertas
1487 968 1627 1054 eloquio.
1674 991 1731 1035 vos
1760 968 1894 1055 ingenui
1929 975 1949 1035 6

238 1066 460 1130 testimonium
489 1067 672 1152 sanguinis,
703 1088 761 1131 vos
783 1068 924 1133 materia
946 1067 1093 1154 pudoris,
1127 1090 1186 1155 per
1209 1090 1268 1135 vos
1291 1070 1379 1155 quod
1401 1070 1484 1135 benc
1508 1093 1564 1135 cor
1587 1071 1761 1137 dictaverit
1783 1073 1896 1158 lingua

237 1167 449 1253 proloquitur.
496 1169 537 1233 ad
566 1170 827 1256 investigandam
854 1172 927 1246 iter,
946 1172 1102 1237 iustitiam
1132 1194 1189 1237 vos
1218 1173 1399 1259 praebetis,
1428 1174 1504 1238 dum
1534 1195 1726 1260 oppressum
1755 1175 1895 1241 dumetis

238 1269 371 1348 callem,
407 1293 470 1358 quo
503 1281 702 1359 expetuntur
735 1296 891 1361 superna,
928 1278 1102 1363 purgastis.
1149 1299 1206 1344 vos
1240 1279 1404 1344 triticeam
1440 1279 1480 1344 de
1515 1279 1601 1343 loliis
1638 1286 1803 1365 segetem,
1837 1300 1896 1345 vos

240 1373 396 1441 fecundas
429 1375 470 1442 de
505 1379 679 1444 sterilitate
710 1379 916 1464 ingeniorum
947 1381 1063 1465 glebas
1100 1381 1230 1446 efficitis
1261 1388 1295 1446 et
1328 1380 1481 1467 gravidas
1513 1382 1634 1447 aristas
1666 1382 1708 1447 ad
1740 1382 1896 1449 scientiae

240 1478 372 1559 horrea,
413 1502 454 1545 ne
488 1481 590 1546 fames
626 1483 783 1548 infantiae
818 1484 922 1569 possit
955 1486 1161 1570 praevalere,
1201 1486 1349 1571 portatis.
1404 1485 1545 1550 mundae
1579 1485 1720 1551 nitorem
1754 1485 1897 1551 familiae
1932 1488 1950 1548 7

240 1583 401 1647 servando
426 1585 602 1651 obscenam
625 1588 813 1673 prosapiem
837 1588 1013 1674 peregriua
1036 1589 1108 1654 luce
1132 1588 1339 1673 perfunditis.
1379 1589 1441 1655 deo
1464 1589 1616 1673 proxima
1639 1608 1691 1653 res
1715 1595 1766 1654 est
1787 1596 1898 1654 vestro

240 1685 346 1751 infusa
375 1687 551 1769 beneficio,
583 1688 658 1753 dum
686 1711 746 1777 per
772 1712 887 1756 cursus
910 1691 1167 1757 elucubrationis
1190 1693 1346 1771 traditae,
1374 1715 1415 1757 nc
1439 1693 1554 1780 optimi
1579 1690 1782 1776 degenerent
1805 1698 1839 1758 et
1861 1698 1899 1756 ut

239 1790 317 1853 mali
341 1789 554 1875 degenerent,
578 1793 670 1858 salva
693 1800 902 1859 stemmatum
920 1796 1058 1861 veritate
1075 1800 1269 1882 praestatur.
1308 1817 1367 1881 per
1383 1817 1440 1861 vos
1458 1796 1499 1860 de
1524 1795 1735 1859 innocentum
1759 1795 1897 1869 actibus,

177 1949 181 1959 .
240 1914 324 1978 quac
347 1892 388 1958 ad
411 1895 659 1961 instructionem
682 1899 889 1982 sequentium
913 1899 1136 1984 pertinebant,
1166 1904 1260 1984 gesta
1283 1920 1347 1962 non
1371 1904 1527 1985 pereuut;
1556 1898 1676 1964 vestris
1701 1899 1733 1963 iu
1756 1898 1898 1964 medium

240 1998 364 2061 catenis
393 2004 556 2063 transacta
588 1999 788 2064 reducuntur
817 2009 851 2065 et
878 2003 1008 2089 sepulta
1036 2003 1251 2067 reviviscunt:
1288 2022 1343 2064 vos
1370 2000 1586 2066 instrumenta
1614 2001 1807 2082 memoriae,
1841 2023 1898 2066 vos

241 2122 339 2164 causa
366 2102 509 2187 pietatis.
557 2104 673 2167 vestris
696 2104 882 2168 vomeribus
914 2105 1046 2169 humani
1075 2105 1219 2191 pectoris
1251 2103 1349 2168 tellus
1380 2103 1421 2167 ad
1444 2103 1680 2170 fecunditatem
1704 2111 1898 2191 praeparata
1932 2110 1952 2171 8

242 2204 449 2269 describitur:
489 2227 546 2270 vos
581 2207 749 2291 religionis
784 2215 950 2289 auctores,
984 2229 1041 2273 voe
1070 2208 1179 2273 hostes
1206 2207 1388 2272 criminum.
1437 2207 1529 2271 vobis
1559 2206 1696 2272 ducibus
1727 2228 1811 2293 quae
1840 2229 1899 2292 per

244 2328 339 2372 usum
364 2309 547 2395 subripiunt
570 2308 781 2374 dediscuntur
804 2312 939 2393 scelera,
963 2333 1022 2397 per
1037 2333 1117 2397 quas
1135 2312 1220 2376 bona
1235 2310 1419 2375 discuntur:
1443 2318 1499 2374 aut
1515 2311 1555 2375 ad
1571 2310 1729 2376 directum
1746 2310 1896 2376 homiues

242 2413 369 2496 augetis
397 2413 598 2498 propositum
626 2419 684 2477 aut
715 2415 847 2480 mutatis
872 2415 1051 2500 obliquum.
1097 2421 1204 2480 vestro
1229 2416 1344 2481 exules
1368 2420 1525 2479 ornantur
1547 2415 1666 2480 indicio
1690 2423 1723 2480 et
1746 2436 1766 2479 a
1789 2411 1901 2479 muudi

242 2514 438 2579 culminibus
469 2516 633 2581 seiunctos
662 2539 720 2582 vos
751 2518 842 2582 caelo
873 2519 1018 2584 sociatis.
1066 2520 1169 2584 malas
1203 2519 1421 2584 conscientias
1454 2524 1511 2582 aut
1538 2519 1659 2583 intrare
1692 2517 1901 2583 contemnitis
1935 2528 1955 2587 9

242 2619 355 2682 autin
384 2620 562 2683 sacrarium
591 2619 762 2706 ingressae
791 2620 961 2687 dedicatis.
1006 2622 1151 2688 facessat
1173 2644 1192 2687 a
1215 2621 1333 2687 litteris
1356 2622 1409 2685 rel
1431 2628 1559 2687 mutare
1582 2621 1669 2707 quod
1693 2620 1827 2705 dignum
1851 2625 1902 2684 est

243 2722 296 2784 vol
319 2742 385 2785 non
407 2729 534 2789 mutare
558 2724 645 2810 quod
668 2725 813 2791 noxium.
852 2726 971 2790 vestris
994 2724 1182 2791 vulneribus
1205 2725 1297 2790 nulla
1320 2746 1379 2811 per
1402 2723 1576 2810 chalybem
1592 2724 1728 2790 vestitos
1752 2721 1903 2787 subducit

244 2825 429 2889 instructio:
454 2827 495 2891 ad
519 2828 702 2915 penetralia
726 2829 866 2910 illorum,
891 2836 925 2894 et
947 2850 1028 2914 quos
1047 2829 1168 2894 ferrum
1185 2829 1317 2903 texerit,
1341 2827 1531 2915 pervenitis.
1571 2828 1688 2892 vestris
1703 2825 1899 2891 umbonibus

181 2958 191 2989 ·.
244 2927 369 2992 directa
399 2931 440 2995 ab
469 2929 665 2996 adversariis
692 2933 759 2998 tela
790 2934 1004 3020 repelluntur,
1041 2954 1101 2997 uec
1129 2933 1265 3019 spiculis
1294 2931 1430 3018 peritiae
1459 2938 1590 2996 vestrae
1623 2931 1691 2994 ulla
1725 2930 1901 3017 clipeorum

244 3039 349 3097 cretes
374 3032 559 3120 obponitur.
606 3055 662 3100 ros
685 3036 718 3100 iu
739 3034 926 3100 adflictione
951 3035 1144 3100 constitutos
1169 3034 1304 3119 erigitis,
1330 3055 1385 3099 vos
1408 3036 1531 3119 positos
1553 3035 1585 3097 in
1611 3054 1782 3120 corporum
1805 3052 1902 3096 cruce
1918 3041 1955 3101 10

243 3136 394 3201 mulcetis
424 3139 469 3201 sic
500 3137 628 3221 gaudiis
659 3145 836 3224 augmenta
864 3139 1063 3217 tribuentes,
1093 3144 1129 3201 ut
1157 3137 1288 3202 modum
1312 3137 1462 3202 hilaritas
1486 3146 1519 3202 et
1543 3138 1702 3223 producta
1725 3133 1903 3201 custodiat:

244 3238 271 3303 si
294 3261 313 3301 a
337 3238 427 3304 vobis
455 3242 587 3306 veniant
616 3240 854 3324 blandimenta,
888 3241 1091 3306 dulcescunt.
1137 3262 1201 3305 non
1234 3241 1311 3305 licet
1339 3247 1453 3305 contra
1479 3240 1652 3325 imperium
1682 3244 1827 3304 vestrum
1850 3236 1903 3300 vel

244 3341 432 3408 defunctum
457 3344 535 3409 flere
560 3366 656 3431 quem
675 3344 807 3429 diligas:
832 3366 891 3409 vos
909 3345 1042 3432 nuptiis,
1064 3366 1122 3408 vos
1138 3353 1236 3430 aptae
1253 3344 1431 3408 funeribus.
1473 3344 1631 3409 scientiae
1648 3342 1741 3407 istius
1757 3340 1901 3406 studium

168 3501 172 3513 .
245 3446 470 3512 diversissima
492 3449 525 3512 iu
548 3448 754 3514 concordiam
778 3456 871 3513 tenet
893 3455 926 3514 ct
950 3454 1120 3534 utramque
1144 3454 1269 3534 partem
1294 3447 1450 3534 amplexa
1472 3447 1665 3531 gratulatur.
1703 3445 1828 3509 utinam
1844 3464 1902 3507 vos
1919 3449 1953 3511 ll

246 3549 445 3634 longioribus
475 3553 537 3617 coli
565 3552 680 3617 liceret
709 3551 863 3616 affatibus
893 3559 926 3617 et
955 3573 1021 3616 nou
1044 3551 1161 3616 vestris
1189 3549 1319 3636 legibus
1348 3550 1526 3615 deberetur
1551 3548 1710 3626 brevitas,
1741 3546 1902 3634 aquibus

246 3656 341 3740 copia
364 3657 473 3719 votiva
505 3657 703 3740 suggeritur!
749 3677 807 3743 per
829 3655 1012 3720 litterarum
1034 3654 1160 3740 species
1183 3654 1216 3719 iu
1240 3655 1373 3738 lengum
1399 3655 1484 3718 itura
1507 3673 1571 3716 vox
1596 3658 1665 3716 tutc
1690 3650 1905 3717 committitur

247 3764 281 3822 ct
308 3758 379 3823 sinc
409 3758 623 3824 inminutione
653 3759 703 3824 sui
731 3758 892 3843 relegenti
921 3756 1085 3844 solidatur.
1130 3762 1289 3822 anteros
1318 3757 1433 3841 ignara
1461 3754 1585 3820 ordinis
1611 3755 1693 3820 vixit
1717 3754 1903 3821 humanitas

248 3868 282 3925 ct
312 3864 473 3928 ructantia
501 3861 652 3949 glandem
682 3870 817 3949 pectora
848 3863 916 3927 sine
945 3859 1050 3925 modis
1074 3862 1176 3926 rerba
1198 3866 1401 3925 vomuerunt.
1448 3880 1505 3922 vos
1534 3858 1622 3923 inter
1650 3859 1745 3921 unius
1766 3862 2059 3923 naturaeraauamo.

170 3995 188 4031 ·.
248 3966 398 4031 homines
426 3966 611 4031 distantiam
640 3966 758 4045 facitis,
796 3966 871 4030 dum
905 3965 1103 4030 caelestibus
1138 3965 1255 4029 notitia
1283 3965 1398 4043 vestri,
1435 3961 1614 4048 pecudibus
1645 3960 1768 4025 similos
1797 3956 1905 4023 reddit

248 4070 419 4155 ignoratio.
465 4072 496 4134 in
525 4072 697 4158 propatulo
724 4079 790 4149 est,
820 4070 925 4154 qualis
955 4077 1031 4134 ante
1060 4070 1144 4133 hanc
1173 4067 1301 4153 frugem
1330 4066 1429 4131 fuerit
1457 4065 1642 4129 mortalium
1673 4063 1806 4128 deserta
1828 4064 1960 4148 pro-12

249 4175 367 4260 sapies.
414 4196 486 4238 oum
516 4174 579 4238 illis
607 4173 710 4248 euim,
739 4171 858 4258 quibus
882 4173 1052 4238 nobiscum
1076 4194 1136 4259 par
1158 4171 1318 4235 adventus
1342 4171 1373 4234 in
1398 4171 1471 4234 luce
1496 4177 1559 4243 est,
1590 4189 1650 4256 per
1672 4167 1902 4233 discretionem

251 4287 392 4342 vestram
417 4299 479 4341 non
504 4284 555 4341 cst
578 4276 725 4342 condicio
742 4298 808 4341 una
824 4277 982 4363 sapiendi.
1020 4277 1140 4345 valete,
1164 4282 1356 4338 ornamenta
1371 4273 1514 4337 melioris
1531 4272 1666 4337 saeculi.
1690 4269 1905 4347 otmundum,

250 4404 347 4467 quem
372 4381 583 4458 eruderastis,
607 4401 784 4446 concessae
807 4401 827 4444 a
850 4379 913 4445 dec
935 4380 969 4444 in
992 4386 1174 4466 temporum
1197 4374 1342 4443 remedio
1367 4374 1544 4460 possidete.

275 4544 385 4549 -.--
404 4544 425 4549 -.
449 4541 637 4549 .-..--0.---
655 4542 663 4546 -

355 4643 367 4694 1
388 4653 418 4695 ut
435 4660 480 4710 pes
496 4658 571 4694 aecus
588 4640 715 4708 gurgisB
832 4636 850 4690 2
867 4646 1012 4693 autmruru
1025 4636 1080 4688 ΒΤ
1191 4634 1351 4687 bouumuut
1369 4634 1416 4698 (uu
1434 4635 1463 4685 r'rr
1481 4635 1528 4698 tis)
1541 4633 1567 4684 B
1684 4628 1699 4681 7
1718 4633 1784 4684 bene
1799 4631 1804 4693 Ι
1819 4647 1864 4682 eor
1875 4630 1908 4691 B,

250 4750 294 4784 ror
312 4734 377 4783 bene
389 4731 464 4781 ceteri
559 4726 576 4778 8
594 4729 703 4780 dumetis
718 4726 722 4789 1
738 4727 830 4779 callem
844 4726 876 4790 Β,
893 4727 984 4778 callem
996 4725 1106 4777 dumetis
1121 4720 1181 4773 v11.
1188 4721 1232 4773 TO
1325 4719 1341 4769 8
1360 4720 1475 4786 purgatis
1486 4722 1508 4771 t'
1518 4728 1542 4771 et
1553 4719 1649 4770 Ilcrtcl
1747 4716 1777 4767 11
1797 4717 1872 4768 famis
1883 4714 1909 4765 B

253 4816 285 4868 12
304 4818 461 4885 perfundatis
474 4815 499 4865 B
616 4812 649 4865 18
665 4830 759 4865 curans
775 4812 975 4865 elocubrrtionls
986 4811 1011 4862 B
1126 4806 1160 4860 14
1178 4815 1315 4861 stemstam
1332 4805 1354 4854 V
1469 4805 1502 4857 15
1520 4806 1681 4872 pertinebunt
1698 4804 1754 4867 (aut
1770 4802 1798 4852 r'a
1816 4798 1863 4864 lit.)
1876 4799 1909 4862 B,

253 4904 494 4972 pectinabant-jort
584 4898 616 4951 16
634 4901 800 4953 retriuescunt
811 4898 837 4950 Β
930 4894 962 4949 ll
980 4896 1225 4949 marescalcum
1243 4894 1308 4944 coni.
1321 4890 1418 4944 Hos-ul
1469 4892 1617 4943 discriffltur
1629 4889 1654 4940 B
1742 4886 1774 4938 18
1792 4887 1872 4938 bostis
1884 4885 1909 4935 B

254 4990 285 5040 19
304 4999 349 5041 aut
366 4990 409 5050 (au
428 4990 455 5039 ira
468 4989 514 5047 tu.)
528 4987 552 5037 B
647 4984 682 5037 20
697 4987 774 5054 agitis
787 4986 883 5036 Hartel
941 4990 1053 5035 mutatas
1065 4980 1090 5031 B
1182 4977 1215 5030 21
1235 4980 1368 5030 seiunctus
1380 4977 1406 5029 B
1463 4979 1632 5029 contemnetis
1645 4974 1678 5038 Β,
1695 4972 1876 5039 wirtempnitis
1891 4970 1914 5020 V

252 5075 286 5127 ‘23
304 5078 421 5143 calybem
436 5076 466 5137 Β,
484 5075 591 5126 calibem
609 5073 632 5121 l'
706 5073 816 5124 uestitus
829 5070 854 5120 Β
968 5065 1003 5119 24
1022 5068 1125 5120 illorum
1137 5066 1170 5130 B,
1187 5081 1275 5118 eorum
1293 5063 1363 5114 VLC
1438 5065 1588 5115 unbonibus
1600 5062 1625 5113 Β
1744 5057 1779 5109 26
1796 5058 1872 5108 cratis
1885 5056 1911 5106 B

253 5165 390 5230 opponitur
406 5162 429 5210 V
512 5162 652 5212 afflictione
669 5159 689 5208 V
768 5159 924 5210 constitutus
940 5157 1044 5223 erigetis
1056 5154 1082 5206 Β
1209 5149 1243 5202 87
1262 5151 1398 5203 tribuentis
1414 5150 1459 5201 Β(ι
1590 5147 1624 5200 29
1642 5149 1716 5199 istius
1733 5149 1769 5209 (st
1786 5146 1813 5196 ia
1824 5142 1872 5207 tir.)
1885 5144 1911 5195 Β

253 5248 288 5301 32
306 5252 381 5318 cupis
394 5249 419 5300 Β
512 5248 660 5314 suggeritur
677 5264 726 5296 cna.
741 5243 790 5309 131,
806 5251 942 5310 superetur
956 5259 1053 5309 ponem
1070 5248 1191 5293 amarae
1208 5248 1231 5291 et
1247 5238 1345 5288 maiore
1365 5254 1396 5288 ea
1410 5247 1488 5303 parte
1503 5238 1532 5288 ἐπ
1549 5254 1598 5302 mg.
1617 5233 1678 5284 aaa
1693 5231 1733 5282 Β2
1812 5231 1910 5330 'tutob

254 5334 288 5387 33
307 5337 429 5403 relegenti
441 5333 539 5399 scripsi.
557 5333 680 5398 religante
690 5332 723 5394 Β,
741 5332 871 5398 relegente
881 5330 958 5389 ceteri
1044 5326 1079 5379 35
1093 5326 1233 5396 pecodibus
1243 5324 1335 5378 similis
1344 5323 1369 5375 Β
1456 5322 1491 5374 :lb
1502 5322 1593 5390 quales
1601 5320 1626 5371 B
1712 5318 1747 5371 38
1758 5318 1876 5370 meliores
1887 5316 1911 5367 B
