4500 6232
366 272 391 326 Il
881 272 901 327 l.
932 272 977 326 DE
996 272 1085 327 VITA
1103 272 1149 327 ΕΤ
1168 270 1328 328 SCRIPTIS
1348 272 1496 332 ENNODI.

365 443 461 520 adela,
484 465 545 507 atas
563 443 797 510 Gricclrcrtlaad
819 445 893 509 oder
908 445 977 509 dean
989 445 1195 526 prticisicrten
1216 451 1303 509 osten
1321 451 1473 523 stabulae,
1495 447 1575 527 seipt
1597 447 1652 510 der·
1670 469 1771 524 turrate,
1795 449 1850 511 der
1872 446 1938 509 siclt
1962 445 2028 525 asaf

365 547 426 610 (lca
448 546 553 612 cultus
575 548 631 612 der
650 541 780 613 'Evodio
812 549 935 612 beaiclrt.
981 549 1032 612 dic
1059 547 1233 631 dmpelaap
1262 550 1315 612 (les
1336 557 1377 624 ,a‘
1403 549 1442 612 ist
1467 548 1546 630 tblpe
1569 551 1624 612 der
1649 549 1895 630 fortwirleeadea
1923 551 2020 613 turer-

365 652 551 732 aspirattba.
597 674 691 737 quam
718 651 848 717 Useneri
871 651 1056 716 seutentiam
1083 649 1123 714 ad
1150 651 1344 737 probandam
1371 650 1516 716 addimus
1539 651 1661 716 Graeca
1689 654 1816 718 nomina
1842 654 1873 717 in
1904 653 2022 717 familia

365 753 492 818 Enuodi
515 778 578 820 nou
601 778 671 820 raro
695 755 837 835 inveniri,
859 763 895 819 ut
909 754 1096 820 Parthenius
1113 754 1279 842 Glycerius
1298 755 1449 821 Boethius
1470 756 1629 843 Euprepia
1650 757 1854 822 Archotamia
1873 756 2022 822 Aetheria

367 857 546 944 Apodemia
568 858 709 945 Cynegia
732 859 869 924 Helisea.

472 959 546 1045 [Sed
569 963 660 1047 signa
681 961 758 1026 haec
779 961 914 1026 formata
936 948 968 1025 in
990 962 1073 1038 -ἱιιε,
1096 962 1202 1047 qualia
1224 984 1261 1027 ea
1282 969 1383 1026 aetate
1404 963 1436 1025 in
1461 984 1519 1027 usu
1541 971 1644 1041 erant,
1671 962 1711 1026 ad
1734 964 1885 1048 originem
1907 988 2023 1051 nequa-

367 1088 460 1151 quam
483 1065 639 1151 pertinent
646 1091 654 1144 ;
682 1088 782 1151 neque
805 1065 908 1129 miuus
931 1064 1061 1129 Eusebii
1090 1075 1121 1129 et
1142 1065 1333 1152 Phosphorii
1361 1073 1393 1130 et
1415 1066 1461 1130 sic
1475 1064 1633 1152 deinceps
1660 1065 1700 1131 ad
1723 1067 1848 1131 Italiam
1871 1069 2022 1154 pertinere

367 1178 500 1255 possunt
522 1193 614 1255 quam
638 1169 815 1233 Innocentii
837 1177 869 1232 et
890 1167 1068 1234 Concordii.
1107 1179 1263 1255 praeterea
1282 1162 1427 1247 Ἐνόδιος
1448 1169 1635 1234 vocabulum
1658 1180 1689 1234 et
1710 1194 1821 1257 parum
1844 1181 1951 1258 aptrun
1974 1182 2023 1237 est

367 1272 408 1338 ad
422 1273 576 1338 eiusmodi
592 1296 745 1359 agnomen
765 1272 962 1338 formandum
978 1283 1008 1336 ct
1023 1273 1128 1338 obstat
1142 1273 1168 1337 ei
1185 1281 1288 1358 etymo
1303 1296 1326 1336 ιι
1340 1273 1504 1358 geminata.
1538 1296 1631 1360 quam
1654 1274 1696 1339 ob
1717 1297 1781 1339 rem
1801 1273 1886 1339 haud
1901 1276 1966 1340 scio
1982 1299 2022 1341 an

367 1377 567 1463 praeferenda
581 1379 621 1442 sit
634 1379 764 1442 Incedit
775 1377 883 1456 forma,
899 1375 1169 1462 comparandaque
1180 1377 1306 1440 uomina
1317 1377 1422 1462 qualia
1437 1385 1511 1441 scrut
1517 1376 1696 1464 Exuperius
1704 1377 1861 1463 Vigilius:
1877 1379 1950 1444 ΤΗ.
1956 1381 2023 1464 Ml.

472 1480 534 1546 sed
563 1506 633 1546 eum
662 1482 721 1546 hoc
752 1481 914 1568 scriptoris
937 1503 1109 1565 cognomen
1138 1481 1201 1546 iam
1228 1481 1260 1544 iu
1288 1481 1427 1566 principe
1449 1479 1585 1545 editione
1612 1481 1758 1567 operibus
1786 1482 1912 1547 Ennodi
1942 1494 2023 1548 recte

368 1585 549 1671 impositum
572 1595 667 1665 esset,
691 1595 802 1658 totum,
815 1608 927 1650 nomen
951 1577 1137 1648 Sinnondus
1160 1583 1294 1663 demum,
1316 1583 1418 1648 editor
1440 1582 1567 1648 Enuodi
1589 1585 1707 1671 optime
1728 1586 1866 1665 meritus,
1888 1587 2023 1651 restituit

368 1712 406 1752 ex
429 1689 630 1775 inscriptione
653 1690 735 1754 vitae
757 1689 876 1754 Antoni
905 1689 953 1770 (cf.
976 1698 1039 1752 not.
1062 1687 1103 1753 ad
1130 1712 1160 1774 p.
1177 1691 1249 1768 185,
1260 1690 1327 1768 24);
1355 1686 1510 1752 MAGNI
1532 1687 1711 1753 FELICIS
1735 1687 1915 1754 ENNODI
1938 1740 2023 1769 ....,

369 1815 462 1878 quam
490 1792 588 1857 codex
612 1792 790 1859 Vaticanus
818 1780 1020 1877 eiusdemque
1047 1793 1153 1878 stirpis
1180 1792 1252 1856 libri
1282 1801 1494 1856 servaverunt.
1543 1793 1594 1856 cui
1616 1793 1795 1857 testimonio
1824 1792 2022 1880 adiungimus

370 1897 501 1962 alterum
524 1920 562 1961 cx
584 1896 691 1961 codice
712 1895 919 1974 Bruxellensi,
942 1897 995 1982 qui
1018 1895 1143 1982 hpumis
1166 1895 1246 1960 hanc
1268 1895 1450 1982 praeposuit
1472 1896 1704 1982 inscriptionem
1727 1902 1767 1983 (p.
1780 1900 1868 1977 alst:

807 2073 856 2148 ru
882 2058 976 2150 xer.
1006 2075 1187 2150 uentus
1217 2076 1376 2149 rnuvs
1397 2134 1405 2150 .
1426 2076 1580 2150 niuem

809 2179 927 2296 licrs
947 2281 954 2296 .
975 2221 1152 2296 eunom

368 2405 470 2490 prima
492 2405 595 2470 littera
618 2407 744 2471 alterius
761 2430 870 2472 versus
892 2408 922 2471 F
939 2408 1082 2473 mutilata
1104 2417 1135 2472 et
1156 2410 1244 2473 iuxta
1265 2409 1390 2474 lituram
1413 2418 1538 2473 exarata
1560 2417 1615 2487 cst,
1637 2430 1735 2492 neque
1752 2418 1854 2472 tamen
1878 2408 1918 2472 ab
1941 2410 2022 2472 inse

370 2509 475 2595 quenti
498 2508 516 2572 Ι
539 2518 660 2574 tautum
688 2510 796 2591 distat,
822 2519 858 2575 ut
880 2534 974 2575 manu
1003 2512 1104 2598 prima
1126 2510 1306 2577 FELICIS
1336 2513 1486 2598 scriptum
1516 2512 1613 2576 fuisse
1641 2511 1769 2597 eogitari
1800 2512 1909 2597 possit.
1953 2512 2025 2576 licet

369 2620 473 2676 autem
503 2613 656 2700 scriptura
679 2614 789 2678 leviter
815 2625 961 2701 corrupta
989 2616 1043 2694 sit,
1071 2615 1110 2679 de
1131 2616 1310 2680 nominibus
1333 2615 1459 2680 Enuodi
1487 2616 1621 2701 amplius
1651 2614 1787 2680 dubitari
1821 2639 1882 2680 non
1912 2627 2023 2702 potest.

369 2719 463 2784 etiam
487 2718 519 2780 in
540 2717 600 2782 hoc
623 2741 715 2782 suum
738 2742 849 2783 nornen
873 2719 968 2783 Feta
990 2718 1172 2783 Enuodium
1199 2720 1335 2784 iocatum
1363 2742 1430 2783 esse
1453 2719 1623 2784 conicimus
1652 2721 1682 2782 in
1705 2743 1755 2806 op.
1778 2718 2025 2800 CDXXIHse,

372 2825 423 2891 ubi
448 2847 480 2889 se
502 2824 621 2888 felicem
646 2822 748 2888 lintris
771 2823 924 2887 sarcinam
948 2830 994 2903 (ut
1015 2822 1174 2908 quondam
1197 2823 1323 2903 Caesar)
1346 2824 1525 2910 appellavit.

290 2948 358 2988 notas
476 2930 574 2991 Aetas
603 2925 729 2990 Enuodi
757 2925 869 2990 incidit
894 2927 926 2990 in
950 2949 1048 2990 annos
1072 2928 1251 2993 474-521
1277 2951 1307 3012 p.
1325 2926 1413 2991 Chr:
1437 2949 1551 3005 annus,
1576 2949 1638 3012 quo
1660 2936 1708 2990 cst
1731 2937 1883 3007 mortuus,
1907 2929 1938 2993 iu
1961 2930 2026 3015 cpi·

372 3031 480 3118 taphio
502 3030 551 3094 his
575 3029 689 3116 apertis
714 3028 817 3094 verbis
841 3028 985 3093 definitus
1008 3038 1068 3093 est:
1091 3028 1262 3116 ,depositus
1286 3027 1398 3093 subd.
1421 3029 1512 3096 XVI
1534 3029 1607 3094 Kal.
1624 3031 1786 3114 Augustas
1803 3030 1936 3096 Valerio
1953 3055 1981 3095 v.
2000 3055 2025 3094 c.

371 3135 528 3213 consultel‘
543 3135 562 3198 i.
578 3157 603 3197 e.
618 3130 783 3197 Enuodius
807 3133 947 3218 seprdtus
971 3132 1159 3198 est17.Iul.
1183 3137 1254 3200 521.
1284 3157 1347 3218 quo
1369 3142 1507 3218 tempore
1529 3142 1631 3197 autem
1653 3142 1746 3198 natus
1768 3134 1817 3213 sit,
1839 3135 1914 3198 satis
1937 3158 2027 3198 accu-

371 3248 437 3304 rate
459 3239 526 3324 ipse
548 3238 593 3302 sic
616 3236 782 3322 descripsit
797 3260 826 3322 p.
842 3240 959 3315 393,5;
981 3245 1129 3322 ,tempore
1152 3260 1214 3321 quo
1236 3235 1362 3300 Italiam
1385 3237 1600 3321 optatissimus
1615 3235 1799 3301 Theoderici
1822 3238 1902 3322 regis
1925 3261 2027 3302 resus-

286 3377 302 3407 .·
371 3341 482 3407 citavit
510 3342 682 3427 ingressus,
712 3363 782 3404 cum
810 3341 915 3404 omnia
948 3340 987 3405 ab
1021 3340 1154 3404 inimicis
1189 3341 1255 3404 eius
1286 3339 1497 3426 inexplicabili
1530 3339 1617 3404 clade
1644 3351 1840 3405 vastarentur
1868 3352 1913 3420 et,
1943 3340 2027 3427 quod

371 3455 549 3532 superesset
570 3443 694 3529 gladiis,
716 3446 813 3508 fames
829 3454 960 3524 necaret,
982 3467 1053 3508 cum
1069 3443 1190 3508 excelsa
1213 3444 1366 3508 montium
1389 3453 1622 3530 castrorumque
1645 3468 1730 3510 arces
1745 3446 1873 3532 penuria
1889 3467 2028 3532 perrum-

371 3559 458 3638 peret
479 3559 511 3613 et
534 3550 565 3612 in
588 3548 775 3612 crdmiuibus
797 3548 916 3613 locatos
939 3548 1034 3611 armis
1056 3547 1180 3611 saevior
1194 3557 1314 3632 egestas
1337 3546 1505 3611 obsideret:
1528 3572 1586 3632 ego
1609 3573 1759 3614 annorum
1775 3551 1871 3614 ferme
1893 3547 2026 3613 sedecim

371 3654 498 3733 amitae,
526 3676 607 3738 quac
630 3675 679 3717 rne
700 3653 833 3730 aluerat,
862 3676 898 3716 ca
929 3660 1112 3738 tempestate
1140 3651 1257 3716 solacio
1284 3652 1427 3736 privatus
1455 3658 1543 3715 sum‘.
1567 3692 1606 3699 -
1630 3654 1790 3730 Quoniam
1816 3651 2026 3716 Theodericus

371 3757 498 3822 Italiam
529 3766 646 3822 aestate
679 3758 752 3821 arrni
775 3759 838 3823 489
869 3757 1026 3842 ingressus
1061 3764 1122 3835 est,
1156 3756 1195 3820 ab
1227 3756 1372 3819 omuibus
1404 3779 1461 3841 pro
1491 3755 1653 3840 explorato
1686 3755 1817 3819 habetur
1846 3753 2026 3818 Ennodium

372 3885 454 3926 auno
477 3863 541 3928 473
564 3869 673 3924 uatum
696 3882 772 3923 esse.
817 3871 848 3923 ut
872 3860 898 3923 si
925 3860 996 3944 quis
1020 3859 1113 3944 paulo
1136 3859 1282 3923 attentius
1312 3858 1365 3921 illa
1389 3857 1485 3921 verba
1508 3857 1760 3943 circumspexerit
1788 3868 1818 3921 et
1847 3858 2028 3942 cognoverit

373 3965 464 4030 urbes
480 3963 696 4028 Mediolanum
718 3972 749 4026 et
764 3962 918 4039 Ticinum,
942 3963 994 4026 ubi
1010 3961 1175 4026 Enuodius
1198 3974 1265 4025 tum
1287 3961 1354 4040 t'uit,
1377 3960 1426 4024 lris
1448 3961 1596 4046 gravibus
1619 3961 1692 4026 belli
1716 3962 1836 4026 iniuriis
1860 3985 1922 4025 uon
1945 3985 2026 4026 anuo

373 4073 447 4148 489,
470 4092 533 4155 quo
556 4091 637 4132 anno
660 4066 700 4130 ud
723 4066 906 4131 Ravennam
930 4076 1102 4152 pugnatum
1126 4075 1201 4137 erat,
1223 4064 1278 4129 sed
1302 4064 1374 4129 inde
1395 4065 1435 4129 ab
1451 4088 1532 4130 anno
1548 4068 1612 4133 499
1635 4066 1766 4130 afflictas
1783 4089 1850 4130 esse
1873 4073 2028 4152 (excerpta

373 4172 485 4239 Vales.
502 4176 563 4250 53),
586 4169 766 4235 Enuodium
790 4171 852 4235 illis
870 4170 973 4234 verbis
990 4192 1105 4234 aunum
1122 4172 1185 4235 499
1208 4170 1442 4254 significavisse,
1464 4193 1537 4255 ergo
1560 4193 1642 4234 anno
1657 4172 1720 4236 474
1744 4180 1851 4234 natum
1866 4193 1934 4234 esse
1956 4193 2026 4234 cum

373 4277 488 4342 maiore
511 4273 801 4340 verisimilitudine
829 4275 975 4339 affirmari
1004 4273 1160 4338 concedet
1206 4284 1308 4338 tamen
1336 4284 1438 4338 utrum
1467 4297 1549 4338 anno
1571 4277 1634 4340 473
1663 4298 1702 4338 au
1725 4277 1789 4340 474
1815 4283 1907 4338 natus
1931 4274 1971 4336 sit
1995 4274 2026 4336 in

372 4403 526 4467 suspenso
548 4380 765 4466 relinquimus,
789 4380 862 4464 quia
885 4379 992 4442 ceteris
1016 4379 1103 4457 locis,
1127 4378 1178 4442 ubi
1203 4377 1241 4441 de
1263 4388 1364 4442 aetate
1387 4403 1445 4443 sua
1467 4380 1561 4444 verba
1583 4379 1665 4457 t'ecit,
1688 4389 1752 4443 tam
1775 4377 1929 4463 ambiguis
1952 4400 2028 4441 usus

371 4494 428 4564 est,
451 4494 486 4549 ut
508 4483 580 4548 inde
603 4483 679 4547 nihil
702 4485 776 4548 certi
800 4482 943 4547 conc-ludi
968 4483 1076 4568 quassit.
1109 4505 1148 4546 au
1169 4481 1241 4545 iude
1261 4482 1345 4567 quod
1367 4508 1399 4570 p.
1415 4487 1518 4563 5:3,28
1542 4483 1703 4568 indignum
1727 4484 1816 4548 annis
1832 4506 1866 4547 sc
1880 4483 2028 4569 episcopo

372 4612 440 4655 esse
462 4588 548 4667 dicit,
570 4588 628 4652 tibi
651 4610 771 4653 sumere
799 4586 895 4652 arrrdcs
925 4587 1009 4671 (quia
1031 4609 1087 4672 per
1113 4608 1246 4650 tatrones
1269 4609 1331 4650 nou
1355 4587 1442 4651 licuit
1466 4597 1535 4652 mite
1562 4587 1752 4651 tricesimum
1780 4586 1889 4650 aetatis
1912 4606 2027 4648 aunum

373 4693 586 4780 episcopatum
616 4691 772 4777 adipisci),
804 4691 984 4756 Ermedium
1013 4703 1081 4755 tum
1112 4713 1182 4754 eum
1214 4690 1267 4755 illa
1296 4691 1422 4776 scripsit
1443 4692 1463 4755 i.
1483 4715 1508 4755 e.
1535 4714 1617 4755 arrno
1645 4694 1708 4756 503
1736 4688 1874 4753 nondum
1902 4688 2028 4772 triginta

373 4819 472 4862 anuos
503 4806 612 4860 uatum
643 4796 760 4860 fuisset
808 4796 889 4859 idem
919 4797 970 4880 qui
1001 4796 1062 4859 iaun
1093 4817 1174 4858 aluno
1203 4798 1265 4862 495
1295 4793 1335 4858 de
1362 4818 1396 4859 se
1423 4794 1504 4858 dixit
1533 4800 1573 4880 (p.
1593 4798 1644 4869 49,
1662 4797 1714 4871 27)
1741 4793 1824 4872 ,olim
1852 4815 1922 4855 cum
1951 4790 2029 4855 adu-

373 4901 511 4967 lantibus
540 4898 768 4964 adulescentiae
794 4900 922 4964 floribus
954 4910 985 4962 ct
1014 4899 1162 4984 pueritiae
1185 4897 1287 4962 adhuc
1315 4923 1410 4964 verna
1437 4899 1588 4979 riderent,
1617 4899 1722 4963 decem
1754 4899 1817 4961 l'ere
1838 4897 1928 4961 annis
1956 4907 2028 4984 post

374 5006 422 5070 bis
439 5004 543 5069 verbis
566 5026 600 5068 sc
614 5005 776 5068 excusavit
792 5015 832 5090 (p.
849 5006 899 5082 72,
911 5007 963 5081 97)
983 5003 1081 5080 ,dabis
1098 5002 1221 5066 verrium
1242 5001 1328 5087 quod
1343 5002 1424 5066 celer
1439 5004 1593 5089 rescripsi,
1615 5004 1688 5088 quia
1704 5001 1797 5065 aetati
1812 4999 1915 5065 adhuc
1930 4999 2028 5066 debeo

374 5108 538 5174 indocilem
563 5108 810 5185 testinationem‘,
837 5117 908 5191 post
930 5130 1047 5192 paucos
1071 5129 1144 5170 vero
1167 5129 1265 5171 annos
1289 5106 1307 5169 i.
1323 5130 1348 5169 e.
1372 5109 1430 5173 511
1457 5129 1491 5170 se
1513 5107 1684 5193 appellavit
1707 5128 1822 5169 ιιιιιιιιιι
1845 5112 1885 5190 (p.
1901 5106 1973 5181 283,
1990 5104 2028 5181 8).

349 5256 362 5284 ,
478 5212 617 5276 Patriam
647 5234 735 5275 suurn
764 5233 831 5274 esse
860 5210 1035 5295 Liguriam,
1066 5210 1117 5274 ubi
1149 5221 1258 5295 postea
1285 5208 1389 5274 sedem
1413 5210 1592 5289 collocavit,
1619 5210 1686 5295 ipse
1714 5220 1805 5294 negat
1836 5208 1939 5273 verbis
1966 5228 2027 5269 non

374 5315 479 5380 dubiis
502 5340 532 5401 p.
547 5316 687 5393 233,23;
716 5315 851 5402 ,permisi
874 5314 1023 5379 hacteuus
1049 5312 1296 5400 magnitudinem
1326 5323 1461 5378 vestram
1489 5315 1695 5379 mobilitatem
1717 5315 1869 5399 Ligurum
1893 5311 2029 5376 urbanae

374 5419 446 5485 fuco
469 5417 689 5504 disputationis
710 5418 870 5496 incessere,
893 5417 967 5504 quia
988 5427 1020 5482 et
1041 5441 1090 5482 me
1113 5417 1201 5503 origo
1223 5416 1373 5482 reddebat
1395 5417 1531 5482 alienum
1544 5467 1551 5481 .
1564 5467 1571 5481 .
1584 5424 1601 5480 .‘
1623 5417 1718 5482 immo
1737 5416 1864 5483 Gallam
1874 5416 2030 5496 prosapia

375 5546 409 5588 se
430 5545 499 5587 esse
521 5520 635 5587 fatetur
658 5547 687 5610 p.
704 5525 804 5603 9,21,
826 5531 856 5586 et
881 5521 1011 5587 Gallum
1033 5544 1066 5587 se
1089 5522 1230 5587 nominat
1251 5522 1283 5586 iu
1306 5545 1357 5608 op.
1372 5520 1484 5589 CXCI
1499 5524 1530 5603 1,
1552 5519 1729 5607 ibidemque
1752 5528 1894 5607 parentes
1918 5518 2029 5584 Gallos
