4500 6232
639 284 701 338 Clll
720 283 840 350 (CARM.
860 283 884 344 2,
906 281 959 346 14),
986 279 1046 335 clv
1066 278 1185 341 (CARM.
1204 279 1229 340 2,
1249 279 1301 344 15).
1320 276 1365 331 CV
1385 275 1549 342 (cama,
1568 276 1622 343 16).

954 570 1042 637 0111
1065 570 1170 656 (casn.
1187 572 1217 650 2,
1235 568 1300 652 14).

669 729 733 802 Qui
756 748 911 814 possessa
933 727 988 790 diu
1011 726 1091 791 felix
1113 724 1301 788 habitacula
1321 724 1434 808 liquit?

716 832 810 904 Quae
833 831 936 895 crevit
957 831 1088 894 domino
1110 829 1157 893 sic
1180 827 1314 891 viduata
1336 828 1472 892 domus?

668 935 787 998 Aulica
809 934 990 1020 suscipiens
1013 932 1237 996 moderamina
1259 937 1372 1017 raptus
1394 932 1575 1016 inemptum

716 1036 810 1111 Quod
835 1038 939 1123 pretio
963 1037 1082 1102 mentis
1105 1036 1273 1121 quaeritur
1295 1034 1446 1099 obtinuit.

599 1157 609 1191 τι
671 1141 766 1205 Nunc
789 1136 881 1205 locirs
905 1141 1032 1226 inriguo
1055 1140 1177 1204 retinet
1199 1138 1285 1224 quod
1309 1133 1434 1203 sorbuit
1456 1139 1584 1218 haustu,

715 1246 878 1331 Prospera
900 1245 1088 1309 custodiens
1110 1244 1258 1308 faucibus
1281 1249 1354 1307 acta
1377 1244 1490 1308 semel.

669 1348 845 1434 Extemplo
869 1348 1016 1434 quisquis
1040 1348 1201 1412 successit
1223 1367 1356 1412 mansor
1378 1353 1412 1410 et
1432 1346 1539 1425 heres,

716 1453 872 1537 Ingresso
897 1452 1047 1516 dextrum
1071 1452 1207 1515 contulit
1229 1451 1293 1513 ista
1314 1449 1442 1535 pedem.

670 1556 757 1629 Quid
779 1563 925 1642 praestet
948 1556 1145 1637 consorsad
1168 1555 1267 1618 vitam
1290 1553 1406 1617 discite
1429 1559 1588 1631 sanctam,

588 1677 612 1712 w
717 1659 751 1721 Si
776 1659 917 1724 reddunt
938 1659 1076 1723 mundos
1098 1664 1187 1721 tecta
1209 1656 1317 1721 dicata
1338 1658 1437 1724 viros.

963 1966 1040 2034 clv
1063 1965 1168 2054 (man.
1186 1970 1216 2048 2,
1235 1966 1301 2053 15).

669 2127 732 2207 Da,
755 2132 851 2212 pater
873 2127 1090 2211 omnipotens,
1113 2146 1172 2209 per
1195 2125 1328 2188 saccula
1349 2124 1457 2209 longa,
1481 2145 1662 2209 precamur,

719 2229 803 2315 Spes
826 2236 862 2292 ut
885 2235 976 2293 certa
999 2228 1061 2313 piis
1084 2227 1269 2313 hospitibus
1292 2227 1413 2305 veniat,

671 2332 819 2397 Candida
842 2354 883 2397 ne
907 2332 1030 2396 meritis
1053 2330 1221 2394 fuscentur
1243 2331 1383 2395 stamina
1405 2331 1536 2409 nostris,

718 2437 792 2501 Neu
815 2437 911 2500 motis
935 2436 1033 2499 sistat
1056 2435 1165 2520 palma
1187 2441 1303 2519 parata
1324 2435 1417 2499 meis.

673 2540 794 2623 Surgat
818 2540 872 2623 qui
897 2539 1048 2624 propriae
1072 2538 1249 2623 genetricis
1271 2537 1357 2601 fotus
1379 2539 1412 2601 iu
1434 2539 1508 2601 alvo

718 2643 770 2708 Ad
793 2650 924 2727 gustum
947 2642 1034 2708 vitae
1058 2664 1117 2728 per
1139 2647 1196 2706 tua
1216 2641 1301 2706 dona
1323 2642 1423 2706 venit.

672 2748 723 2811 Tu
745 2768 821 2811 mea
843 2748 897 2811 vel
919 2747 1010 2812 tenui
1033 2746 1201 2831 perfundis
1224 2746 1323 2809 corda
1345 2766 1472 2831 sapore,

718 2851 768 2914 Tu
795 2855 913 2914 testem
937 2851 1081 2934 linguam
1104 2850 1272 2934 sanguinis
1296 2870 1367 2915 esse
1391 2849 1479 2913 facis.

673 2955 770 3017 Celsa
794 2953 970 3017 tenebroso
994 2953 1206 3017 frondescunt
1228 2953 1345 3017 arbuta
1367 2954 1457 3031 luxu,

719 3057 811 3130 Quae
835 3057 933 3120 nullis
956 3057 1088 3121 strinxit
1111 3056 1248 3120 falcibus
1270 3057 1422 3140 agricola.

974 3364 1028 3431 CV
1052 3365 1159 3452 (caan.
1175 3368 1205 3443 2,
1225 3365 1290 3449 16).

672 3521 845 3607 Eloquium
869 3529 978 3585 certus
1002 3527 1139 3586 naturae
1163 3521 1310 3585 constitit
1331 3518 1441 3599 index,

717 3626 859 3690 Perfecti
883 3625 1005 3688 fontem
1029 3646 1187 3710 quaerere
1210 3626 1265 3709 qui
1289 3625 1387 3689 sitiat.

671 3728 822 3792 Libertas
846 3749 977 3812 semper
999 3728 1113 3792 studiis
1137 3733 1303 3792 reseratur
1325 3728 1480 3799 honestis,

719 3831 918 3895 infabricata
941 3832 1023 3894 latet
1045 3830 1199 3894 nobilitas
1223 3832 1379 3896 tenebris.

603 3950 613 3982 ³»
674 3934 848 4020 Captivum
871 3934 964 3998 venis
986 3939 1150 3997 servasset
1173 3940 1260 3997 terra
1282 3935 1460 4013 metallum,

718 4038 759 4101 Ni
783 4038 875 4103 daret
898 4039 1049 4101 inventor
1071 4036 1157 4122 quod
1182 4045 1277 4102 vocat
1299 4038 1332 4101 in
1354 4038 1507 4102 medium.

674 4141 844 4207 Scrutator
867 4143 990 4207 fulvum
1014 4143 1178 4206 concessit
1200 4141 1340 4228 pallidus
1362 4164 1492 4207 aurum:

721 4244 785 4317 Qui
808 4246 890 4331 polit
913 4246 1090 4329 ingenium,
1115 4245 1160 4309 sie
1182 4245 1262 4310 facit
1284 4267 1359 4311 esso
1382 4266 1486 4310 suum.

674 4347 843 4413 Hactenus
868 4348 996 4413 Ionium
1019 4349 1221 4434 perlustrans
1244 4350 1367 4434 remige
1389 4370 1504 4435 pauco,

592 4468 616 4503 ¹⁰
720 4453 773 4517 Ad
796 4461 923 4539 portum
948 4452 1099 4516 cumbam
1122 4453 1228 4533 flecte,
1251 4452 1378 4534 Thalia,
1401 4475 1518 4519 meam.

412 4744 491 4812 [cml
528 4763 551 4796 v.
571 4744 584 4794 l
604 4747 685 4812 liquid
698 4745 723 4796 Β
849 4764 873 4797 v.
892 4745 910 4796 2
927 4753 1014 4797 crauet
1026 4745 1051 4796 Β
1173 4764 1196 4796 v.
1213 4745 1230 4796 3
1248 4749 1390 4814 suspiciens
1402 4746 1448 4797 B⁰
1534 4748 1657 4797 inomtum
1670 4744 1696 4795 Β
1817 4762 1841 4795 r.
1860 4744 1878 4797 t
1895 4744 1961 4812 aeta]

304 4841 379 4882 aucta
396 4831 494 4895 ΜΡ,
512 4832 603 4882 hausta
617 4832 712 4882 Hartcl
815 4848 839 4881 v.
858 4830 875 4881 9
893 4834 961 4897 quod
974 4832 999 4881 B
1068 4833 1100 4882 ad
1117 4841 1231 4884 sancum
1249 4835 1273 4883 d.
1290 4836 1370 4885 uitam
1385 4833 1464 4885 Sirm.

409 4931 487 5001 [clv]
524 4952 546 4985 v.
566 4932 583 4984 2
601 4933 638 4999 ut]
657 4934 774 4986 etSirm.
850 4935 987 4999 hispitibus
1002 4932 1040 4982 13¹
1150 4952 1175 4986 v.
1193 4934 1210 4984 6
1227 4937 1342 4986 uanetB
1450 4954 1476 4986 v.
1495 4933 1510 4984 ⁷
1528 4934 1704 5002 perfundosB
1815 4920 1878 4986 ν.’9
1896 4937 1964 4986 tron-

304 5020 406 5071 ‹lisount
419 5019 444 5069 Β
549 5038 572 5070 v.
593 5018 628 5070 10
644 5018 798 5086 agriculaB

409 5121 474 5189 [CV]
512 5123 628 5172 Primam
656 5122 731 5172 latrias
759 5123 881 5172 caminis
909 5122 1033 5172 ‹listicltoa
1058 5131 1080 5170 et
1101 5123 1218 5173 ultimum
1246 5125 1415 5176 antecedentis
1441 5126 1507 5176 inter
1529 5143 1555 5175 rc
1581 5125 1739 5192 transposita
1764 5124 1884 5176 videatur
1910 5141 1963 5174 esse

306 5227 328 5258 v.
350 5210 361 5258 l
382 5210 453 5259 iudix
466 5207 491 5257 B
603 5226 625 5258 v.
645 5207 662 5257 4
680 5207 800 5272 tenebris]
819 5209 910 5259 studiis
924 5209 1002 5259 Siras.
1114 5225 1138 5260 v.
1156 5207 1174 5258 5
1191 5220 1347 5262 rosarunssct
1363 5211 1406 5262 Vt
1518 5229 1541 5262 r.
1560 5211 1577 5261 8
1595 5213 1737 5278 ingenuum
1750 5209 1847 5261 Horret
1916 5206 1962 5273 sio]

306 5294 472 5345 hiclluemer
576 5312 602 5345 v.
624 5292 656 5344 10
673 5296 733 5345 talia
751 5295 848 5345 codices
