4500 6232
451 322 512 383 176
958 317 1068 373 CCXXI
1085 316 1190 385 (ulcr.
1209 316 1262 385 14),
1280 313 1405 372 CCXXII
1424 313 1529 382 (ulcr.
1549 316 1600 382 15).

450 492 591 557 animam
613 492 647 556 in
670 490 897 578 penetralibus
920 491 987 554 suis
1012 489 1073 554 snb
1090 489 1279 555 medicinali
1294 489 1405 576 specie
1423 489 1618 553 exclusurus
1633 488 1787 574 inquirat:
1812 488 1894 572 quis,
1915 509 2007 575 rogo,
2030 487 2109 554 h'nic

449 617 514 660 non
537 594 659 682 pandat
682 601 809 660 secreta
825 594 971 658 vitalium
995 600 1029 659 et
1051 595 1083 658 in
1107 593 1224 678 quibus
1247 591 1354 658 adhuc
1378 592 1459 657 locis
1475 592 1569 677 vigor
1591 591 1748 656 subsistat
1770 589 1962 656 adnuntiet?
1999 591 2109 657 lacilis

451 696 665 783 extinguendi
699 698 899 762 ministratur
932 696 1058 762 occasio
1092 698 1155 777 illi,
1191 718 1211 761 a
1240 718 1304 783 quo
1334 697 1457 762 sanitas
1491 696 1685 782 postulatur.
1735 696 1781 760 sic
1812 702 1863 776 te,
1898 696 2108 782 inpurissime

417 803 608 878 'lomuium‚
637 802 794 866 adversus
824 823 884 866 nos
907 802 1094 866 intimorum
1117 802 1316 866 reseratione
1339 801 1545 865 munivimus.
1591 820 1634 862 ex
1656 803 1766 863 vestro
1788 819 1884 879 nunc,
1908 800 2109 885 cognitores,

451 905 573 991 pendet
593 906 737 985 arbitrio,
762 906 788 968 si
806 906 860 989 qui
876 906 1019 991 peccatis
1035 905 1114 969 vicit
1129 904 1311 985 univorsos,
1335 926 1400 968 non
1417 904 1516 969 debet
1531 924 1645 967 omues
1661 923 1733 966 reos
1751 922 1906 988 superare
1925 904 2107 990 suppliciis.
2175 923 2189 961 ³

451 1009 634 1073 nascituras
663 1008 696 1072 in
726 1015 892 1094 posterum
916 1009 1029 1093 culpas
1053 1007 1204 1080 inciditc;
1234 1008 1366 1073 eveniet
1389 1029 1431 1073 cx
1454 1008 1550 1071 unius
1574 1007 1719 1071 cruciatu
1742 1006 1967 1090 generalitatis
1992 1029 2107 1072 omen·

452 1112 552 1177 datio.
603 1132 707 1196 genus
737 1111 870 1198 pietatis
903 1117 954 1176 est
984 1112 1071 1176 circa
1105 1111 1232 1177 hostem
1264 1111 1390 1197 patriae
1422 1132 1494 1176 esse
1527 1109 1725 1190 districtum,
1759 1130 1800 1174 ne
1835 1110 1911 1176 dum
1946 1132 2108 1196 personae

452 1215 597 1300 parcitis,
620 1213 661 1279 ad
685 1215 921 1279 incrementum
944 1214 1023 1279 vitia
1045 1215 1243 1301 provocetis.

1098 1504 1261 1574 caxxn
1283 1504 1378 1594 (uror.
1399 1506 1463 1594 15).

452 1702 611 1775 DICTIO
638 1702 687 1775 ΙΝ
713 1701 977 1776 NOVERCAM
1006 1702 1135 1791 QVAE
1162 1703 1261 1776 CVM
1288 1702 1476 1775 MARITO
1505 1702 1720 1776 PRIVIGNI
1744 1702 1858 1776 ODIA
1887 1703 2108 1778 SVADERE

744 1841 841 1914 NON
868 1840 1047 1914 POSSET
1075 1839 1317 1928 VTRISQVE
1343 1839 1534 1913 VENENA
1562 1839 1821 1914 PORREXIT.
2164 1864 2195 1903 ιο

565 1987 698 2098 Adest,
730 2017 868 2099 indicos,
897 2040 1055 2101 noverca,
1085 2037 1168 2103 quae
1192 2024 1228 2082 ut
1251 2017 1434 2083 satisfaciat
1456 2016 1554 2097 odiis,
1578 2039 1641 2083 non
1665 2020 1769 2105 parcit
1792 2018 1978 2093 affectibus,
2009 2041 2109 2105 quam

453 2139 494 2184 ne
518 2119 685 2205 privignus
715 2121 886 2199 evaderet,
916 2124 1017 2207 elegit
1040 2122 1181 2187 miscere
1205 2123 1276 2186 eius
1300 2120 1431 2185 casibus
1455 2142 1552 2207 quem
1575 2121 1706 2202 dilexit,
1738 2142 1821 2206 quac
1846 2121 2110 2188 saevissimarum

453 2244 543 2288 more
566 2222 737 2288 beluarum
760 2225 800 2290 de
825 2225 968 2290 contusis
991 2225 1151 2290 mortibus
1175 2230 1336 2289 tesseram
1360 2224 1454 2305 lecit,
1485 2224 1602 2310 dignos
1624 2225 1683 2289 leti
1706 2231 1794 2289 sorte
1818 2224 2012 2304 aestimans,
2035 2226 2109 2310 qui·
2193 2237 2198 2245 '

455 2347 593 2411 cumque
617 2348 690 2391 cum
713 2328 844 2395 inimico
867 2330 955 2393 illius
978 2336 1115 2415 potuere
1138 2328 1305 2394 trucidari.
1343 2328 1448 2415 ruptis
1471 2327 1638 2415 repagulis
1662 2328 1790 2414 accepit
1812 2328 1901 2392 furor
1924 2327 1994 2393 eins
2011 2349 2109 2394 exer-

423 2429 583 2511 tcitium,
607 2431 700 2515 quasi
722 2432 796 2495 neci
818 2431 1011 2518 deputatum
1033 2433 1197 2518 perimens
1222 2431 1376 2518 quidquid
1400 2432 1551 2496 occurrit.
1596 2431 1805 2517 generalitati
1827 2431 2012 2517 pomiciosa
2034 2453 2111 2497 esse
2167 2459 2196 2496 re

455 2532 656 2614 desiderans,
680 2535 743 2598 nisi
767 2534 967 2601 defecissent
989 2536 1110 2619 toxica,
1135 2536 1240 2601 adhuc
1262 2538 1313 2600 ira
1336 2536 1516 2602 crescebat.
1555 2534 1671 2599 hausta
1693 2540 1768 2599 sunt
1790 2555 1810 2599 a
1832 2534 1958 2600 dnobus
1980 2556 2112 2600 venena

455 2657 539 2722 quae
564 2638 723 2724 repperit:
753 2637 839 2724 quod
861 2640 894 2703 in
918 2639 1056 2703 aliorum
1080 2647 1266 2704 servaretur
1289 2639 1398 2719 exitio,
1423 2659 1487 2703 non
1511 2638 1679 2704 remansit.
1717 2637 1797 2702 hou!
1836 2636 2110 2722 quemadmodum

454 2741 578 2825 gemuit
600 2741 764 2807 defectum
785 2743 903 2828 poculi,
927 2764 1002 2808 cnm
1019 2744 1179 2808 cadavera
1194 2764 1301 2829 pauca
1316 2743 1533 2829 conspiceret,
1556 2741 1725 2826 indignata
1742 2739 1805 2804 sibi
1822 2738 1908 2826 quod
1923 2740 1964 2805 ds
1978 2740 2110 2806 funesto

422 2845 579 2930 3liqnore
602 2847 677 2932 plus
699 2845 871 2921 defunctis,
895 2867 992 2932 quam
1016 2847 1101 2933 quod
1119 2846 1293 2927 occideret,
1316 2845 1416 2911 dedit.
1455 2846 1618 2931 qnaesivit
1636 2844 1677 2908 do
1694 2843 1913 2909 extinctorum
1930 2844 2111 2909 viscoribus

452 2949 594 3035 pretium
616 2950 730 3014 mortis
753 2950 891 3029 alienae,
915 2951 943 3015 si
966 2951 1112 3016 licuisset
1135 2949 1337 3030 abstrahere,
1360 2955 1397 3013 ut
1419 2948 1569 3036 plurimis
1592 2969 1652 3034 per
1673 2953 1784 3032 guttas
1807 2947 1877 3012 fata
1892 2946 2109 3033 dispergeret,
2165 2980 2196 3014 :o

455 3059 491 3116 ut
514 3052 693 3117 animarum
716 3054 900 3138 penetralia
915 3056 1002 3119 virus
1027 3054 1135 3119 nobile
1159 3052 1353 3140 possideret.
1392 3059 1468 3118 ante
1493 3053 1753 3139 experimentum
1778 3050 1982 3137 perniciosus
2006 3052 2112 3117 effun-

454 3154 592 3220 debatur
621 3176 716 3220 umor
742 3157 775 3220 in
803 3158 971 3244 poculum;
1002 3159 1080 3223 lecit
1111 3178 1182 3221 eam
1213 3157 1291 3242 quid
1314 3155 1513 3243 perdidisset
1535 3176 1732 3241 agnoscere,
1765 3161 1936 3240 postquam
1959 3155 1999 3219 de
2023 3157 2113 3220 sucis

425 3257 698 3324 tabundantibus
730 3281 853 3346 paucos
889 3262 1039 3328 extinxit.
1093 3262 1227 3327 ubinam
1257 3261 1405 3346 gentium
1435 3261 1497 3326 fuit
1526 3261 1654 3325 animus
1684 3260 1864 3345 coniugalis
1897 3258 2113 3345 diligentiae?

454 3362 510 3428 nbi
537 3363 696 3427 maritalis
727 3372 967 3430 sacramentnm
998 3367 1160 3452 copulae?
1206 3366 1280 3451 plus
1309 3367 1377 3449 egit
1409 3364 1549 3451 privigni
1581 3384 1677 3449 quam
1708 3364 1771 3428 tori
1797 3363 1989 3428 recordatio.
2034 3363 2112 3429 dum

455 3467 638 3531 inmanitati
667 3467 867 3554 obsequitur.
900 3470 1065 3554 effugatus
1100 3475 1150 3534 est
1177 3469 1237 3533 viri
1265 3469 1448 3555 praesentis
1477 3467 1626 3532 affectus.
1673 3465 1809 3531 credidit
1839 3468 1873 3531 in
1904 3487 2110 3552 quocumque
2167 3490 2197 3529 aa

423 3570 586 3635 brivente
621 3571 762 3656 privigni
798 3593 968 3637 remanere
1001 3593 1098 3658 posse
1134 3572 1358 3636 substantiam.
1408 3573 1515 3636 lucem
1543 3572 1646 3635 voluit
1677 3570 1816 3657 profana
1848 3568 2047 3635 confundere
2077 3578 2112 3635 ot

454 3673 586 3738 humani
609 3675 740 3758 generis
764 3696 904 3740 messem
928 3676 1047 3740 mundo
1077 3676 1210 3741 labente
1241 3674 1378 3750 succidi,
1409 3674 1560 3761 quicquid
1584 3676 1616 3739 in
1640 3696 1792 3740 occasum
1816 3675 1923 3761 potuit
1945 3675 1992 3739 ire
2015 3694 2111 3761 prae-

455 3775 609 3862 cipitans,
638 3778 781 3841 veternis
805 3777 905 3842 Erebi
934 3778 1065 3863 legibus
1094 3779 1180 3843 diem
1205 3785 1349 3842 nostrum
1374 3780 1510 3864 cupiens
1534 3779 1695 3843 scelerata
1719 3777 1926 3857 submittere,
1955 3799 1995 3842 ne
2018 3778 2112 3842 illum

454 3879 507 3943 vel
531 3886 605 3965 post
628 3880 757 3943 interna
779 3879 913 3944 odiosus
936 3882 1123 3967 inspiceret.
1171 3883 1302 3966 quantis
1327 3881 1482 3967 gradibus
1506 3888 1538 3945 ct
1562 3882 1710 3967 proiectu
1735 3883 1896 3946 scelerum
1920 3881 1961 3945 ad
1983 3902 2112 3947 venena

454 3981 642 4047 descendit?
687 3982 743 4046 diu
771 3984 907 4046 exitium
936 3984 1078 4066 distulit,
1107 3984 1192 4070 quod
1222 3984 1396 4071 aliquando
1424 3986 1458 4047 in
1486 3986 1655 4050 tormentis
1679 3985 1856 4049 constituto
1879 3985 2015 4070 ingessit
2037 3985 2111 4050 vico
2166 4004 2198 4043 πο

456 4084 618 4148 beneficii.
656 4091 732 4149 ante
755 4085 867 4169 flagris
890 4087 977 4150 fame
1001 4087 1123 4172 frigore
1146 4089 1311 4152 inimicum
1334 4109 1452 4173 corpus
1476 4088 1616 4163 adflixit;
1640 4095 1807 4175 postrema
1830 4095 1882 4153 est
1897 4089 1930 4152 in
1945 4089 2111 4153 novercali

424 4187 678 4272 dindignatione
711 4190 799 4252 necis
831 4191 994 4255 executio.
1045 4193 1164 4256 vellem
1193 4192 1226 4256 in
1254 4192 1478 4271 accusatione,
1513 4192 1653 4271 iudices,
1688 4191 1809 4256 diutius
1843 4191 2012 4271 inmorari,
2047 4191 2112 4255 nisi

456 4289 660 4355 facinerosae
684 4313 823 4377 poenam
847 4293 1002 4377 prolixior
1025 4296 1137 4380 lingua
1159 4295 1316 4360 differret.
1361 4295 1528 4372 nolumus,
1557 4318 1637 4382 quas
1663 4297 1829 4382 peroranti
1852 4295 2046 4375 conceditis,
2074 4304 2112 4360 ut

456 4393 639 4458 addicenda
671 4395 703 4458 in
735 4398 808 4460 luce
845 4404 1010 4463 mereatur
1044 4400 1198 4465 indutias.
1250 4400 1417 4486 quotiens,
1452 4400 1684 4465 scelestissima
1718 4399 1929 4478 feminarum,
1964 4399 2112 4464 subdolis

456 4498 640 4583 privignum
674 4498 784 4563 fovisti
822 4501 959 4564 mentita
992 4503 1228 4589 conplexibus?
1280 4503 1432 4588 quotiens
1463 4503 1604 4567 innoxiis
1635 4503 1823 4588 potionibus
1852 4503 1964 4587 egisti,
2003 4508 2039 4566 ut
2069 4501 2110 4566 de
2166 4522 2195 4559 aa

456 4621 555 4666 manu
584 4609 640 4665 tua
667 4608 805 4668 mortem
838 4624 974 4669 securus
1003 4608 1187 4693 acciperet?
1233 4613 1364 4694 captata
1394 4606 1465 4670 sitis
1498 4612 1627 4691 tompus
1657 4615 1691 4670 et
1714 4605 1845 4670 bibendi
1869 4605 2111 4683 necessitatem,

425 1995 436 2053 l

562 4829 574 4879 l
600 4830 655 4880 suia
678 4845 733 4895 sup.
752 4831 797 4880 liu.
814 4829 840 4880 Β
978 4829 995 4879 3
1017 4831 1165 4897 extingendi
1184 4830 1209 4881 B
1347 4828 1364 4881 4
1386 4833 1500 4883 viminum
1519 4830 1627 4893 13th
1651 4832 1783 4881 hominnm
1800 4831 1858 4881 c'Pc
1961 4831 2111 4897 cognitore!

456 4914 567 4981 splendit
578 4913 611 4976 B,
634 4915 778 4980 cognitores
800 4918 887 4983 pendit
906 4918 981 4969 ceteri
1118 4916 1135 4967 5
1158 4919 1227 4969 nicet
1242 4918 1267 4968 B
1370 4935 1429 4969 reus
1447 4917 1471 4967 B
1609 4915 1624 4967 l
1647 4917 1795 4968 destrictum
1808 4915 1884 4966 BVL
2022 4916 2039 4965 a
2056 4934 2114 4984 par-

455 5001 518 5053 cetis
530 4999 606 5051 BVL

561 5101 700 5170 [ccxxss]
733 5102 764 5153 10
783 5105 979 5171 possitBVhT
1084 5107 1115 5158 13
1133 5110 1227 5176 dignus
1240 5109 1265 5158 Β
1375 5106 1406 5158 lr'i
1424 5108 1545 5174 quioquid
1562 5106 1586 5155 V
1662 5114 1778 5158 occurret
1790 5106 1815 5155 B
1920 5104 1952 5157 16
1968 5124 1984 5157 a
2001 5105 2114 5174 duobus]

457 5190 489 5240 ad
508 5191 583 5241 uobis
595 5190 620 5241 B
754 5189 787 5241 18
804 5200 893 5257 gemut
905 5190 949 5240 Ba
1037 5197 1134 5247 terresto
1146 5195 1172 5245 B
1298 5193 1329 5244 ‘21
1353 5195 1495 5261 possederat
1510 5193 1535 5243 Β
1660 5191 1694 5243 23
1717 5210 1814 5259 paucus
1826 5191 1867 5243 131
1991 5189 2025 5244 24
2047 5194 2115 5245 thori

457 5275 555 5327 codices
675 5274 709 5326 28
727 5276 815 5328 herebi
833 5277 930 5328 codices
1012 5279 1082 5329 illam
1096 5279 1134 5330 Pb
1259 5277 1293 5329 ι23
1312 5280 1414 5330 odiasus
1431 5278 1471 5326 Va
1598 5276 1632 5329 30
1649 5279 1774 5330 discendit
1786 5278 1811 5328 Β
1935 5276 1968 5330 31
1986 5279 2080 5331 afflixit
2095 5279 2120 5329 V

457 5357 491 5409 32
509 5361 579 5412 necis
598 5400 643 5412 ...
662 5363 824 5414 accusatione
842 5364 955 5429 sepliri.
971 5362 1013 5414 Η
1089 5366 1221 5418 exsecutio
1238 5364 1261 5413 V
1336 5365 1425 5417 nellim
1438 5365 1463 5414 Β
1584 5362 1618 5415 33
1636 5365 1780 5417 concedetis
1793 5365 1838 5415 Β(ι
1956 5361 1991 5415 35
2008 5366 2116 5418 mentita

457 5446 626 5512 conplexibus
635 5446 719 5510 31⁷⁶,
736 5449 915 5516 complexibus
932 5450 1038 5501 mentita
1051 5449 1151 5515 vam,
1168 5451 1345 5518 complexibus
1356 5459 1462 5502 matrem
1475 5451 1580 5502 mentita
1591 5450 1663 5509 ora·
1681 5452 1789 5503 mentita
1805 5452 1822 5501 i.
1835 5468 1856 5502 c.
1869 5450 1980 5503 mendax
1996 5448 2036 5517 <nt
2045 5469 2069 5503 c.
2081 5455 2116 5505 28

457 5532 581 5583 scelerata
599 5553 630 5575 =
649 5534 765 5599 sceleste)
844 5535 946 5586 inuoxis
959 5534 1004 5585 Bss
1116 5535 1150 5587 36
1172 5539 1278 5604 captasti
1298 5537 1403 5598 Hand,-
1426 5546 1453 5587 at
1474 5537 1514 5587 hic
1536 5537 1694 5595 accusadnru
1716 5554 1766 5603 pro
1791 5535 2116 5605 enmonoceupanti·

456 5615 556 5669 adesa
572 5625 600 5668 ut
613 5617 706 5670 GOXL
716 5622 750 5671 38
