4500 6232
736 311 833 367 CDLII
851 311 985 381 (OPUSO.
1003 313 1040 380 6),
1059 310 1169 367 CDLIII
1187 309 1309 381 (clun.
1327 313 1352 376 2,
1373 312 1443 381 151).
1858 314 1920 379 315

267 510 369 553 annos
393 487 528 572 respicis
552 490 585 549 et
607 484 773 568 intellegis
796 484 947 571 peritiam
970 485 1122 549 sufficere
1146 485 1211 549 iam
1234 484 1382 565 docendi,
1413 484 1454 551 de
1478 506 1542 571 quo
1567 485 1814 550 emendatorum
1836 486 1920 551 iudi-

267 591 353 655 cavit
376 591 506 656 electio.
553 595 603 653 est
626 587 787 673 Agapitus
816 589 982 673 patricius,
1012 595 1045 653 et
1068 589 1240 654 honestate
1263 590 1357 655 dives
1381 597 1413 655 et
1435 591 1584 655 scientia.
1620 595 1670 655 est
1692 589 1818 654 Probus
1839 610 1869 652 v.
1888 589 1921 671 i,

267 717 363 780 quem
387 695 415 759 si
439 694 631 779 sequamini,
659 693 750 755 illum
773 690 933 756 Faustum
962 699 995 757 et
1017 691 1192 774 Avienum,
1227 715 1308 780 quos
1338 693 1559 780 praedixistis,
1587 700 1790 780 praesentes,
1819 694 1920 758 etiam

268 820 341 863 cum
365 798 493 876 desunt,
518 795 692 860 habebitis.
738 801 867 859 ceteros
891 797 997 860 claros
1020 798 1117 873 viros,
1140 819 1221 883 quos
1241 805 1366 863 tantum
1389 799 1498 863 adme
1515 799 1623 883 opinio
1640 797 1767 879 detulit,
1791 798 1919 861 silentio
1932 798 1973 859 22

202 929 214 965 s
268 904 433 987 relinquo:
465 922 524 987 per
546 899 618 980 hos,
642 900 668 963 si
691 899 782 963 vobis
806 900 870 963 iam
895 900 984 964 cordi
1008 907 1059 965 est
1080 903 1262 982 maturitas,
1285 910 1342 966 aut
1364 924 1424 989 per
1447 923 1514 981 eos,
1538 923 1620 987 quos
1645 923 1716 965 sum
1740 900 1920 987 praefatus,

267 1005 445 1092 agnoscite.
490 1003 670 1068 manifestis
701 1004 786 1067 enim
814 1009 907 1088 patet
937 1004 1065 1069 indiciis
1095 1007 1217 1070 amicus
1247 1006 1406 1070 bonorum
1434 1006 1551 1070 necin
1574 1006 1678 1070 altero
1703 1025 1810 1069 mores
1834 1005 1921 1088 quis·

267 1131 363 1196 quam
386 1109 564 1188 hominum,
596 1108 658 1171 nisi
686 1128 768 1192 quos
798 1108 831 1170 in
855 1129 889 1172 se
917 1107 1081 1181 formavit,
1108 1108 1325 1195 amplectitur.
1371 1110 1435 1172 iam
1464 1109 1492 1173 si
1523 1115 1744 1173 matronarum
1776 1106 1919 1172 delectet
1932 1106 1973 1168 23

267 1215 378 1293 aditio,
400 1212 528 1276 habetis
552 1209 704 1274 domnam
719 1210 910 1290 Barbaram,
933 1211 1073 1276 Romani
1095 1214 1155 1277 flos
1178 1215 1276 1299 genii,
1300 1234 1383 1298 quae
1408 1214 1596 1277 testimonio
1613 1214 1723 1276 vultus
1739 1210 1921 1297 patefaciat

268 1319 375 1382 lucem
398 1315 567 1400 sanguinis
596 1323 630 1379 et
660 1315 797 1400 saporis,
827 1314 859 1378 in
888 1336 953 1399 qua
980 1317 1154 1381 invenietis
1178 1321 1211 1379 et
1232 1315 1452 1380 verecundam
1480 1317 1691 1380 securitatem
1715 1323 1748 1379 et
1771 1314 1812 1379 de
1837 1314 1922 1379 bono

267 1421 405 1485 actionis
429 1418 645 1484 confidentem
669 1419 911 1500 verecundiam,
939 1442 1124 1485 sermonem
1147 1421 1289 1485 naturali
1314 1427 1347 1485 et
1369 1420 1487 1484 artifici
1511 1421 1721 1507 simplicitate
1745 1417 1922 1497 conditum,

267 1533 303 1590 ut
325 1547 386 1591 nec
409 1526 503 1610 lepos
535 1522 729 1588 devenustet
757 1515 890 1610 alloquii
919 1545 979 1590 nee
1007 1525 1095 1590 duris
1124 1524 1281 1611 splendor
1308 1525 1503 1590 feminarum
1529 1525 1672 1609 rigescat
1700 1521 1866 1597 affatibus,
1888 1520 1921 1586 in

266 1648 331 1713 qua
354 1629 400 1691 sic
423 1627 456 1691 in
484 1634 633 1692 naturam
660 1628 792 1692 transiit
819 1627 998 1693 honestatis
1026 1628 1207 1713 diligentia,
1239 1634 1275 1691 ut
1299 1629 1326 1691 si
1350 1629 1402 1692 vel
1425 1627 1555 1692 mentiri
1577 1626 1688 1708 vellet,
1718 1646 1781 1690 non
1804 1631 1920 1711 posset

267 1751 421 1796 errorem.
466 1737 561 1795 sonat
582 1730 735 1817 pudicam
758 1731 870 1815 lingua
892 1730 1099 1797 dulcedinem
1123 1751 1184 1794 nec
1207 1731 1327 1795 mentis
1351 1731 1496 1794 nubilum
1518 1736 1605 1794 tecto
1630 1728 1740 1794 sereni
1761 1726 1920 1792 sermonis
1934 1734 1974 1795 24

267 1835 425 1921 operitur:
450 1833 512 1898 hoc
532 1841 583 1899 est
605 1835 745 1920 pectoris
762 1834 848 1920 qnod
864 1835 1024 1920 loquelae.
1060 1833 1115 1899 det
1137 1835 1268 1899 veniam
1292 1834 1486 1899 laminarum
1511 1831 1662 1898 diadema
1684 1830 1919 1919 praesumenti,

190 1963 214 2000 rs
266 1937 352 2023 quod
376 1939 447 2003 eius
470 1937 603 2003 insideo
630 1939 746 2024 quieti:
775 1939 873 2004 velim
899 1939 987 2003 illam
1016 1938 1165 2002 omnibus
1189 1937 1306 2002 ltaliae
1336 1937 1483 2024 partibus
1512 1936 1729 2001 imitationem
1752 1934 1922 2022 praeferri,

265 2046 302 2104 ut
332 2061 415 2126 quae
452 2062 517 2105 non
555 2040 772 2127 adquiescunt
806 2043 938 2107 monitis
968 2042 1189 2106 formarentur
1223 2041 1397 2127 exemplis.
1443 2048 1495 2104 est
1527 2040 1595 2103 illic
1629 2039 1729 2103 etiam
1762 2036 1921 2117 Stefania,
1934 2045 1975 2105 25

266 2142 565 2230 splendidissimum
589 2145 771 2210 catholicae
794 2147 903 2211 lumen
928 2145 1100 2225 ecclesiae,
1133 2146 1226 2210 cuius
1255 2147 1381 2209 natales
1411 2146 1457 2209 ita
1486 2144 1608 2208 maiore
1639 2143 1712 2206 luce
1744 2142 1921 2222 fuscantur,

266 2246 294 2311 si
315 2267 422 2311 mores
444 2247 630 2334 intellegas,
654 2270 692 2313 ac
710 2252 737 2313 si
755 2251 860 2315 facem
876 2250 988 2314 mundi
1006 2251 1120 2314 oculus
1136 2249 1185 2314 sol
1209 2248 1397 2319 obumbret;
1421 2250 1448 2312 si
1471 2247 1640 2332 ingenitae
1664 2245 1922 2310 conversationis

265 2347 373 2413 radios
396 2370 549 2436 seponas,
579 2353 652 2439 plus
676 2354 746 2417 eius
771 2355 931 2439 sanguine
960 2354 1007 2417 nil
1034 2353 1168 2418 lucebit.
1215 2352 1360 2431 istorum,
1390 2370 1612 2436 quoscumque
1640 2347 1808 2434 praefatus
1840 2368 1922 2429 sum,

188 2480 194 2496 ⁴
267 2453 416 2517 caelestis
429 2474 486 2517 vos
503 2453 703 2541 dispensatio
721 2457 835 2541 iungat
851 2457 1026 2542 obsequiis.
1047 2493 1084 2502 -
1102 2456 1190 2520 Ecce
1202 2455 1332 2520 habetis
1344 2456 1469 2541 gratiae
1482 2475 1576 2519 meae
1589 2451 1737 2517 obsidem
1753 2451 1919 2538 paginam,
1933 2452 1975 2515 26

266 2578 364 2643 quam
387 2557 476 2621 volut
496 2557 704 2645 pedagogam
728 2561 906 2626 sectamini.
955 2559 1008 2624 det
1032 2566 1144 2625 autem
1168 2559 1260 2623 vobis
1284 2558 1366 2623 dous
1389 2557 1475 2644 quod
1503 2557 1599 2622 decet
1623 2563 1656 2620 et
1678 2555 1765 2620 velle
1789 2575 1923 2640 semper

265 2667 300 2725 et
322 2662 442 2726 facere.
481 2682 560 2745 ergo
585 2663 612 2725 si
635 2685 794 2750 pomposa
816 2666 964 2729 oratione
984 2684 1051 2727 non
1069 2663 1167 2739 valui,
1190 2663 1338 2726 oratione
1355 2682 1413 2726 vos
1432 2683 1557 2726 memor
1572 2659 1783 2746 professionis
1799 2656 1919 2724 adiuvi.

631 2888 697 2954 Per
719 2896 763 2965 te,
787 2910 846 2976 per
870 2889 924 2972 qui
948 2893 980 2952 te
1003 2889 1104 2953 talem
1127 2909 1272 2974 genuere
1298 2894 1463 2974 parentes.
1932 2878 2065 2975 l'qssqgfss·

633 2992 839 3078 Symmacho,
863 3014 903 3057 ne
928 2998 1071 3057 nostram
1096 2998 1228 3057 maneat
1251 3013 1319 3056 sors
1343 2992 1425 3056 dura
1449 2991 1615 3070 tabellam,

632 3095 684 3159 Da
706 3096 858 3161 dextram
880 3096 971 3159 tenui
995 3101 1028 3161 et
1051 3102 1162 3161 tecum
1185 3115 1237 3159 me
1260 3095 1340 3160 tolle
1365 3115 1425 3181 per
1447 3093 1562 3157 undas.

630 3199 705 3263 Non
728 3200 807 3265 facit
830 3198 871 3263 ad
895 3220 1002 3264 mores
1027 3198 1215 3264 credentem
1240 3199 1355 3263 fallere
1380 3204 1523 3262 sanctus.

632 3303 687 3366 Nil
709 3323 832 3367 moror:
856 3323 896 3367 en
921 3303 1063 3388 supplex
1086 3303 1194 3383 venio,
1217 3303 1374 3366 miserere
1398 3302 1555 3387 precanti,

631 3406 718 3470 Vilia
741 3405 897 3470 divitibus
922 3405 1152 3470 commendans
1176 3404 1266 3470 dicta
1287 3408 1442 3491 patronis.

887 3630 1045 3697 Germina
1068 3631 1167 3711 clara,

887 3734 1015 3802 Sumite
1040 3736 1119 3801 sicci

886 3838 1000 3905 Verba
1022 3840 1178 3926 parentis.

886 3943 1008 4009 Nobile
1033 3943 1242 4020 dictumest,

887 4045 982 4119 Quod
1005 4047 1095 4113 bona
1117 4053 1287 4112 monstrat.

876 4392 1026 4461 cunm
1052 4394 1158 4481 (essu.
1175 4397 1205 4474 2,
1225 4395 1311 4479 151).

685 4568 760 4634 Vna
781 4566 897 4632 domus
921 4564 1044 4652 duplici
1067 4565 1214 4631 discreta
1236 4564 1383 4650 iungitur
1405 4562 1488 4629 aede

732 4671 944 4758 Partiturque
969 4690 1063 4735 suum
1087 4668 1172 4755 quod
1195 4670 1282 4733 bene
1306 4668 1409 4733 nectit
1431 4687 1524 4754 opus.

373 4922 385 4973 1
405 4940 486 4974 annos
504 4939 559 4987 sup.
575 4921 619 4971 lin.
631 4918 658 4969 Β
771 4916 787 4969 3
805 4917 975 4984 praedixistes
990 4915 1016 4965 B
1124 4911 1141 4967 4
1159 4909 1299 4979 habebitis]
1319 4912 1435 4964 suauetis
1449 4909 1475 4961 B
1582 4907 1600 4961 5
1616 4909 1665 4960 hos
1677 4906 1781 4973 Hartcl,
1798 4925 1846 4961 uos
1865 4909 1925 4960 liert

268 5008 283 5062 'l
301 5028 329 5064 se
346 5028 394 5063 om.
408 5010 433 5060 B
535 5005 553 5058 8
569 5013 659 5058 austes
670 5003 696 5054 Β
765 5005 853 5055 florem
871 5000 911 5051 Τ2
928 5010 951 5053 ct
964 5000 1052 5053 Srdctt
1155 4997 1172 5050 9
1188 4999 1332 5050 iuueniores
1347 4997 1373 5047 B
1441 4997 1616 5049 uerecundum
1631 4995 1657 5047 Β
1761 4993 1793 5047 11
1812 4996 1888 5063 lepus
1900 4992 1926 5044 B

267 5098 378 5165 spendor
389 5096 415 5147 13
518 5094 622 5161 rigiscst
639 5090 664 5141 B
805 5086 837 5139 12
860 5088 967 5139 transiet
984 5086 1010 5137 B
1113 5086 1260 5137 honestates
1276 5083 1302 5134 Β
1405 5083 1484 5135 vellet
1499 5083 1598 5148 scripsi,
1623 5083 1698 5135 uellit
1714 5081 1748 5146 B,
1771 5082 1837 5134 nolit
1853 5080 1929 5133 caari

268 5191 353 5251 posset
370 5182 469 5248 scriptas,
491 5181 571 5248 possit
589 5179 649 5230 libri
775 5174 808 5226 13
832 5174 948 5224 nobilum
961 5172 987 5223 B
1113 5168 1147 5221 15
1168 5171 1257 5222 uallim
1269 5169 1295 5220 B
1387 5170 1504 5237 patribus
1518 5167 1543 5218 Β
1635 5169 1662 5219 in
1681 5169 1849 5220 imitationem
1860 5168 1928 5235 sort.

269 5267 302 5320 16
320 5272 462 5322 formentur
479 5268 543 5319 coni.
557 5266 665 5322 Hortalr
681 5264 712 5330 es
720 5280 750 5328 p.
764 5265 821 5324 281,
841 5263 875 5310 27
965 5258 1102 5326 stephania
1117 5255 1142 5305 V
1265 5253 1297 5306 17
1316 5255 1544 5323 spondedissimum
1556 5253 1582 5304 B
1710 5250 1742 5305 18
1759 5254 1890 5321 intelliges
1903 5251 1929 5303 Β

268 5357 357 5408 oeulos
374 5355 472 5407 codices
558 5353 694 5404 obumbcrt
705 5346 746 5400 13¹
882 5343 917 5396 20
934 5346 1041 5398 celestes
1053 5344 1079 5395 B
1166 5343 1271 5395 habetes
1283 5341 1308 5393 B
1442 5339 1473 5393 21
1495 5342 1657 5408 pedagogum
1670 5341 1685 5390 t
1816 5337 1852 5391 25
1868 5340 1929 5391 ω.

268 5452 348 5496 teram
365 5443 409 5493 VL
512 5437 547 5490 26
564 5441 633 5492 facet
644 5437 670 5488 B
738 5443 846 5488 sauctus
863 5434 963 5501 sampsi,
981 5440 1084 5485 sanctos
1103 5431 1163 5482 libri
1265 5426 1301 5480 29
1318 5429 1422 5496 gemina
1433 5427 1478 5478 13⁰
1582 5424 1618 5477 30
1635 5427 1742 5479 sumite·
1754 5424 1780 5477 Β

372 5542 501 5613 [cunm]
537 5547 577 5597 Da
594 5543 695 5596 duabus
713 5543 833 5593 domibus
851 5540 998 5592 coniunctis
1014 5539 1092 5589 inser.
1105 5535 1201 5594 simus
1218 5535 1272 5585 sine
1290 5533 1449 5584 Martem
1467 5531 1642 5597 superioribus
1658 5529 1772 5582 cerritus
1784 5528 1931 5595 myrea

268 5634 366 5687 codices
468 5647 532 5682 vers.
547 5637 560 5682 1
578 5639 601 5682 et
620 5633 637 5680 2
653 5630 681 5680 io
694 5630 750 5696 fiae
768 5628 856 5679 tollor.
871 5625 930 5677 CPb
1037 5640 1061 5674 r.
1081 5619 1099 5672 2
1117 5622 1224 5688 partitor
1235 5618 1261 5669 Β

1666 5707 1722 5762 40·
