4500 6232
226 1448 252 1485 10

240 1965 251 2000 ε,
305 1939 462 2000 memoret
489 1929 686 1995 vociferans:
719 1932 802 1993 ‘cum
831 1929 987 2010 infirmor,
1015 1935 1092 1994 tunc
1122 1939 1240 2016 potens
1271 1931 1365 1996 som'
1411 1939 1504 1998 taceo
1531 1934 1675 1999 inediam
1697 1935 1800 2021 frigus
1824 1930 2041 2001 iniurias16¹¹
2055 1932 2104 1975 ⁰⁰¹·

1033 288 1046 351 1
1064 288 1167 365 (DlCl'.
1187 294 1223 367 1).
1937 308 1956 371 3

302 475 502 562 praestares,
536 468 624 558 paris
654 468 745 545 facti,
777 470 863 559 quod
892 473 981 538 dictu
1011 473 1104 538 nefas
1133 480 1198 553 cst,
1234 475 1409 540 multorum
1442 477 1594 564 exempla
1623 485 1825 564 suggerens?
1872 502 1956 566 quae

301 578 432 665 quidem
454 584 490 642 tu
514 577 647 643 uitanda
670 577 858 665 despiciens
882 586 916 642 et
937 578 979 642 ad
997 578 1171 642 uindictam
1196 581 1304 644 sereni
1327 583 1485 667 temporis
1508 604 1644 648 servans
1667 586 1845 650 memoriae
1868 608 1955 652 corn-

302 685 432 762 misisti,
455 682 666 749 detestabilia
687 683 845 762 retinens,
869 702 910 745 ne
926 703 986 767 per
1001 683 1199 746 oblivionem
1215 684 1337 769 inpune
1354 686 1539 766 transirent,
1563 693 1598 751 et
1612 689 1769 775 maiorem
1785 689 1954 757 horrorem

303 790 495 860 excessibus
517 787 653 866 debens,
676 785 754 849 dum
777 787 903 849 ruinam
926 786 1045 850 metuis
1068 786 1216 850 aliorum.

411 893 478 959 Sed
501 891 634 957 remotis
658 888 785 954 dicendi
809 888 987 953 obstaculis
1004 890 1173 953 veniamus
1196 889 1237 953 ad
1261 890 1327 967 illa,
1352 913 1437 976 quae
1461 894 1616 978 religioso
1638 902 1713 959 sunt
1736 897 1840 980 magis
1857 896 1957 981 digna
1971 899 2009 960 14

303 1002 501 1067 memoratu!
547 1015 619 1059 cum
652 993 779 1057 hostilis
813 994 956 1079 inruptio
987 1013 1077 1057 more
1108 1013 1263 1078 pecorum
1292 994 1514 1060 Christianum
1549 1000 1703 1085 populum
1737 1022 1796 1087 per
1829 1001 1958 1065 diversa

302 1103 509 1177 distraheret,
540 1106 574 1163 tu
597 1098 761 1161 variorum
785 1097 960 1180 generibus
984 1098 1188 1161 cruciatuum
1212 1097 1395 1183 capiebaris
1419 1100 1450 1163 in
1475 1102 1636 1183 omnibus,
1661 1112 1696 1168 tu
1720 1110 1856 1190 paterna
1878 1125 1956 1168 con-

303 1216 419 1275 ventus
442 1206 566 1292 pietate
590 1200 775 1266 sustinebas
797 1207 962 1266 tormenta
985 1203 1170 1280 multorum,
1195 1208 1231 1265 ut
1253 1203 1299 1266 ait
1314 1205 1498 1288 apostolus:
1524 1208 1605 1291 ‘quis
1623 1216 1766 1271 vestrum
1782 1209 1954 1286 cruciatur,
1991 1205 2075 1301 {lcgp

304 1322 337 1378 et
365 1333 431 1377 non
461 1305 554 1393 egot’
600 1306 686 1370 inter
715 1307 779 1370 ista
808 1313 918 1370 tamen
948 1306 1087 1371 fractum
1111 1312 1143 1370 te
1167 1328 1232 1371 non
1256 1308 1338 1371 vidit
1360 1309 1551 1374 adversitas.
1598 1313 1660 1376 hoc
1691 1312 1864 1398 triumphis
1888 1289 2024 1376 suisli>⁸

304 1415 436 1501 decerpi
459 1412 562 1477 sensit
584 1410 747 1488 inimicus,
778 1408 864 1495 quod
888 1412 974 1495 capti
995 1410 1177 1475 sacerdotis
1201 1413 1344 1476 animum
1368 1435 1432 1477 non
1463 1415 1604 1499 subegit.
1650 1415 1821 1500 pugnabas
1850 1415 1957 1479 adhuc

301 1541 361 1608 pro
390 1517 593 1583 absolutione
621 1513 835 1599 plurimorum
865 1519 898 1577 et
926 1513 984 1576 tibi
1014 1514 1095 1578 nihil
1117 1523 1269 1579 metuens
1292 1515 1333 1581 de
1358 1517 1464 1603 plebis
1489 1525 1564 1583 tuae
1588 1520 1755 1584 anxietate
1778 1519 1958 1605 pendebas.

302 1625 378 1688 nolo
407 1621 529 1686 diutius
557 1617 706 1681 tristibus
735 1616 904 1696 inmorari,
937 1617 1013 1681 nolo
1043 1619 1242 1702 tragoediam
1274 1620 1407 1706 maligni
1431 1623 1586 1708 temporis
1610 1624 1755 1709 aperire,
1787 1624 1893 1687 libans
1918 1623 1959 1687 de

303 1726 430 1791 inlustri
454 1722 704 1787 conversatione
728 1727 785 1784 tua
808 1721 976 1806 aliquanta
999 1725 1217 1808 praetervolo,
1243 1746 1283 1789 ne
1308 1732 1341 1789 te
1358 1726 1521 1790 narrando
1539 1748 1654 1812 cogam
1671 1727 1778 1792 denuo
1796 1730 1958 1792 sustinere

304 1853 387 1918 quae
417 1848 535 1916 passus
565 1849 617 1899 es;
648 1845 844 1910 quamquam
874 1824 989 1889 doctor
1017 1827 1164 1909 gentium
1187 1828 1219 1891 in
1242 1828 1453 1893 tribulatione
1478 1832 1657 1894 exercitum
1682 1853 1718 1896 se
1740 1832 1844 1898 fuisse
1868 1854 1957 1897 ccm-

304 2047 337 2105 et
351 2040 419 2117 illa,
442 2056 526 2123 quae
544 2035 604 2100 tibi
621 2033 745 2098 inimici
762 2033 889 2098 animus
906 2033 1058 2119 providit,
1083 2042 1261 2120 augmenta
1276 2037 1473 2101 morborum.
1508 2036 1576 2117 sed,
1593 2038 1702 2115 credo,
1723 2039 1804 2104 haec
1819 2039 1958 2125 puerilia
2022 1989 2054 2031 η’
2072 1991 2105 2029 ω’

304 2151 338 2210 et
359 2163 437 2207 suco
460 2140 616 2224 antiquae
633 2136 823 2201 valitudinis
847 2138 984 2202 robusta
1007 2140 1157 2204 membra
1179 2140 1373 2206 tolerabant.
1412 2162 1520 2205 nonne
1545 2144 1701 2207 emortuis
1718 2165 1777 2230 per
1793 2164 1958 2231 conpages

303 2248 439 2314 artubus
463 2254 497 2309 et
520 2266 540 2308 a
562 2242 780 2330 possibilitate
812 2241 944 2328 propria
976 2244 1073 2328 longa
1100 2244 1164 2307 iam
1188 2250 1299 2309 aetate
1322 2245 1487 2309 distractis
1511 2246 1581 2310 sola
1604 2245 1712 2309 anima
1735 2248 1823 2311 flecti
1847 2248 1958 2312 nescia

305 2350 488 2418 sustinebat
522 2353 555 2412 et
589 2344 746 2410 imitanda
779 2347 961 2409 intentione
997 2346 1156 2410 adversus
1195 2349 1414 2432 inpugnantes
1448 2370 1540 2413 muro
1576 2352 1778 2416 constantiae
1815 2351 1960 2416 stabilita

305 2454 472 2522 certabat?
505 2456 579 2539 post
599 2451 681 2515 haec
699 2449 739 2513 ad
755 2448 936 2513 redivivum
953 2456 1074 2514 statum
1091 2451 1253 2515 libertatis
1269 2458 1400 2537 optatae
1417 2473 1593 2538 numquam
1609 2456 1662 2541 pia
1679 2462 1756 2519 vota
1772 2453 1958 2540 despiciens
1974 2450 2011 2510 17

304 2559 457 2625 Christus
485 2554 672 2641 redemptor
699 2560 812 2619 noster
840 2554 982 2617 occurrit
1013 2559 1047 2617 et
1075 2553 1197 2618 fractas
1220 2555 1359 2619 Romani
1392 2556 1532 2621 nominis
1561 2558 1647 2623 vires
1677 2557 1794 2622 artifici
1816 2556 1960 2621 medella

302 2663 434 2728 solidat:
467 2661 500 2725 in
528 2659 674 2743 rigorem
701 2658 907 2722 salutiferum
935 2679 989 2721 res
1021 2659 1162 2721 contrita
1192 2661 1362 2725 remeavit.
1408 2682 1481 2725 cum
1510 2683 1553 2726 ex
1583 2662 1649 2726 alto
1682 2661 1834 2746 benignis
1858 2659 1960 2724 oculis

303 2766 456 2832 caelestis
488 2762 674 2828 dominator
702 2762 846 2846 aspexit,
879 2760 1176 2826 Mediolanensium
1204 2762 1275 2826 urbi
1307 2765 1363 2827 lux
1393 2771 1445 2829 est
1473 2766 1596 2850 proprii
1620 2763 1748 2829 reddita
1770 2763 1960 2828 sacerdotis.

303 2877 381 2935 tunc
405 2889 478 2933 cum
501 2886 594 2930 rarus
618 2864 791 2944 habitator,
815 2870 893 2928 tunc
917 2885 989 2928 cum
1013 2886 1105 2929 error
1128 2867 1159 2929 in
1184 2866 1334 2930 domibus
1359 2875 1392 2931 et
1406 2889 1467 2952 per
1482 2867 1592 2932 dulcia
1608 2867 1832 2932 cubiculorum
1847 2867 1960 2931 limina
1975 2861 2106 2967 milii

239 3045 242 3052 ,
307 2972 443 3039 confusa
471 2970 649 3048 discursio,
681 2974 758 3031 tunc
792 2988 865 3031 cum
894 2968 1015 3053 ubique
1046 2991 1148 3053 pavor
1177 2977 1210 3034 et
1234 2971 1340 3034 luctus
1365 2978 1399 3035 et
1422 2970 1473 3036 dei
1498 2973 1623 3056 templa
1646 2973 1678 3034 in
1701 2971 1844 3036 ferarum
1869 2970 1961 3035 habi-

304 3078 427 3144 tatione
447 3075 607 3161 deputata
630 3072 818 3152 sordebant,
843 3093 917 3136 cum
935 3093 1082 3137 marcens
1099 3074 1226 3138 incuria
1242 3074 1508 3159 splendidissima
1524 3073 1645 3138 dudum
1662 3076 1746 3139 atria
1762 3075 1826 3139 situ
1842 3073 1961 3139 vetusti

304 3182 426 3248 umoris
454 3178 651 3258 obnuberat,
685 3177 844 3241 laetitiam
873 3177 992 3241 ceteris
1022 3184 1078 3240 tuo
1106 3177 1226 3242 dedisti
1256 3177 1296 3242 dc
1327 3177 1450 3258 reditu,
1480 3185 1516 3241 tu
1540 3199 1711 3262 regressus
1735 3177 1777 3242 ad
1801 3178 1961 3242 lacrimas.

304 3296 381 3353 tunc
410 3305 500 3349 more
532 3283 655 3362 avium,
686 3281 820 3365 quihus,
849 3279 925 3344 dum
952 3290 1040 3345 terra
1067 3281 1196 3345 nivibus
1226 3283 1375 3361 vestitur,
1409 3288 1442 3346 et
1471 3281 1609 3346 alicuius
1638 3282 1700 3345 loci
1724 3282 1756 3344 in
1780 3303 1872 3368 spem
1895 3281 1959 3345 cibi

305 3390 463 3477 spoliatur
486 3385 648 3471 angustia,
674 3384 801 3449 videres
826 3405 910 3469 quae
936 3406 1105 3450 remanere
1129 3392 1306 3472 potuerunt
1329 3386 1434 3471 plebis
1458 3385 1612 3470 reliquias
1637 3385 1835 3449 confluxisse
1860 3391 1894 3448 et
1917 3383 1957 3447 ad

306 3493 385 3558 boni
412 3491 556 3579 pastoris
583 3488 805 3576 praesentiam
828 3487 970 3573 undique
992 3489 1140 3574 fatigatis
1164 3490 1276 3553 balatu
1299 3489 1487 3553 nemoribus
1511 3509 1628 3573 greges
1652 3509 1831 3553 occurrere.
1878 3488 1961 3551 alios
1976 3493 2015 3552 19

306 3604 384 3662 tunc
412 3593 584 3680 multiplici
615 3591 820 3657 sustentandi
853 3614 976 3679 genero
1013 3593 1181 3658 mulcebas
1210 3595 1328 3673 affatu,
1360 3595 1441 3657 alios
1473 3591 1646 3657 reficiebas
1677 3592 1847 3677 inpendio,
1880 3590 1961 3656 alios

305 3699 491 3767 hortabaris
516 3696 677 3782 exemplo.
717 3697 808 3760 brevi
831 3702 908 3782 post
931 3697 963 3761 in
987 3699 1156 3783 antiquum
1180 3704 1310 3773 statum,
1334 3699 1388 3783 qui
1411 3696 1470 3761 tibi
1494 3703 1569 3782 post
1592 3694 1689 3760 deum
1712 3694 1861 3775 debetur,
1884 3693 1962 3758 urbs

304 3805 369 3869 iam
399 3802 529 3888 sepulta
559 3799 698 3866 revaluit
725 3807 773 3878 et,
803 3820 888 3885 quae
919 3822 984 3865 non
1007 3800 1164 3866 credebat
1188 3802 1220 3865 in
1244 3821 1279 3865 se
1303 3802 1446 3885 reparari
1470 3821 1569 3886 posse
1593 3798 1678 3885 quod
1702 3799 1823 3878 fuerat,
1855 3797 1964 3882 eoepit

305 3909 371 3974 iam
393 3907 530 3973 meliora
552 3905 721 3970 aemulari.
766 3910 854 3982 tunc,
879 3906 933 3990 qui
956 3907 1043 3970 vitae
1066 3926 1144 3970 usus
1169 3911 1230 3984 est,
1260 3925 1395 3969 cernere
1419 3912 1491 3969 erat
1513 3904 1623 3967 omnia
1647 3902 1688 3966 ad
1712 3902 1862 3966 latiorem
1886 3921 1961 3987 pro-

242 4064 247 4076 .
306 4011 429 4078 fectum
452 4011 547 4076 bonis
571 4009 780 4074 successibus
805 4009 943 4074 invitari.

307 5621 440 5692 aalma
457 5620 487 5688 (ιι
504 5619 631 5688 anne
733 5617 767 5672 οι
787 5616 850 5686 aas]
868 5615 966 5671 oraro

414 4113 517 4180 (lurra
539 4134 598 4200 per
621 4113 752 4198 singula
776 4113 916 4177 strictim
940 4113 1124 4191 referendo,
1148 4112 1268 4198 quibus
1292 4133 1374 4198 opus
1399 4118 1450 4176 est
1472 4113 1572 4196 longa
1588 4111 1741 4185 narratio,
1765 4109 1807 4173 ad
1823 4127 1961 4193 agonem
1975 4114 2015 4175 20

306 4222 393 4285 vitae
417 4225 506 4297 tuae,
529 4217 572 4281 ad
588 4217 706 4281 summi
723 4216 948 4281 celebritatem
964 4218 1119 4304 propositi
1137 4222 1367 4304 perventurus.
1406 4216 1551 4281 secunda
1565 4222 1639 4301 post
1655 4214 1788 4278 dubium
1806 4213 1961 4300 temporis

307 4330 383 4388 nata
413 4329 465 4389 est
490 4321 524 4386 in
554 4320 696 4386 ecclesia
718 4321 868 4384 Romana
897 4321 1086 4406 captivitas,
1120 4340 1204 4405 quae
1232 4326 1264 4385 te
1295 4321 1387 4406 quasi
1420 4321 1485 4384 iam
1512 4319 1567 4383 diu
1597 4317 1745 4383 desidem
1778 4326 1811 4382 et
1842 4317 1964 4382 laboris

306 4427 458 4512 fugacem
482 4424 523 4490 de
547 4425 664 4510 longae
688 4424 762 4487 sinu
786 4423 904 4508 quietis
928 4422 1146 4498 abstraheret,
1171 4444 1244 4487 cum
1261 4424 1317 4486 vix
1340 4443 1396 4508 spe
1419 4422 1510 4508 pacis
1534 4421 1656 4486 laboris
1682 4422 1729 4485 tui
1753 4442 1845 4485 arma
1862 4420 1963 4506 depo-

309 4531 372 4596 sita
393 4536 610 4596 resumuntur.
646 4527 823 4593 deberetur
847 4526 988 4612 quidem,
1012 4527 1142 4590 nisime
1159 4525 1265 4590 laudis
1282 4533 1359 4590 tuae
1377 4546 1517 4590 censura
1533 4525 1749 4610 pertraheret,
1773 4525 1805 4588 in
1823 4523 1965 4608 lugenda

308 4655 407 4700 causa
433 4633 618 4712 silentium,
646 4638 682 4695 ut
710 4633 744 4695 in
772 4651 838 4693 una
861 4635 970 4695 aetate
994 4630 1172 4695 memoriae
1195 4636 1310 4715 pereat
1332 4651 1385 4695 res
1409 4629 1559 4694 nefanda.
1606 4636 1738 4693 senatus
1763 4629 1829 4692 illic
1853 4629 1962 4693 curiae
1976 4629 2012 4690 21

206 4808 211 4822 ‚
308 4739 460 4804 caelestis
486 4737 610 4802 accitus
641 4742 706 4808 est,
739 4735 784 4799 ibi
808 4756 850 4799 ex
874 4734 971 4798 variis
993 4734 1170 4820 provinciis
1194 4734 1424 4819 episcoporum
1448 4732 1544 4797 turba
1568 4733 1740 4807 confluxit,
1770 4731 1826 4796 ubi
1850 4738 1963 4796 coetus

412 5013 427 5066 1
446 5017 513 5083 paris
530 5015 555 5065 Τ
566 5022 590 5066 ct
602 5012 691 5076 Siras,
708 5028 782 5080 pares
800 5011 874 5063 ceteri
978 5010 996 5061 5
1014 5011 1096 5078 magis
1109 5008 1142 5073 Β,
1160 5027 1208 5061 om.
1222 5011 1296 5062 ceteri
1400 5008 1415 5060 7
1434 5011 1576 5062 cruciatum
1589 5010 1615 5060 B
1719 5006 1752 5060 12
1770 5007 1926 5074 traguidiam
1938 5005 1964 5056 B

308 5102 423 5156 libensb
545 5099 577 5151 14
595 5117 744 5167 quanquam
763 5098 785 5147 V
903 5096 937 5149 lb
954 5095 1028 5164 tunc]
1046 5106 1101 5149 tum
1115 5097 1153 5147 Pb
1234 5098 1318 5163 frigus
1336 5105 1362 5148 et
1378 5098 1518 5148 iniuriasb
1638 5093 1668 5145 ll
1687 5110 1815 5161 conpages
1834 5094 1861 5159 (p
1879 5094 1906 5143 in
1920 5093 1965 5155 lia,

307 5206 325 5258 g
342 5187 421 5253 corr.)
434 5187 460 5238 B
597 5186 631 5238 18
652 5186 736 5251 arl'j'tn
751 5185 756 5248 Ι
772 5187 821 5238 bus
844 5184 884 5251 (tu
900 5193 957 5250 post
976 5186 1021 5234 lin.
1040 5184 1102 5234 adl.
1122 5200 1191 5233 man.
1210 5182 1235 5247 2)
1249 5182 1275 5232 B
1411 5180 1446 5233 20
1463 5184 1601 5251 dispiciens
1614 5181 1639 5232 B
1777 5179 1809 5230 21
1828 5179 1928 5231 medela
1944 5178 1969 5226 V

307 5273 342 5328 22
359 5275 452 5328 solidat
467 5273 572 5337 Hortel,
596 5274 703 5325 solidata
722 5273 782 5323 libri
921 5269 955 5320 23
978 5271 1207 5321 mediolanensium
1228 5309 1322 5322 .....
1342 5271 1480 5323 sacerdotis
1503 5271 1532 5321 ia
1548 5269 1664 5335 margine
1683 5267 1805 5334 traseriore
1823 5265 1909 5330 mppl.
1921 5260 1965 5314 Β)

306 5360 342 5413 24
358 5362 459 5414 lumina
473 5359 549 5411 VLT
629 5358 665 5411 25
683 5360 709 5410 in
722 5358 771 5410 dcl.
790 5354 869 5407 T2J’c
921 5357 1074 5407 habitationi
1091 5355 1168 5420 Vna,
1187 5357 1389 5409 habitationibus
1403 5357 1441 5407 Pb
1531 5353 1565 5407 27
1579 5356 1724 5406 obnuuerat
1742 5352 1848 5415 codices,
1866 5350 1963 5403 cmcrrd.

308 5448 396 5501 aenou
413 5456 437 5499 ct
455 5447 534 5500 Siros.
612 5455 641 5498 tu
658 5447 686 5497 in
699 5447 735 5497 lit
748 5445 773 5495 B
888 5441 923 5495 29
941 5443 1036 5495 uideris
1050 5442 1076 5492 B
1190 5440 1225 5493 30
1242 5460 1394 5495 concurrere
1406 5444 1429 5505 b,
1446 5458 1580 5493 occanere
1595 5440 1674 5492 ritant.
1790 5436 1822 5489 31
1842 5437 1966 5505 multipli-

307 5537 372 5589 citer
383 5531 454 5586 BV1
585 5531 620 5586 ³4
636 5540 676 5586 cst
693 5534 744 5585 iam
761 5547 866 5584 cernere
879 5530 958 5582 sam.
1092 5525 1127 5578 36
1145 5528 1224 5596 longa
1235 5528 1269 5594 B,
1286 5530 1361 5596 larga
1379 5529 1463 5591 ceteri,
1479 5536 1545 5579 recte
1556 5528 1624 5594 sort.
1757 5522 1792 5575 38
1809 5532 1835 5576 te
1851 5524 1880 5575 ia
1893 5524 1928 5575 tit.
1941 5523 1967 5574 B

1725 5702 1760 5759 1*
