4500 6232
385 309 443 371 168
941 302 1051 358 ocvnr
1069 302 1172 370 (nior.
1191 304 1234 365 ⁴24,
1252 301 1362 356 casu.
1380 302 1405 364 2,
1424 301 1477 366 so).

381 478 444 543 nisi
468 477 603 542 adeam
628 477 798 552 redissem,
822 476 970 541 amisisse
994 498 1056 548 non
1082 476 1243 540 crederer.
1284 473 1411 538 inflexit
1428 479 1547 537 statum
1566 493 1673 537 meum
1690 474 1840 537 abiurata
1856 473 2036 536 calamitas.

381 581 512 645 stationi
542 581 672 667 propior
702 581 765 643 fuit
792 579 947 662 liquentis
975 599 1065 643 error
1093 577 1262 656 elementi,
1294 583 1422 661 portum
1453 577 1486 640 in
1509 576 1644 660 genitali
1669 576 1739 640 solo
1763 575 1907 661 perdidi,
1939 595 2035 659 quem

383 704 481 769 saepo
509 684 650 747 investi
678 683 817 767 gurgitis
846 680 970 744 sinibus
1001 681 1171 766 adquisivi.
1218 681 1354 745 haecine
1386 689 1436 745 est
1459 680 1574 745 domus
1599 685 1725 764 optata,
1757 679 1848 742 cuius
1872 678 2035 743 desiderio

382 787 598 872 periculorum
623 783 873 873 promittebatur
896 784 1028 864 oblivio,
1053 805 1126 848 cum
1150 806 1208 870 spe
1233 784 1400 868 sequentis
1424 782 1535 868 gaudii
1554 803 1713 868 praesens
1730 783 1889 846 malcrum
1905 789 2035 867 poterat

350 891 484 956 fforma
507 890 647 955 nesciri?
693 889 843 974 cuiquam
867 886 907 951 de
931 888 1133 951 miseriarum
1163 886 1309 951 terminis
1334 894 1408 950 sunt
1432 891 1508 950 nata
1531 885 1690 972 principia
1713 891 1769 950 aut
1791 885 1832 950 de
1855 887 2035 970 perfunctis
2101 936 2105 945 .

381 993 509 1058 casibus
542 994 650 1057 evenit
686 990 878 1057 exordium?
928 988 1103 1074 aliquando
1136 996 1249 1076 optata
1285 990 1421 1074 contigit
1457 1010 1522 1053 ncn
1558 989 1681 1053 amari?
1733 996 1789 1052 aut
1826 989 1969 1054 adcessit
2002 996 2038 1054 ut

381 1096 545 1161 hominem
569 1095 716 1161 laederet
739 1095 817 1178 fuga
840 1093 1056 1157 discriminis?
1095 1113 1146 1156 me
1169 1093 1261 1156 novis
1284 1114 1414 1177 semper
1436 1094 1579 1179 pessima
1601 1092 1721 1157 ictibus
1741 1093 1871 1156 fortuna
1887 1094 2037 1179 perculit,

382 1200 473 1264 cuius
496 1200 522 1262 si
547 1200 578 1263 in
602 1198 747 1261 deterius
764 1197 870 1281 vergit
887 1197 1033 1271 mutati0,
1059 1197 1242 1281 simplicem
1257 1194 1397 1259 nocendi
1414 1202 1524 1261 servet
1539 1197 1693 1281 speciem,
1716 1217 1758 1260 ne
1775 1197 2037 1262 successionibus

349 1303 563 1367 5insolescat.
609 1322 761 1377 uxorem,
785 1301 943 1363 malorum
969 1300 1120 1375 comites,
1144 1298 1244 1364 habui
1266 1298 1307 1364 ad
1331 1298 1521 1384 pudicitiam
1544 1306 1679 1364 naturae
1703 1300 1776 1364 luce
1801 1301 2035 1375 transmissam,

383 1408 434 1472 cui
467 1405 623 1492 splendor
653 1403 780 1468 oriundi
807 1410 955 1467 creverat
984 1403 1154 1481 institutis,
1185 1410 1221 1466 ut
1249 1404 1380 1487 gemino
1409 1402 1546 1468 defensa
1573 1403 1819 1490 propugnaculo
1847 1405 2033 1470 nullatenus

383 1510 564 1573 facinorum
588 1508 777 1572 crederetur
800 1506 918 1569 ictibus
943 1504 1112 1569 subiacere
1136 1526 1198 1568 noc
1220 1504 1302 1569 dura
1325 1506 1536 1572 castimoniae
1559 1506 1772 1571 obscenitatis
1797 1508 2036 1574 evisceratione

350 1613 519 1676 dmolliro.
568 1612 624 1676 illa
654 1631 828 1695 numquam
860 1609 982 1672 fulvum
1014 1608 1137 1672 metalli
1169 1609 1330 1694 quaesivit
1361 1617 1510 1673 ornatum
1545 1632 1606 1678 nec
1642 1611 1859 1695 pretiosorum
1896 1611 2035 1678 candore

380 1714 526 1800 lapidum
549 1716 656 1778 nivem
680 1715 824 1799 corporis
848 1713 974 1776 imitata
998 1719 1066 1786 est;
1096 1733 1160 1774 non
1183 1712 1252 1775 ulla
1273 1712 1388 1778 habuit
1411 1713 1539 1778 decoris
1568 1714 1772 1792 adiumenta,
1799 1714 1875 1778 dum
1903 1715 2037 1800 placuit.

381 1818 474 1882 scivit
497 1818 677 1900 coniugalis
701 1817 771 1879 iura
795 1815 990 1879 sacramenti
1014 1815 1130 1878 fucatis
1155 1814 1269 1878 studiis
1292 1837 1356 1880 non
1380 1817 1483 1881 iuvari
1506 1839 1567 1882 nec
1591 1817 1770 1903 obligatum
1794 1819 1941 1884 tenuisse
1958 1842 2035 1884 con-

381 1922 500 2005 iugem,
524 1920 652 2005 quando
676 1920 774 1982 alium
798 1926 928 2004 praeter
951 1938 1036 1995 eum,
1061 1919 1115 2002 qui
1140 1916 1310 1981 descendit
1333 1941 1352 1982 a
1376 1920 1527 2001 moribus,
1558 1921 1718 2006 quaesivit
1740 1929 1842 2007 nupta
1865 1922 2034 2007 fulgorem.
2103 1942 2114 1973 s»

382 2024 502 2088 mansit
529 2024 617 2087 illam
641 2023 883 2086 educandorum
907 2022 1080 2107 pignorum
1104 2021 1245 2086 servitus
1268 2021 1387 2100 libera,
1417 2022 1493 2087 dum
1517 2025 1617 2088 talem
1642 2047 1677 2089 se
1701 2025 1868 2111 praebuit,
1898 2046 1980 2110 quac
2005 2037 2037 2090 et

352 2126 562 2191 ldesiderari
585 2126 742 2190 meruerit
765 2134 798 2190 et
823 2127 924 2188 virum
949 2144 1123 2208 numquam
1147 2124 1270 2208 putarit
1292 2124 1475 2191 absentem.
1521 2126 1578 2190 illa
1600 2148 1714 2191 sexum
1738 2129 1855 2193 mentis
1885 2128 2037 2193 firmitate

382 2229 571 2308 duraverat,
603 2229 679 2292 dum
707 2229 739 2291 in
768 2251 807 2293 ea
835 2228 1005 2291 muliebris
1036 2225 1190 2290 inbecilla
1217 2227 1343 2290 consilii
1371 2227 1411 2292 dc
1435 2228 1519 2293 virili
1549 2236 1706 2315 ceperant
1736 2233 1929 2296 auctoritato
1960 2234 2036 2297 sub-

383 2333 546 2398 stantiam.
585 2333 649 2396 iam
673 2333 818 2417 lapsibus
842 2330 965 2394 ordinis
990 2330 1039 2394 sui
1063 2328 1211 2393 doctrina
1234 2328 1419 2394 medicante
1444 2333 1649 2417 repugnabat
1673 2343 1706 2398 et
1730 2336 1890 2400 translata
1910 2337 1943 2400 in
1960 2358 2036 2400 usus

383 2438 504 2503 alteros
534 2438 727 2502 feminarum
756 2436 883 2501 ridebat
913 2456 1080 2501 excessus.
1126 2436 1157 2496 in
1187 2455 1328 2513 summa,
1358 2436 1432 2499 talis
1463 2436 1573 2521 periit,
1602 2438 1717 2522 quales
1740 2439 1847 2503 solent
1869 2461 1889 2504 a
1911 2441 2036 2504 maritis
2090 2464 2101 2495 ι

383 2541 533 2605 lacrimas
561 2541 737 2626 inpetrare.
783 2539 914 2617 Circco,
946 2545 983 2603 ut
1006 2539 1111 2619 aiunt,
1140 2538 1259 2622 poculo
1281 2560 1301 2601 a
1325 2560 1360 2602 se
1385 2541 1543 2603 translata
1566 2548 1618 2604 est
1641 2548 1674 2606 et
1698 2543 1730 2604 in
1755 2548 1866 2606 votum
1890 2544 2040 2628 migravit

351 2642 534 2710 8adulteri.
571 2643 628 2707 sed
652 2643 729 2729 quid
752 2664 888 2727 agamus
911 2644 998 2707 inter
1021 2642 1118 2706 anxia
1135 2648 1168 2705 et
1183 2642 1310 2706 incerta
1324 2642 1544 2728 deprehensi?
1584 2645 1720 2730 recipiat
1735 2667 1795 2709 nos
1812 2667 1869 2731 pro
1885 2647 2039 2711 remediis

385 2768 488 2812 exosa
510 2747 675 2830 navigatio
698 2752 731 2811 et
747 2747 890 2811 lassatae
907 2745 1100 2810 rudentibus
1117 2766 1233 2808 manus
1249 2750 1389 2831 stuppea
1406 2768 1516 2812 rursus
1533 2749 1641 2813 vincla
1657 2749 1864 2814 meditentur.
1905 2750 2040 2815 haereat

384 2851 485 2915 clavis
508 2850 653 2923 dextera,
677 2856 713 2912 ut
735 2850 881 2915 frenatae
906 2850 1023 2936 puppis
1040 2870 1099 2935 por
1114 2848 1373 2932 gubernaculum
1390 2850 1460 2912 iura
1475 2850 1672 2915 moderetur.
1709 2853 1859 2938 depictus
1877 2854 2039 2919 sideribus

385 2954 456 3018 axis
486 2951 638 3017 reddatur
666 2952 823 3038 aspectui.
873 2952 1094 3037 dispositionis
1125 2958 1256 3016 nostrae
1285 2952 1402 3015 itinera
1434 2955 1577 3018 noctium
1607 2954 1788 3041 dirigantur
1816 2958 1952 3023 indiciis.
1999 2960 2039 3023 sit
2092 2973 2109 3010 2-

386 3059 542 3123 solacium
565 3056 741 3121 luminibus
766 3057 863 3136 meis,
896 3057 923 3119 si
946 3056 1108 3141 profanati
1133 3075 1197 3118 non
1222 3053 1370 3119 videatur
1392 3062 1481 3120 terra
1505 3058 1658 3144 coniugii.
1703 3061 1867 3145 fugiamus
1890 3064 2040 3147 patriam,

385 3163 417 3225 in
442 3182 506 3246 qua
529 3161 594 3224 tale
618 3159 769 3224 effectum
795 3166 845 3223 est
867 3158 1107 3223 matrimonium
1137 3165 1301 3239 nostrum,
1331 3158 1417 3243 quod
1441 3168 1475 3224 et
1497 3163 1646 3228 amisisse
1670 3163 1792 3248 pudeat
1815 3186 1875 3228 nec
1899 3165 2040 3230 haveant

384 3270 462 3329 vota
485 3264 643 3349 recipere.

1089 3467 1196 3552 (cnm.
1219 3472 1249 3549 2,
1273 3467 1340 3554 90).

750 3624 882 3710 Imperii
907 3631 1026 3700 custos,
1049 3623 1155 3687 vocali
1177 3623 1298 3708 pollice
1322 3624 1439 3689 cordas

749 3728 815 3792 Per
838 3749 992 3792 numeros
1015 3726 1161 3790 animans
1184 3725 1244 3790 tibi
1267 3726 1322 3791 fila
1346 3729 1515 3812 loquentia
1540 3751 1671 3794 carmen

751 3829 953 3894 Verberibus
976 3829 1104 3913 plectri,
1128 3828 1251 3908 doctor,
1276 3831 1400 3896 scrvirc
1425 3833 1528 3916 coegi.

750 3933 866 3998 Cirrha
888 3939 1004 4018 potens
1028 3931 1173 4012 Phoebo,
1198 3933 1304 3997 laticis
1327 3934 1383 4019 pia
1406 3935 1503 4000 turba
1527 3937 1636 4004 sereni

751 4035 802 4101 Tu
825 4035 904 4099 mihi
928 4057 1058 4122 semper
1080 4037 1156 4117 eris,
1180 4037 1235 4121 qui
1257 4043 1393 4122 pectora
1419 4039 1532 4103 clausa
1555 4041 1688 4105 remotis

752 4141 876 4205 inseris
899 4140 1016 4204 officiis
1039 4147 1073 4205 et
1096 4141 1215 4206 dextro
1239 4142 1371 4206 numine
1397 4145 1541 4229 conples.

751 4244 931 4330 Deprecor,
955 4250 1107 4309 exactam
1130 4246 1284 4309 fauturus
1308 4247 1437 4332 suscipe
1461 4268 1585 4328 vocem,

751 4348 899 4412 Extortis
923 4349 1064 4435 pretium
1088 4348 1214 4415 donans
1238 4355 1272 4414 te
1295 4349 1402 4415 iudice
1424 4351 1530 4415 dictis.

489 4606 503 4657 l
522 4609 638 4660 amissisc
650 4608 676 4659 B
806 4608 824 4659 *Δ
843 4607 944 4674 propior
957 4607 1046 4671 Sirm,
1062 4609 1177 4676 proprior
1193 4610 1292 4661 codices
1425 4609 1442 4660 3
1460 4611 1570 4662 haccin·
1587 4609 1663 4671 (cras.
1676 4610 1701 4672 c)
1718 4610 1743 4660 Β
1875 4610 1891 4663 4
1915 4615 2042 4679 promitte

385 4695 463 4746 batur
481 4732 588 4745 ......
608 4696 732 4745 melorum
750 4696 835 4761 suppl.
857 4695 885 4743 ia
908 4711 956 4759 neg.
974 4693 1021 4760 inf.
1034 4691 1078 4744 Β2
1214 4694 1370 4762 conquam
1383 4695 1416 4760 B,
1439 4697 1482 4748 cui
1505 4714 1628 4762 umquam
1647 4697 1722 4747 ceteri
1859 4697 1876 4749 6
1899 4701 2008 4751 accessit
2023 4700 2047 4749 V

384 4778 402 4831 8
419 4780 533 4831 scruatb
625 4779 734 4847 speciem
753 4797 785 4832 ne
803 4783 829 4831 iu
852 4779 965 4831 deterius
988 4781 1194 4831 successionibus
1218 4782 1256 4843 (in
1274 4782 1386 4834 deterius
1403 4781 1471 4848 arcp.)
1488 4781 1515 4845 V,
1539 4783 1648 4849 speciem
1667 4783 1912 4835 successionibusb
2000 4775 2042 4843 nc]

384 4869 429 4920 sed
447 4869 487 4919 ccl
503 4876 533 4919 ct
550 4868 646 4918 coracio
784 4865 801 4917 9
818 4868 951 4919 insoliscat
962 4866 988 4917 Β
1090 4865 1178 4932 habui}
1196 4870 1256 4920 auci
1269 4868 1294 4918 B
1435 4866 1465 4918 14
1484 4869 1568 4920 iubari
1580 4868 1624 4918 Βιι
1764 4867 1797 4920 15
1814 4877 1930 4936 praetore
1947 4888 2007 4922 cum
2019 4869 2044 4919 B

384 4953 512 5004 discendit
526 4952 628 5004 BVLO
766 4950 797 5002 16
815 4954 861 5004 illa
873 4953 952 5004 Sirm.
1094 4951 1124 5003 17
1142 4963 1269 5006 meruerat
1284 4955 1309 5005 B
1412 4957 1510 5023 putarit
1526 4955 1618 5020 scripsi
1635 4972 1693 5006 cum
1705 4953 1839 5019 Harma,
1865 4964 1968 5022 putaret
1985 4956 2045 5006 libri

386 5037 419 5091 18
435 5040 462 5091 in
481 5037 521 5104 aa}
540 5040 585 5091 illa
597 5037 676 5091 Sim.
739 5047 876 5106 coeperant
888 5039 921 5102 B,
938 5045 1033 5106 coepe?
1047 5039 1075 5103 V,
1092 5049 1233 5106 ccapcrunt
1245 5040 1277 5105 L,
1294 5050 1418 5109 ceperunt
1431 5041 1524 5106 reliqui
1627 5039 1659 5091 19
1677 5041 1835 5108 repugnauit
1846 5039 1871 5091 Β
1966 5039 2001 5091 ‘23
2019 5049 2046 5092 ct

385 5142 434 5176 om.
448 5122 527 5176 sirm.
606 5141 700 5176 manus
718 5124 870 5176 rudentibus
886 5124 1005 5177 Vtrct’
1080 5128 1187 5179 uincula
1204 5127 1261 5179 TCb
1383 5124 1417 5178 Ἃ
1436 5125 1732 5181 dextar.sutVL1UP
1808 5144 1870 5194 per·
1889 5124 1967 5191 (cras.
1980 5126 1999 5190 i)
2012 5126 2045 5192 B,

385 5227 430 5278 par
448 5227 504 5276 rap.
517 5211 562 5261 lin.
580 5209 604 5258 V
685 5207 720 5260 25
738 5210 837 5262 itcnsra
848 5210 874 5260 B
966 5207 1145 5264 staminium
1163 5211 1208 5263 VL
1261 5213 1373 5264 habeant
1385 5213 1419 5277 B,
1437 5221 1533 5265 aucant
1550 5215 1633 5276 ceteri,
1649 5214 1790 5265 audeantb
1881 5212 1915 5263 ‘28
1933 5214 2045 5280 recipcre

385 5296 443 5346 tiuit
454 5295 479 5345 Β
582 5293 617 5346 29
634 5296 668 5348 ad
680 5297 833 5348 Deutcrium
850 5296 928 5348 ξιμον.
941 5296 1075 5360 simma,
1092 5299 1136 5364 qui
1153 5298 1199 5350 hcc
1215 5315 1304 5351 canu
1318 5317 1335 5349 c
1348 5299 1458 5351 &etiem
1475 5301 1607 5368 asperiore
1625 5299 1765 5366 ramspach
1862 5297 1895 5350 31
1914 5299 2009 5368 quocgi
2020 5299 2046 5350 B

386 5377 421 5430 32
439 5381 534 5450 chytra
545 5380 630 5449 BVL‚
649 5389 719 5449 tyrra
733 5380 778 5438 GP
