4500 6232
810 272 829 328 1.
858 274 905 328 DE
923 273 1010 327 VITA
1031 273 1079 329 ΕΤ
1098 272 1258 328 SCRIPTIS
1278 273 1428 329 ENNODI.
1911 274 1948 329 lX

396 443 562 508 Ennodius
591 468 663 509 enm
690 456 761 511 ante
788 469 904 510 aunrmr
926 448 990 513 494
1013 448 1053 512 ab
1075 447 1256 535 Epiphanio
1283 447 1442 512 Tieinensi
1465 448 1614 534 episcopo
1646 458 1843 514 consecratus
1865 456 2103 527 essetronormsn-

293 559 324 612 et
346 572 428 612 anno
444 551 506 617 495
530 550 701 614 orationem
723 551 755 614 in
777 548 919 630 eundem,
941 551 1062 616 seilicet
1076 551 1188 630 Ticini,
1210 552 1381 632 habuisset,
1402 574 1510 617 omnes
1532 552 1595 616 fere
1610 551 1759 639 epistulas
1774 530 1988 617 Mediolani⁸¹⁸
2002 516 2096 560 sturm

294 653 428 739 scripsit
461 661 497 716 ut
510 654 596 718 enim
610 651 783 718 Mediolani
807 677 841 718 se
855 676 922 719 esse
943 664 1047 741 aperte
1063 653 1139 720 dicit
1159 680 1189 742 p.
1207 658 1257 734 74,
1268 658 1319 724 25.
1341 658 1415 735 219,
1427 659 1477 722 21.
1500 659 1573 735 234,
1584 659 1636 725 25.
1658 658 1731 735 268,
1742 657 1793 720 33.
1815 658 1888 732 396,
1897 658 1949 736 29,

297 757 340 820 ita
362 757 394 819 iu
417 754 523 820 eudem
554 756 631 822 urbe
658 756 793 843 reliquas
825 758 976 843 epistulas
1003 759 1154 845 plurimas
1184 760 1374 845 compositas
1401 781 1470 824 esse
1491 759 1682 844 argumentis
1707 757 1780 847 plus
1805 758 1949 824 minusve

295 861 386 924 tertis
416 859 629 925 demonstrare
657 871 712 926 ant
740 862 879 926 conicere
906 862 987 927 licet
1030 862 1146 927 multae
1174 885 1248 927 sane
1277 863 1362 927 omui
1395 863 1457 927 loci
1483 861 1698 948 designatione
1725 871 1844 941 carent,
1870 863 1950 928 aliae

297 986 469 1050 perpaucae
491 988 554 1029 non
581 964 765 1030 Mediolano
787 965 879 1031 datae
901 965 1048 1031 xidentrn
1069 989 1137 1031 esse
1159 966 1246 1032 velut
1272 966 1573 1046 CCLXXXVIII,
1601 990 1694 1053 quam
1722 967 1888 1053 epistulam
1911 989 1950 1032 ex

295 1068 404 1132 itinere
426 1067 579 1133 Ravenna
598 1069 710 1134 emisit.
743 1093 815 1134 cum
838 1071 933 1155 igitur
947 1069 1112 1135 Ennodius
1136 1072 1222 1158 prius
1237 1071 1341 1135 Ticini
1362 1070 1464 1151 fuerit,
1486 1093 1555 1136 eam
1577 1080 1681 1136 autem
1696 1071 1807 1136 aetatis
1821 1080 1951 1158 partem,

295 1173 383 1236 cuius
407 1181 513 1237 nostra
535 1173 704 1259 plurimum
720 1175 856 1253 interest,
879 1174 1052 1240 Mediolani
1063 1176 1211 1261 exegerit,
1234 1175 1376 1261 quaestio
1391 1175 1498 1254 oritur,
1520 1173 1646 1261 quando
1661 1175 1734 1240 hine
1748 1175 1824 1240 illue
1845 1174 1950 1240 sedem

294 1276 495 1341 transtulerit.
539 1277 590 1342 hic
619 1278 701 1341 ultro
729 1300 763 1343 se
786 1277 878 1342 offert
906 1279 1096 1358 coniectura,
1123 1278 1304 1344 Ennodium
1333 1280 1428 1367 paulo
1455 1290 1530 1365 post
1556 1288 1686 1344 mortem
1708 1278 1869 1366 Epiphani
1891 1279 1911 1343 i.
1925 1301 1951 1344 e.

295 1402 377 1444 anno
392 1382 455 1447 499
478 1380 589 1444 Τίοἰ1111
612 1381 763 1466 migrasse
784 1390 815 1445 et
837 1380 877 1445 ad
899 1382 1061 1447 ecclesiam
1076 1382 1353 1462 Mediolanensem,
1375 1383 1464 1448 euius
1487 1384 1653 1470 episcopus
1675 1385 1951 1465 1111111499-512)

296 1484 483 1548 Laurentius
499 1484 566 1563 fuit,
588 1486 764 1550 accessisse.
802 1485 886 1572 quod
902 1487 1067 1552 consilium
1081 1495 1117 1552 ut
1131 1497 1264 1574 caperet,
1285 1497 1316 1552 et
1330 1488 1480 1552 Laurenti
1498 1488 1691 1567 auctoritate,
1713 1511 1775 1574 qua
1789 1488 1952 1574 proximus

296 1589 336 1653 ab
351 1589 500 1676 episcopo
515 1588 660 1654 Romano
680 1589 733 1653 illc
752 1600 890 1676 tempore
904 1591 1016 1670 floruit,
1038 1600 1068 1656 et
1089 1592 1281 1676 cognatione,
1303 1614 1396 1677 quam
1413 1592 1493 1656 inter
1507 1590 1686 1656 Ennudium
1702 1601 1734 1656 et
1749 1591 1952 1657 Laurentium

248 1740 252 1747 .
297 1693 508 1758 intercessisse
534 1715 572 1757 ex
600 1717 630 1779 p.
646 1696 750 1772 23,18
778 1694 953 1779 intellegere
979 1694 1066 1774 lieet,
1094 1695 1218 1761 videtur
1247 1704 1406 1781 permotus
1435 1717 1520 1774 esse;
1548 1704 1642 1781 atque
1670 1698 1762 1781 pas,
1776 1699 1812 1762 11
1838 1696 1953 1760 fatetur

298 1820 332 1861 se
355 1797 524 1861 Laurentio
547 1797 686 1861 omnium
708 1797 876 1883 plurimum
900 1797 1019 1862 debere.
1063 1809 1180 1863 certum
1202 1798 1328 1884 quidem
1350 1822 1475 1877 aunum,
1502 1821 1564 1884 quo
1586 1797 1801 1863 Mediolanum
1824 1821 1857 1863 se
1879 1822 1953 1864 con-

298 1900 411 1978 tulerit,
433 1898 561 1965 definire
583 1922 646 1964 non
668 1899 777 1979 audeo,
800 1900 855 1966 sed
878 1911 952 1988 post
973 1925 1090 1966 aunum
1105 1905 1169 1970 495
1193 1902 1224 1966 id
1248 1903 1365 1968 factum
1380 1926 1448 1968 esse
1470 1901 1565 1967 modo
1579 1902 1758 1966 monuimus
1774 1910 1866 1988 atquc
1882 1911 1954 1967 ante

297 2006 361 2071 499
384 2002 490 2067 sedem
513 2013 662 2068 mutatam
685 2026 753 2069 esse
776 2003 1017 2070 demonstraturi
1039 2029 1156 2071 snmus.
1639 2060 1642 2067 .

400 2107 490 2172 Haec
513 2118 616 2173 autem
638 2109 780 2194 quaestio
802 2119 867 2173 tam
894 2119 959 2174 arte
982 2109 1125 2175 cohaeret
1147 2134 1217 2174 cnm
1241 2111 1421 2188 schismate,
1444 2108 1528 2194 ‹yuod
1556 2118 1630 2195 post
1650 2118 1781 2173 mortem
1803 2108 1952 2172 Anastasi

297 2233 398 2297 papae
424 2211 505 2275 inter
531 2210 753 2297 Symmachum
780 2223 812 2277 et
835 2212 1054 2292 laurentium,
1081 2214 1134 2299 qui
1163 2214 1264 2278 fuerat
1285 2213 1433 2277 ecelesiae
1456 2212 1617 2276 Romanae
1639 2211 1814 2298 presbyter,
1835 2211 1869 2276 X
1893 2210 1954 2276 kal.

296 2315 444 2379 Decemb.
468 2317 530 2382 498
560 2316 653 2380 simul
684 2315 843 2381 ordinatos
872 2326 976 2380 ortum
1007 2327 1067 2397 est,
1104 2327 1139 2381 ut
1167 2316 1217 2381 vel
1252 2317 1343 2381 inviti
1372 2316 1496 2380 illamm
1528 2315 1806 2401 interrogationum
1833 2315 1953 2401 laqueis

298 2419 500 2505 implicemur.
551 2419 665 2504 quibus
697 2419 729 2483 in
766 2419 1016 2484 contentionibus
1045 2419 1269 2503 cognoscendis
1302 2428 1424 2506 praeter
1450 2418 1631 2484 Ennodinm
1658 2420 1800 2506 inprimis
1830 2417 1954 2483 duobus

297 2522 415 2586 utimur
436 2522 584 2601 testibus,
606 2523 660 2608 qni
683 2524 715 2586 in
736 2522 818 2587 libro
840 2523 1009 2608 pontificali
1034 2521 1213 2608 Symmachi
1236 2523 1336 2587 vitam
1358 2521 1603 2608 descripserunt:
1631 2545 1762 2609 quorum
1784 2522 1862 2586 alter
1883 2543 1953 2585 eum

298 2624 486 2711 Symmacho
512 2626 600 2703 facit,
628 2625 718 2703 alter,
744 2626 833 2690 cuius
855 2625 1034 2690 relationem
1058 2627 1182 2691 saeculo
1211 2641 1299 2691 sexto
1321 2626 1469 2712 scriptam
1492 2625 1697 2690 Blanchinius
1720 2626 1877 2707 (Anastas.
1899 2622 1955 2691 IV

301 2752 330 2814 p.
345 2727 465 2792 LXIX
487 2738 516 2792 et
539 2727 611 2792 inde
634 2728 787 2792 Muratcri
811 2729 917 2814 script
939 2751 995 2792 rer.
1018 2727 1332 2815 transumpta
1354 2751 1392 2793 ex
1414 2728 1522 2794 codice
1538 2728 1717 2795 Veronensi
1740 2729 1955 2795 vetustissimo

301 2833 332 2896 in
360 2834 459 2896 lucem
492 2831 637 2917 protulit,
672 2852 734 2895 non
765 2832 884 2896 minore
910 2831 1016 2896 studio
1044 2857 1061 2897 a
1088 2833 1238 2898 Iaurenti
1269 2834 1436 2921 antipapae
1463 2834 1604 2920 partibus
1638 2843 1709 2898 stat
1759 2855 1833 2898 suae
1861 2832 1956 2917 igitur

300 2946 428 3022 uterque
450 2937 533 3000 favet
550 2937 686 3017 factioni,
708 2937 753 3001 ita
774 2945 877 3001 tamen
901 2946 936 3001 ut
958 2937 1059 3002 nentri
1081 2936 1174 3001 fidem
1189 2937 1338 3024 derogare
1360 2938 1459 3017 liceat,
1481 2939 1661 3024 praesertim
1677 2960 1747 3002 cum
1771 2938 1801 3001 in
1825 2937 1955 3001 summis

301 3040 392 3104 rebus
415 3040 494 3125 ipsis
517 3041 572 3104 vix
595 3040 790 3105 dissentiant
835 3042 1062 3105 consentientes
1085 3050 1189 3106 antem
1218 3042 1297 3106 iuter
1322 3064 1356 3106 se
1378 3041 1506 3106 tradrmt
1529 3040 1750 3127 Symmachum
1773 3039 1883 3105 eodem
1905 3039 1956 3105 die

301 3168 337 3208 ac
360 3144 563 3208 laurentium
585 3156 799 3209 consecratum
821 3168 904 3224 esse,
931 3155 998 3209 tnnr
1021 3144 1162 3209 discidiis
1184 3145 1379 3229 gravissimis
1402 3145 1517 3209 exortis
1545 3155 1577 3208 et
1598 3154 1729 3230 utroque
1751 3143 1792 3208 ad
1814 3141 1956 3207 Theode-

301 3247 399 3311 ricum
423 3270 525 3332 regem
548 3247 643 3311 citato
659 3248 739 3333 regis
755 3248 883 3312 arbitrio
898 3271 966 3313 esse
985 3248 1139 3328 effectum,
1162 3259 1197 3313 ut
1212 3247 1418 3334 Symmachus
1439 3271 1522 3335 papa
1538 3247 1699 3312 Romanus
1715 3247 1955 3324 confirmaretur,

302 3350 489 3415 laurentius
519 3359 621 3415 autem
649 3351 816 3438 episcopus
844 3351 1021 3416 Nucerinus
1048 3353 1301 3430 constitueretur,
1338 3350 1470 3437 deniqne
1501 3361 1574 3438 post
1601 3373 1771 3437 paucorum
1804 3372 1955 3415 annorum

300 3453 436 3538 quietem
469 3460 542 3540 (per
570 3453 810 3534 Theodericum,
844 3456 896 3541 qui
924 3478 1006 3520 anno
1034 3458 1097 3523 599
1124 3455 1257 3520 Romam
1288 3455 1377 3533 visit,
1409 3456 1629 3541 compositam)
1662 3452 1820 3519 discordia
1852 3453 1955 3520 denuo

302 3559 492 3625 inflammata
514 3583 640 3626 eausam
664 3561 775 3626 iterum
798 3560 839 3627 ad
862 3585 964 3647 regem
987 3562 1122 3627 delatam
1144 3586 1220 3627 esse.
1254 3571 1378 3626 constat
1400 3563 1495 3647 igitur
1510 3561 1730 3648 Symmachum
1754 3559 1860 3623 statim
1884 3567 1954 3643 post

302 3665 563 3730 consecrationem
587 3666 605 3730 i.
621 3689 646 3730 e.
670 3667 759 3730 initio
787 3667 860 3730 anni
883 3669 946 3733 499
970 3666 1139 3730 Ravennae
1161 3665 1298 3730 affuisse.
1341 3666 1488 3751 quoniam
1511 3688 1585 3729 vero
1608 3663 1773 3728 Ennodius
1795 3687 1826 3750 p.
1842 3665 1892 3740 83,
1904 3664 1955 3727 29.

302 3770 437 3847 223,12.
460 3771 585 3847 229,13
607 3770 783 3834 enuntiavit
803 3770 985 3856 episcopum
1012 3792 1103 3835 suurn
1128 3771 1146 3833 i.
1166 3793 1191 3834 e.
1215 3770 1417 3835 laurentium
1438 3769 1707 3834 Mediolanensem
1729 3791 1762 3831 se
1784 3763 1956 3851 spondente

303 3872 472 3937 Ravennae
488 3896 545 3959 pro
567 3874 802 3939 necessitatibus
825 3898 925 3961 papae
947 3874 1111 3961 pecuniam
1133 3872 1359 3960 suppeditasse,
1381 3882 1523 3937 constare
1546 3872 1669 3937 videtur
1691 3870 1870 3936 Enncdium
1893 3867 1956 3932 iam

303 3988 369 4042 tum
391 3982 483 4059 (anno
506 3979 579 4055 499)
602 3975 686 4062 apud
708 3978 890 4064 episcopum
913 3977 1179 4044 Mediolanensem
1203 3979 1305 4043 officio
1327 3979 1468 4042 floretum
1489 4001 1566 4043 esse.
1603 3977 1688 4063 quod
1710 3976 1877 4062 quominus
1899 3997 1956 4062 pro

303 4091 387 4146 certo
415 4080 530 4145 habeas
559 4079 591 4143 id
623 4080 741 4159 obstat,
775 4082 860 4167 quod
888 4105 1042 4167 nusquam
1070 4092 1173 4168 aperte¹
1207 4080 1355 4147 traditum
1389 4091 1435 4146 est
1467 4104 1550 4167 papa
1583 4082 1653 4167 ipso
1687 4090 1848 4167 praesente
1879 4077 1957 4144 illud

303 4183 462 4268 negotium
484 4193 684 4269 procuratum
706 4207 782 4249 esse.
826 4186 921 4250 immo
952 4185 1055 4250 verbis
1085 4191 1125 4271 (p.
1144 4189 1195 4264 83,
1213 4189 1280 4264 29);
1307 4186 1434 4264 ,litteras
1457 4185 1557 4249 saneti
1580 4206 1679 4271 papae
1700 4184 1814 4263 habeo,
1842 4183 1957 4270 quibus

303 4288 412 4366 iussit,
440 4286 593 4373 quidquid
616 4311 695 4374 opus
724 4300 807 4354 esset
833 4290 911 4369 lieri,
938 4313 1009 4353 curn
1040 4312 1107 4354 mea
1133 4288 1246 4354 debere
1272 4290 1436 4355 securitate
1457 4289 1616 4375 compleri‘
1645 4286 1729 4352 haud
1756 4288 1821 4352 scio
1849 4310 1888 4352 an
1916 4284 1957 4350 ad

304 4392 488 4455 contrariam
517 4394 701 4458 sentent-iam
724 4394 888 4458 inclineris.
933 4403 964 4458 at
994 4416 1042 4458 res
1072 4393 1299 4481 disceptabitnr
1324 4394 1383 4458 hae
1405 4393 1682 4477 argmmerrtatiorre:
1712 4394 1833 4456 Auctor
1854 4390 1958 4456 Vero·

303 4495 416 4572 nensis,
438 4518 500 4580 quo
523 4496 646 4561 nomine
667 4497 910 4582 significabimus
933 4498 1030 4561 vitam
1047 4497 1225 4583 Symmachi
1248 4521 1286 4561 ex
1310 4496 1416 4561 codice
1431 4497 1608 4565 Veronensi
1631 4506 1797 4583 sumptam,
1819 4494 1956 4582 scripsit:

304 4598 356 4675 ,ibi
384 4599 414 4678 (i.
436 4621 461 4663 e.
490 4599 658 4665 Ravennae
687 4624 768 4665 anno
796 4604 870 4680 499)
897 4600 1103 4688 Symmachus
1132 4602 1238 4667 multis
1267 4600 1407 4687 pecuniis
1440 4600 1577 4680 obtinet,
1610 4623 1689 4686 qnae
1717 4610 1752 4664 ut
1778 4599 1874 4664 verba
1903 4596 1958 4662 ad·

304 4703 433 4766 versarii
461 4704 604 4769 malevoli
629 4728 648 4769 a
669 4706 825 4792 plerisque
852 4706 1084 4792 respuebantur.
1128 4704 1184 4769 sed
1213 4727 1315 4769 nonne
1341 4704 1424 4770 idem
1446 4727 1484 4769 ex
1506 4704 1642 4783 Ennodi,
1664 4728 1764 4791 papae
1786 4703 1957 4769 defensoris

305 4805 458 4884 acerrimi,
488 4817 574 4892 patet
596 4809 700 4873 verbis
729 4813 769 4895 (p.
785 4812 913 4888 83,19):
939 4811 1114 4896 ,episcopus
1138 4816 1188 4887 (=
1206 4810 1404 4888 Laurentius)
1430 4809 1618 4895 postulauit,
1647 4818 1680 4872 ut
1702 4831 1857 4895 expensa,
1879 4831 1958 4893 quae

306 4932 362 4995 pro
384 4912 621 4976 necessitatibus
644 4911 752 4977 domni
781 4936 881 5000 papae
903 4913 1072 4978 Ravennae
1099 4914 1183 4979 sacta
1204 4923 1268 4990 est,
1299 4911 1505 4977 redhibitione
1527 4922 1717 4999 pensaretur.
1760 4913 1852 4976 certis
1875 4912 1957 4976 enim

305 5016 494 5101 potentibus,
516 5040 649 5103 quoram
672 5019 799 5083 nomina
821 5029 923 5083 tutum
947 5042 1009 5084 non
1032 5029 1081 5084 est
1102 5020 1219 5106 scripto
1242 5018 1372 5104 signari,
1396 5017 1485 5081 novit
1506 5016 1651 5081 dominus
1674 5015 1749 5101 quia
1769 5014 1840 5101 plus
1864 5037 1958 5101 quam

305 5118 548 5206 quadringentos
571 5123 639 5187 auri
654 5121 773 5186 solidos
788 5125 937 5209 erogavit.
970 5124 1028 5187 hos
1052 5145 1101 5187 me
1118 5121 1209 5186 fidem
1226 5120 1346 5186 dicente
1361 5120 1543 5186 concessit?
1574 5141 1644 5182 ecoe
1665 5126 1806 5204 qmtentes
1830 5117 1957 5204 qnidam

306 5225 437 5310 pecunia
458 5228 610 5313 corrupti,
638 5250 771 5312 quornm
793 5229 921 5292 nomina
947 5228 1059 5293 litteris
1082 5226 1229 5291 mandare
1251 5248 1346 5290 ausus
1368 5249 1429 5290 non
1453 5227 1514 5289 est!
1558 5223 1672 5310 quibus
1695 5221 1799 5286 verbis
1823 5222 1958 5286 auctoris

306 5326 501 5395 Veronensis
528 5339 560 5394 et
580 5328 706 5394 Eunodi
736 5332 816 5395 inter
844 5354 877 5395 se
904 5329 1033 5419 collatis}
1054 5331 1229 5396 necessario
1256 5330 1470 5394 concludimus
1501 5329 1542 5393 ab
1571 5337 1702 5412 utroque
1729 5324 1768 5389 de
1795 5323 1903 5390 eadem
1925 5347 1959 5390 re

305 5430 367 5517 agi,
385 5430 569 5499 Fannodium
588 5455 663 5521 ergo
685 5434 747 5498 iam
771 5436 834 5501 499
857 5435 1034 5500 ministrnm
1056 5435 1195 5523 episcopi
1218 5432 1465 5498 Mediolanensis
1487 5433 1593 5496 finisse.
1636 5430 1730 5494 simul
1753 5427 1958 5495 diiudicatum

305 5542 363 5617 ar,
393 5554 420 5596 11
628 5556 651 5603 ΙΙ1
678 5538 778 5625 (epist
801 5539 910 5626 pontif.
932 5563 963 5625 p.
979 5543 1052 5622 734)
1081 5540 1112 5602 in
1140 5534 1557 5624 suspensoffg'relinquendunr
1588 5556 1657 5599 esse
1685 5532 1819 5611 censuit,
1854 5543 1959 5598 utrum

1783 5643 1800 5699 b
