4500 6232
865 287 950 341 vim
969 287 1125 341 uenum.
1783 293 1824 354 97

166 467 202 525 nt
218 460 362 525 animum
379 459 514 524 divitem
531 461 728 546 possibilitas
744 462 887 541 deserat,
912 467 945 525 et
961 459 1197 533 difficillimum,
1221 465 1257 522 ut
1274 465 1431 543 sequatur
1446 461 1645 527 abundantia
1661 463 1825 527 homiuem

114 569 277 629 mmente
311 561 516 628 mendicum'.
569 563 633 626 iam
663 564 793 647 iamque
826 572 934 630 tamen
971 566 1103 651 fastigia
1137 565 1348 650 perfeetionis
1380 564 1512 628 maioris
1544 567 1706 630 ecclesiae
1743 586 1824 650 opus

167 665 329 752 adtigerat
352 666 502 732 aedilicio
526 674 560 732 et
583 667 795 732 dedicationis
818 670 1002 754 insignibus
1026 670 1197 748 adornato,
1220 669 1387 753 externplo
1411 668 1543 731 alterius
1567 669 1727 733 ecelesiae
1750 689 1823 732 enm

167 770 372 835 columnatus
407 779 543 856 repente
573 771 682 856 paries
711 772 839 856 inpulsu
871 772 980 836 callidi
1015 771 1177 856 serpentis
1206 770 1329 833 eiectus
1365 776 1424 835 est.
1473 770 1575 833 voluit
1604 770 1761 856 experiri,
1796 770 1823 833 si

100 922 104 932 .
167 873 339 958 multiplici
370 873 441 937 eius
468 879 577 959 posset
603 874 779 936 vexatione
816 874 971 939 subverti.
1022 879 1056 937 at
1085 874 1139 938 ille
1171 874 1352 951 violentior,
1388 895 1428 937 nc
1458 874 1553 936 malis
1581 873 1652 937 eius
1684 872 1898 954 cedei-etune

165 973 366 1060 adsurgebat
389 983 422 1040 et
445 977 597 1040 continuo
621 977 691 1040 sine
715 977 853 1040 alicuius
876 977 1037 1062 passionis
1060 976 1179 1040 indicio
1202 976 1242 1039 ad
1267 975 1507 1060 reparationem
1536 977 1638 1061 ipsius
1668 976 1765 1061 plena
1789 998 1824 1040 se

167 1076 324 1143 ariditate
349 1078 520 1143 succinxit.
567 1079 664 1143 nimio
688 1086 797 1144 tamen
820 1081 1014 1144 universitas
1038 1080 1212 1143 tenebatur
1234 1080 1405 1152 miraculo,
1438 1079 1524 1164 qued
1548 1080 1589 1144 ab
1612 1080 1682 1165 ipso
1712 1080 1825 1165 templi

167 1181 255 1246 tholo
278 1182 419 1247 artifices
444 1203 516 1246 eum
542 1183 665 1268 ingenti
689 1183 841 1247 maehina
863 1188 1069 1263 corruerunt,
1101 1183 1209 1246 nullus
1240 1189 1349 1247 temen
1375 1204 1485 1245 eorum
1509 1189 1566 1246 ant
1589 1203 1682 1246 crure
1707 1181 1825 1245 debilis

167 1282 274 1349 factus
297 1290 349 1348 est
371 1291 428 1349 aut
450 1285 559 1371 aliqua
581 1286 801 1351 membrorum
824 1291 916 1371 parte
940 1292 1121 1349 truncatus.
1160 1285 1247 1370 quod
1263 1285 1466 1350 orationibus
1483 1286 1631 1371 episcopi
1648 1287 1825 1370 contigisse

170 1394 360 1453 cunctorum
384 1388 535 1454 sensibus
557 1390 678 1475 patuit,
711 1397 746 1454 ut
769 1391 886 1454 melem
909 1389 1072 1475 propriam
1097 1388 1190 1453 ruina
1212 1390 1389 1453 sustineret
1412 1396 1444 1452 ct
1468 1412 1488 1453 a
1511 1411 1590 1453 casu
1614 1411 1672 1453 suo
1696 1388 1823 1475 lapides

167 1491 453 1577 suspenderentur.
490 1492 650 1579 stupendo
674 1501 783 1558 temen
807 1493 1020 1558 ordinationis
1043 1494 1115 1557 eins
1139 1514 1235 1558 eursu
1255 1492 1446 1578 supradicti
1463 1493 1573 1579 operis
1589 1493 1821 1578 perfectionem
1841 1493 1898 1552 tel

167 1595 260 1660 labor
288 1596 423 1682 aceepit.
470 1618 543 1660 nam
577 1604 801 1662 consummato
832 1598 965 1662 maioris
997 1597 1160 1662 ecclesiae
1188 1597 1429 1682 reparationem
1463 1597 1596 1662 orditur.
1642 1597 1760 1682 raptim
1783 1597 1824 1660 ad

166 1699 299 1785 fastigia
322 1699 450 1785 priscae
474 1701 708 1765 incolumitatis
731 1701 911 1766 surrexisse
935 1701 1107 1787 conspexit
1136 1700 1267 1764 domum
1292 1699 1359 1776 dei,
1390 1700 1445 1784 qni
1468 1699 1607 1763 necdum
1631 1706 1824 1786 conpererat

167 1802 364 1867 inchoatam.
416 1802 534 1887 quibus
570 1810 680 1868 tamen
712 1803 754 1867 ab
785 1825 823 1868 eo
852 1806 1005 1870 celeriter
1042 1806 1166 1869 exactis
1203 1825 1280 1867 mox
1314 1826 1349 1867 se
1384 1804 1417 1866 iu
1450 1804 1540 1868 illum
1572 1803 1700 1868 divinus
1732 1805 1824 1867 lavor

103 1954 107 1964 .
169 1903 321 1970 ostendit.
359 1924 434 1969 nam
449 1906 482 1970 in
506 1907 651 1971 eiusdem
675 1907 751 1971 anni
775 1908 936 1973 curriculo
961 1929 1086 1972 summa
1102 1908 1297 1972 daemonnm
1314 1907 1410 1971 turba
1425 1907 1465 1971 dc
1482 1907 1625 1971 obsessis
1643 1914 1821 1993 coeperunt
1837 1912 1896 1971 ยน05

167 2007 310 2074 clamare
339 2009 544 2095 corporibus,
575 2010 684 2095 flagris
715 2032 751 2075 se
775 2020 808 2075 et
837 2012 1035 2076 cruciatibus
1067 2012 1188 2092 nimiis,
1221 2020 1257 2075 ut
1279 2012 1446 2096 lugerent,
1478 2011 1647 2075 sacerdote
1670 2010 1823 2096 Epilanio

166 2112 348 2198 imperante
372 2113 524 2199 conpelli.
571 2115 732 2199 quasillo
756 2115 883 2178 modica
906 2136 980 2179 eum
1004 2117 1081 2179 lictu
1105 2115 1254 2179 oratione
1281 2115 1415 2200 profusa
1442 2115 1483 2178 ad
1512 2115 1636 2179 extima
1667 2119 1825 2177 terrarum

167 2215 307 2281 confinia
344 2217 589 2282 transmittebat
622 2239 660 2283 ac
695 2216 833 2282 diversis
867 2219 1001 2283 vocibus
1042 2218 1228 2283 heiulantes
1268 2219 1456 2282 meritorum
1492 2238 1624 2282 snorum
1664 2217 1826 2301 urguebat

109 2343 149 2383 sss
168 2319 314 2406 imperio.
361 2319 420 2385 sed
443 2342 515 2386 eum
540 2321 620 2386 talia
642 2343 700 2408 per
716 2321 836 2386 Christi
860 2322 1000 2407 gratiam
1024 2322 1146 2407 iugiter
1169 2322 1304 2401 laceret,
1328 2321 1409 2385 nihil
1435 2321 1497 2386 sibi
1521 2320 1562 2385 de
1586 2321 1824 2407 praesumptio-

100 2449 115 2485 ฮฟ
168 2442 245 2487 num
267 2423 399 2489 flatibus
429 2424 634 2490 adsumebat.
681 2425 764 2489 tollit
793 2425 881 2489 euim
907 2426 971 2490 illis
1002 2425 1078 2488 beni
1106 2425 1214 2490 meriti
1241 2425 1434 2510 potentiam,
1468 2425 1586 2508 quibus
1615 2424 1824 2510 supercilium

167 2524 286 2591 fiducia
307 2525 521 2613 benignitatis
545 2526 709 2594 adtulerit.

271 2628 405 2696 Interea
428 2653 469 2696 ne
492 2632 570 2696 solis
595 2632 760 2697 civitatem
784 2633 978 2718 templorum
1009 2631 1146 2697 aedibus
1170 2631 1335 2697 videretur
1364 2653 1513 2710 ornasse,
1545 2632 1643 2696 fessis
1674 2630 1822 2696 eiusdem
1839 2632 1897 2692 106

166 2732 255 2797 urbis
278 2732 517 2800 habitatoribus
534 2735 752 2801 remediorum
770 2737 909 2800 utilitate
926 2737 1106 2822 prospexit.
1147 2757 1221 2799 nam
1240 2734 1366 2800 directa
1381 2736 1545 2820 legatione
1563 2734 1603 2799 ad
1621 2734 1824 2799 Odevacrem

166 2835 378 2922 quinquennii
394 2839 599 2904 vacationem
615 2839 777 2904 fiscalium
797 2841 992 2906 tributorum
1016 2841 1215 2927 impetravit,
1239 2840 1280 2904 ad
1304 2860 1386 2925 quae
1411 2839 1572 2905 beneficia
1593 2859 1653 2924 per
1676 2838 1824 2923 singulos

100 2988 106 2999 .
167 2939 389 3027 dispertienda
412 2948 502 3008 tanta
525 2966 561 3009 se
586 2944 740 3010 castitate
764 2946 935 3025 continuit,
958 2952 994 3009 ut
1010 2967 1105 3010 nemo
1123 2967 1166 3010 ex
1188 2944 1237 3008 his
1261 2944 1367 3007 minue
1390 2943 1556 3029 acciperet
1579 2963 1674 3027 quam
1699 2941 1737 3020 is,
1761 2961 1823 3025 que

167 3043 295 3109 luerent
329 3045 513 3132 inpetrante
549 3068 717 3112 concessa.
770 3047 846 3114 dum
885 3050 968 3114 haee
1005 3057 1114 3113 tamen
1149 3054 1351 3134 gererentur,
1391 3048 1424 3110 in
1458 3047 1636 3133 perniciem
1668 3043 1822 3127 Liguriae
1842 3045 1899 3105 llll

166 3168 393 3235 possessorum
416 3149 548 3236 Pelagi,
578 3153 632 3237 qui
662 3173 703 3217 ea
732 3159 929 3240 tempestate
961 3153 1126 3239 praeterio
1156 3152 1342 3237 praelectus
1371 3157 1455 3229 erat,
1488 3149 1650 3235 repositus
1680 3146 1825 3210 malitiae

168 3251 263 3318 ardor
286 3252 450 3318 efferbuit.
488 3276 563 3319 nam
588 3256 831 3343 coemptionum
855 3258 1049 3322 enormitate
1073 3256 1268 3342 gravissima
1290 3253 1413 3317 tributa
1436 3250 1625 3338 duplicabat
1648 3248 1824 3315 reddebat-

168 3376 230 3442 que
253 3376 335 3423 enua
358 3358 534 3443 geminum,
558 3359 644 3444 qued
668 3361 808 3446 simplex
832 3361 985 3425 sustiueri
1010 3381 1075 3424 non
1099 3365 1237 3446 poterat.
1276 3354 1363 3421 unde
1387 3377 1463 3420 mex
1488 3354 1528 3419 ad
1553 3360 1701 3419 sanctum
1720 3352 1823 3416 virum

167 3480 396 3547 oppressorum
430 3461 528 3526 turba
558 3462 725 3528 confluxit.
775 3464 829 3549 qui
860 3465 967 3529 laetus
1000 3462 1209 3528 succurrendi
1239 3461 1432 3526 occasiones
1463 3458 1671 3545 amplectitur
1701 3464 1735 3521 et
1764 3477 1822 3542 pre

168 3568 356 3628 cunctorum
379 3564 578 3630 necessitate
601 3566 711 3630 alacer
733 3565 911 3631 ambulavit
939 3567 1088 3652 poposcit
1116 3565 1265 3631 obtinuit.
1296 3602 1335 3610 -
1370 3563 1426 3628 sed
1458 3561 1536 3649 quid
1565 3562 1685 3626 frustra
1717 3561 1823 3644 gestio
1841 3561 1899 3622 tes

168 3665 369 3752 singulorum
392 3669 520 3755 speeies
543 3668 692 3733 labomm
716 3670 787 3734 eius
803 3671 855 3734 vel
878 3671 1000 3734 formas
1025 3669 1143 3754 eloqui,
1167 3667 1243 3732 dum
1266 3666 1352 3752 quod
1368 3688 1432 3730 non
1452 3665 1596 3751 explieat
1612 3663 1823 3751 possibilitas,

167 3769 347 3855 praesumit
375 3769 524 3835 adiectus
552 3769 673 3856 datque
703 3773 875 3837 terminum
904 3772 1021 3836 latiora
1048 3770 1256 3857 opinantibus
1287 3769 1448 3834 sermonis
1476 3769 1648 3854 angustia?
1693 3766 1824 3830 fuerunt

167 3876 275 3936 tamen
309 3872 374 3937 ista
407 3874 617 3939 sacratissimi
646 3875 730 3938 vatis
765 3874 943 3952 desideria,
978 3881 1014 3938 ut
1050 3894 1122 3939 erun
1155 3873 1406 3938 innumerabilia
1439 3873 1578 3947 faceret,
1619 3876 1750 3957 optaret
1781 3868 1822 3934 de

100 3992 116 4029 ยนโต
168 3974 319 4040 laudibus
344 3976 411 4042 suis
435 3984 492 4042 ant
514 3978 604 4042 nulla
627 3985 683 4042 aut
705 3999 809 4064 panca
831 3979 1015 4065 perstringi.
1051 3976 1138 4041 unde
1154 3977 1181 4041 si
1198 3975 1274 4063 quid
1292 3977 1398 4041 minus
1415 3976 1528 4061 lingua
1551 3995 1677 4061 pauper
1698 3973 1823 4059 aperui.

100 4084 153 4125 ฮ
170 4077 357 4144 audientum
381 4086 414 4145 et
437 4081 604 4167 legentum
629 4082 781 4147 sensibus
805 4081 1007 4166 derelinquo.

276 4182 358 4248 Post
380 4184 500 4251 multas
523 4192 633 4251 tamen
650 4208 730 4273 quas
747 4187 834 4273 apud
851 4186 1056 4252 Odovacrem
1072 4205 1184 4270 regem
1201 4182 1386 4267 legationes
1402 4182 1560 4247 violentia
1576 4180 1824 4268 supplicationis
1840 4177 1899 4239 tue

171 4289 292 4374 exegit,
316 4287 531 4375 dispositione
554 4291 706 4354 caelestis
730 4291 858 4377 imperii
882 4289 923 4354 ad
945 4289 1077 4354 Italiam
1096 4285 1321 4352 Theodericus
1345 4307 1405 4350 rex
1429 4306 1501 4349 cum
1525 4286 1674 4349 inmensa
1697 4283 1823 4348 roboris

170 4392 219 4456 sui
251 4391 458 4457 multitudiue
488 4393 699 4463 commeavit:
732 4393 773 4457 ad
803 4414 900 4479 quern
928 4394 978 4456 vir
1010 4391 1255 4476 integerrimus,
1287 4388 1363 4453 dum
1391 4387 1567 4453 Mediolani
1600 4387 1665 4452 iam
1695 4387 1823 4473 positus

273 4614 288 4668 l
306 4617 403 4670 dalmat
413 4616 440 4667 ฮ
560 4616 577 4668 2
594 4616 707 4684 maioris]
725 4618 789 4670 iuris
805 4616 848 4665 Va
967 4614 985 4668 3
1002 4618 1122 4683 attigerat
1138 4614 1163 4664 V
1228 4610 1299 4680 cum]
1317 4622 1373 4665 tum
1386 4611 1465 4664 Sirra.
1588 4609 1605 4663 5
1623 4620 1709 4680 posset
1725 4610 1825 4676 ฮตฮฟฮฝแฝถแฟฮตแฝท,

169 4703 248 4770 possit
264 4702 325 4754 libri
401 4701 436 4770 at]
459 4704 492 4755 ad
508 4703 534 4753 B
658 4702 675 4754 6
693 4704 823 4771 passiems
840 4700 882 4753 Bยน
1009 4698 1024 4751 7
1042 4702 1186 4753 succincxit
1201 4700 1227 4750 ฮ
1351 4695 1368 4749 8
1390 4700 1442 4751 tolo
1465 4698 1563 4751 codices
1643 4697 1767 4747 macheua
1784 4692 1824 4744 13ยน

170 4785 203 4840 10
219 4789 320 4841 ruinam
332 4789 357 4839 ฮ
462 4788 492 4840 ll
512 4791 638 4856 stupenda
654 4787 693 4838 Vt
800 4787 832 4840 m
849 4784 1035 4855 consumente]
1053 4789 1169 4854 intellege
1187 4793 1362 4838 consummato
1381 4802 1459 4852 supra
1475 4786 1543 4837 dicto
1561 4783 1678 4848 (minoris
1690 4782 1823 4844 ecclesiae)

170 4890 244 4942 opere
319 4877 503 4943 reparationem
522 4875 559 4938 B,
583 4877 784 4943 preparationem
808 4876 883 4928 ceteri
955 4875 1078 4927 ecclesiae
1104 4869 1205 4941 (opere)
1234 4872 1419 4939 reparationem
1437 4870 1533 4921 Hertel
1606 4870 1704 4921 orditur
1725 4867 1824 4933 cornici}

170 4945 266 5014 oraim
283 4962 344 5013 nm
469 4960 501 5013 15
519 4963 602 5029 aspa
619 4962 644 5012 r
760 4960 793 5014 rs
811 4963 897 5014 essa
909 4961 935 5012 n
1056 4958 1089 5011 la
1107 4960 1235 5027 urguebat
1246 4944 1323 5021 brt,
1346 4958 1456 5025 urgebat
1471 4954 1586 5007 usare
1703 4950 1736 5004 le
1754 4970 1823 5019 pas

169 5048 313 5116 sumptione
329 5046 370 5096 Va
501 5046 536 5099 โ20
553 5048 625 5100 tollet
637 5047 662 5098 ฮ
790 5045 823 5098 21
842 5048 956 5100 attulerit
975 5046 1019 5097 VL
1025 5045 1049 5095 ฮค
1047 5046 1075 5110 0,
1091 5046 1219 5097 adtulerat
1230 5043 1255 5095 B
1384 5039 1419 5093 24
1435 5042 1577 5110 quinqueni
1589 5040 1614 5092 B
1699 5035 1735 5105 at]
1753 5039 1786 5090 ad
1798 5037 1824 5088 B

171 5132 285 5185 benifima
304 5132 328 5182 V
435 5132 471 5185 25
488 5131 519 5200 is]
539 5134 580 5185 his
592 5134 617 5184 ฮ
729 5132 762 5184 โll
781 5131 822 5201 ea]
840 5151 870 5186 as
881 5133 927 5185 Ba
1043 5128 1079 5183 28
1095 5133 1197 5184 efforuit
1208 5130 1234 5181 B
1309 5129 1453 5181 inormitate
1465 5128 1491 5179 B
1607 5122 1642 5177 29
1659 5125 1780 5178 ausdrsari
1790 5123 1825 5189 B,

172 5221 298 5273 munero
315 5221 390 5273 ceteri
500 5217 532 5271 31
553 5221 664 5287 optinuit
678 5220 702 5269 V
806 5217 841 5272 33
859 5227 1005 5289 praesumet
1021 5218 1047 5269 B
1156 5214 1191 5269 34
1208 5216 1379 5270 memtiuims
1393 5213 1420 5266 ฮ
1521 5210 1557 5266 86
1572 5229 1627 5265 une
1642 5228 1699 5279 usp.
1711 5210 1758 5265 tta
1769 5210 1788 5263 d
1798 5209 1825 5263 ฮ

169 5303 202 5357 36
219 5306 375 5359 audiendum
387 5306 432 5356 Bt
501 5305 661 5358 audientium
678 5314 704 5358 et
720 5307 860 5374 legentium
877 5305 923 5358 Tc
1023 5302 1058 5357 39
1075 5304 1266 5357 multitudinem
1278 5302 1305 5356 ฮ

272 5511 307 5565 ss
325 5511 407 5565 Pan.
425 5509 484 5565 aa.
504 5509 605 5565 xva
622 5490 757 5577 (ximo
775 5509 882 5580 aee).-
910 5506 1098 5563 reassumi
1114 5504 1258 5563 svm
1276 5502 1426 5568 111111111-

170 5598 238 5651 aare
253 5602 317 5663 ltin
341 5594 515 5666 menonem
532 5595 615 5650 Voles.
633 5594 679 5666 61]
700 5593 840 5666 pervenit,
865 5591 917 5649 abi
941 5592 1010 5649 dnm
1032 5589 1210 5659 eandm,
1239 5606 1262 5639 sฮ

272 5688 411 5750 anona.
