4500 6232
732 699 1185 827 EPlTllPHlVll
1230 697 1522 827 ENNODI.

399 984 627 1122 Epitaphium
650 1033 777 1098 Euuodi
800 1034 831 1097 iu
854 1033 962 1098 tabula
984 1055 1155 1098 marmorea
1182 1033 1370 1118 insculptum
1393 1033 1543 1118 singulari
1571 1032 1715 1099 fortunae
1736 1033 1885 1101 beneficio
1907 1034 1950 1102 ad

294 1139 374 1204 lianc
396 1148 529 1204 aetatem
552 1146 709 1202 servatum
732 1145 779 1200 cst
793 1137 896 1201 Ticini
919 1138 951 1200 in
974 1135 1104 1201 basilica
1126 1135 1224 1199 sancti
1247 1134 1422 1200 Michaelis,
1455 1158 1518 1221 quo
1540 1134 1580 1200 dc
1601 1147 1802 1203 monumento
1816 1138 1949 1205 Tuliuus

293 1242 368 1325 (Gli
390 1242 486 1307 Sturii
507 1242 543 1305 ia
565 1240 665 1305 Italia
688 1243 772 1303 1881
788 1262 824 1321 p.
842 1243 920 1325 113)
947 1240 1023 1305 haec
1044 1239 1199 1326 disputat:

400 1347 510 1410 Primo
531 1366 628 1409 venite
650 1345 774 1425 deposta
797 1346 833 1409 in
848 1344 879 1409 S.
902 1344 1029 1422 Vittore,
1052 1345 1156 1409 chiesa
1175 1349 1273 1408 eretta
1295 1345 1338 1408 dc
1360 1343 1409 1409 tut
1427 1367 1443 1409 c
1463 1345 1517 1409 circ
1538 1345 1669 1411 mittem
1688 1344 1777 1426 fuori
1798 1347 1834 1410 di
1848 1345 1950 1412 Porta

299 1450 432 1518 mvmr.
477 1449 514 1514 It
540 1470 662 1514 vescovo
691 1448 827 1530 Ippotito
856 1449 951 1513 Rossi
985 1448 1014 1513 lo
1046 1447 1156 1513 colloco
1192 1453 1271 1512 sotto
1299 1446 1431 1512 latare·
1453 1449 1609 1531 mapyiorc
1640 1447 1725 1513 aella
1752 1449 1886 1515 basilica
1913 1450 1950 1516 di

295 1554 327 1619 S.
343 1553 479 1618 Michcle
501 1575 516 1617 e
538 1552 706 1634 taritaffio
728 1558 780 1616 sta
801 1552 853 1616 ael
874 1574 965 1617 muro
987 1574 1009 1615 a
1023 1573 1123 1617 cornu
1145 1550 1292 1632 epistotae
1313 1551 1365 1617 acl
1379 1552 1568 1633 presbiterio
1583 1574 1599 1616 c
1612 1573 1677 1617 noa
1698 1553 1751 1617 nel
1764 1554 1949 1633 battistcrio,

294 1658 498 1724 cometarum
513 1658 538 1722 a
553 1658 717 1723 Muratori
732 1682 748 1723 c
763 1658 988 1741 campanea.
1005 1699 1046 1706 —
1063 1661 1167 1744 Atque
1182 1659 1297 1723 similia
1316 1659 1448 1743 legimus
1464 1656 1549 1745 apud
1566 1658 1740 1744 Maganum
1754 1659 1822 1743 (La
1833 1657 1950 1725 Secuta

294 1752 440 1827 cottolica
465 1762 523 1826 XI
539 1761 596 1826 ool.
615 1763 711 1826 XXI
717 1785 754 1844 p.
766 1765 840 1842 34).·
861 1763 1004 1845 cpitoffio
1026 1764 1056 1826 d
1068 1763 1234 1840 Enaodio,
1250 1767 1344 1843 posto
1363 1762 1427 1844 yid,
1449 1783 1515 1828 noa
1536 1761 1588 1827 nel
1608 1763 1799 1841 dodamin,
1822 1762 1877 1827 cltc
1897 1761 1952 1827 ael

295 1888 365 1932 vcro
379 1887 469 1931 senso
484 1887 506 1928 a
521 1865 582 1929 talc
599 1866 716 1947 parole
731 1868 897 1931 attribuito
920 1888 984 1932 raon
1006 1868 1104 1943 esiste,
1127 1889 1144 1931 c
1165 1887 1230 1931 uon
1250 1866 1266 1930 ὲ
1286 1864 1370 1946 forse
1391 1867 1458 1930 urci
1479 1867 1599 1931 esistito
1620 1867 1657 1930 in
1679 1865 1711 1932 S.
1728 1863 1873 1943 Micicle,
1895 1886 1951 1930 nra

297 1971 404 2050 iafissc
426 1971 463 2034 in
485 1991 531 2034 aa
547 1976 659 2051 parete
682 1971 812 2034 laterata
833 1970 886 2035 atr
909 1969 1011 2035 altare
1033 1971 1188 2053 mappiore
1211 1991 1263 2035 oce
1285 1970 1433 2050 riposava
1456 1969 1481 2034 il
1502 1991 1593 2050 capo
1616 1969 1666 2034 del
1686 1975 1788 2035 sarto.

399 2074 541 2139 Contulit
561 2075 622 2138 hoc
644 2074 837 2161 epitaphium
860 2084 932 2160 post
955 2072 1156 2139 Sirmoudum
1179 2075 1319 2160 aliosque
1338 2074 1527 2154 Mommsen,
1549 2073 1638 2139 cuius
1660 2074 1799 2139 recensio
1820 2072 1950 2157 (olm

295 2177 362 2243 V2
385 2202 415 2242 u.
439 2180 533 2257 6464)
556 2177 632 2242 haec
654 2188 716 2242 est:

578 2339 773 2411 Euuodius
802 2339 897 2412 vatis
925 2339 1018 2411 lucis
1044 2337 1233 2410 rediturus
1258 2339 1297 2410 in
1326 2343 1409 2411 ortu

630 2459 702 2531 hoc
730 2459 855 2549 posuit
883 2459 1027 2531 tumulo
1059 2458 1227 2548 corporis
1255 2458 1422 2532 exuuias.

580 2579 704 2652 clarus
732 2580 836 2669 prole
864 2579 1028 2670 quidem,
1057 2579 1274 2669 generosior
1300 2579 1382 2670 ipsc
1410 2582 1644 2673 propinquis

632 2720 730 2791 quos
755 2700 906 2772 functus
933 2700 1087 2772 laudum
1115 2699 1223 2772 iussit
1249 2701 1389 2774 habere
1417 2702 1525 2775 diem.

544 2847 556 2884 ³
582 2819 751 2892 reddedit
778 2819 849 2891 hos
876 2819 978 2892 caelo
1005 2819 1196 2892 vivacibus
1221 2820 1281 2892 ille
1309 2821 1451 2912 figuris

635 2962 720 3013 cum
747 2941 832 3013 fecit
858 2941 979 3014 famae
1008 2941 1132 3014 vivere
1160 2942 1381 3034 conloquiis,

580 3061 669 3154 quid
697 3061 833 3134 mirum
861 3063 892 3134 si
920 3067 1039 3135 morte
1067 3067 1169 3135 caret
1196 3069 1282 3154 post
1309 3065 1420 3138 busta
1448 3067 1643 3157 superclio,

631 3181 694 3273 qui
722 3183 1025 3274 consanguineos
1052 3182 1212 3256 restituit
1239 3186 1398 3276 superis.

579 3309 744 3394 quantos
770 3303 838 3377 iste
865 3304 978 3392 foret,
1007 3304 1137 3377 mundi
1164 3305 1395 3379 caelebratur
1421 3309 1459 3380 iu
1486 3309 1598 3381 hortu

526 3449 556 3488 ιο
634 3445 703 3498 nec
730 3425 814 3498 silet
840 3425 981 3499 occidui
1010 3425 1169 3499 cardinis
1196 3447 1372 3501 oceanus

563 3544 754 3619 scismata
781 3545 974 3619 coniunxit
1001 3547 1145 3620 dudum
1171 3547 1356 3620 discordia
1383 3549 1453 3640 legi

629 3666 752 3757 adque
779 3665 892 3739 fidem
919 3665 1018 3739 Petri
1046 3667 1216 3740 reddedit
1243 3667 1421 3741 aeclesiis.

579 3787 728 3877 pollens
755 3787 948 3880 ueloquio,
976 3789 1169 3861 doctrinae
1196 3788 1332 3862 nobilis
1361 3794 1441 3862 arte

633 3908 793 3981 restituit
820 3908 941 3981 Cristo
968 3909 1189 3982 innumeros
1217 3910 1388 4001 populos,

528 4053 556 4092 ω
583 4029 709 4118 largus
738 4029 796 4101 vel
826 4029 976 4119 sapiens
1003 4030 1318 4122 dispensatorque
1346 4032 1529 4123 benignus

632 4150 778 4223 divitias
806 4152 962 4223 credens
989 4171 1086 4241 quas
1114 4150 1215 4223 dedit
1242 4172 1324 4223 esse
1353 4173 1454 4240 suaS,

579 4271 719 4361 templa
745 4271 815 4342 deo
843 4270 982 4342 taciens
1008 4270 1131 4362 ymnis
1158 4271 1347 4345 decoravit
1375 4277 1411 4346 et
1442 4297 1535 4347 auro

632 4397 669 4464 ct
696 4392 819 4483 parics
846 4392 960 4464 iuncti
988 4393 1164 4483 dogmata
1191 4414 1291 4465 nuric
1319 4394 1496 4486 loquitur.

764 4524 935 4610 Depositus
958 4524 1018 4588 sub
1041 4523 1071 4588 d.
1093 4524 1192 4591 XVI.
1215 4525 1289 4589 Kal.
1312 4527 1475 4612 Augustas

930 4627 1070 4692 Valerio.
1093 4651 1122 4692 v.
1144 4652 1170 4692 c.
1192 4629 1310 4693 consul.
1480 4648 1580 4699 [aaut
1594 4652 1639 4703 521!

399 4924 487 4975 Halae
499 4924 566 4974 tituli
581 4923 764 4985 barbarismos,
781 4941 888 4987 picorum
899 4924 1008 4988 plu-rimi
1024 4942 1073 4989 per
1086 4941 1112 4975 re
1126 4925 1316 4989 intettcpuutar,
1333 4927 1441 4976 editores
1454 4928 1490 4977 sic
1502 4928 1713 4981 retardaverunt:
1800 4948 1825 4982 r.
1838 4931 1849 4981 l
1863 4938 1947 4981 crtum

293 5029 317 5061 v.
336 5009 352 5061 -l
378 5014 479 5062 iunctos
551 5012 625 5061 iussit
653 5010 746 5060 habero
775 5010 841 5060 diem
862 5030 893 5051 -τ
913 5028 953 5074 cp.
972 5013 1026 5061 01(Ι
1036 5010 1066 5059 ro
1187 5028 1210 5060 v.
1231 5008 1246 5059 7
1272 5020 1329 5077 post
1357 5013 1430 5062 lursta
1457 5022 1586 5079 stuprerstcs
1608 5037 1639 5058 =
1662 5035 1703 5082 cp.
1723 5016 1768 5068 ul
1788 5015 1948 5069 cccxxvii

293 5096 347 5148 at)
366 5106 478 5163 qumuus
548 5099 693 5149 celebratur
711 5096 736 5146 iu
755 5104 812 5146 ortu
917 5115 940 5146 v.
957 5096 988 5147 li)
1005 5098 1164 5162 dispeusator
