4500 6232
862 238 908 292 lll.
938 236 984 292 llll
1005 236 1238 292 lllll'l'lONlllUS
1259 236 1405 290 amnem.

761 412 899 477 001th
1068 407 1156 474 tatio
1179 410 1359 474 cumulata:
1452 409 1517 473 cod.
1550 409 1589 472 V.-

654 535 770 612 237,14
792 555 887 619 rogus
1076 554 1170 616 rogos
1390 553 1500 615 rogum

655 641 770 715 :aare
793 635 880 700 vellit
1079 634 1171 698 vellet
1390 633 1466 698 velit

593 740 732 827 up.IC'r'
756 739 849 804 electa
871 739 981 803 robure
1077 736 1171 802 docta
1192 738 1305 802 rubore
1390 736 1500 802 doctor
1522 738 1562 802 ab
1585 761 1637 801 ore

302 913 426 977 Similes
455 924 648 978 correcturae
675 937 712 977 ue
743 914 774 976 in
802 914 830 978 B
854 911 980 998 quidem
1003 934 1131 998 prorsus
1159 910 1285 989 desunt,
1313 911 1369 975 sed
1392 911 1491 975 multo
1518 920 1592 975 suut
1613 911 1744 975 rariores
1767 920 1861 996 atque
1883 909 1959 975 sirn-

300 1017 458 1102 plieiores:
492 1017 636 1082 librarius
668 1015 784 1080 codicis
817 1016 853 1081 V
882 1017 988 1080 eiusce
1019 1015 1205 1102 exemplaris
1228 1023 1346 1100 quauta
1372 1014 1545 1079 subtilitate
1577 1024 1754 1100 quantaque
1780 1013 1958 1079 constantia

300 1120 446 1185 lectiones
469 1121 671 1198 mutaverint,
699 1120 816 1206 optime
838 1119 989 1205 probatur
1010 1119 1156 1204 genetivo
1178 1118 1343 1182 nominum
1361 1119 1393 1181 in
1417 1119 1484 1182 -ias
1506 1117 1697 1196 cadentium,
1719 1117 1773 1204 qui
1795 1117 1827 1182 in
1850 1115 1958 1182 codiee

304 1223 336 1287 V
359 1224 505 1289 omuibus
528 1225 590 1288 fere
613 1224 690 1287 loeis
714 1223 866 1287 formatur
889 1221 919 1284 in
943 1221 993 1298 -ii,
1017 1243 1206 1307 quamquam
1229 1220 1410 1285 Eunodium
1433 1222 1565 1286 formam
1588 1222 1620 1285 in
1642 1222 1670 1284 -i
1692 1226 1857 1304 (serratam
1870 1220 1902 1291 in
1917 1219 1958 1298 B)

300 1328 485 1413 praetulisse
507 1328 669 1392 manifeste
692 1337 790 1390 metro
817 1324 1004 1390 ostenditur:
1034 1347 1083 1411 op.
1100 1324 1147 1389 CI
1159 1328 1188 1403 4,
1211 1324 1389 1390 CLXXXI
1410 1328 1439 1402 3,
1462 1324 1680 1390 CLXXXIII
1695 1328 1726 1403 4,
1748 1321 1916 1389 CXCVII
1931 1326 1958 1401 1,

300 1430 390 1495 CCX
404 1435 430 1508 l,
452 1430 670 1495 CCXXXIV
690 1435 715 1496 l.
733 1434 760 1509 7,
783 1429 1069 1508 CCCXXXIth,
1096 1429 1335 1495 CCCLXXIX
1349 1434 1377 1496 8.
1421 1439 1487 1493 tum
1514 1430 1619 1494 multis
1642 1428 1720 1492 hrcis
1743 1429 1775 1491 in
1798 1427 1833 1492 V
1855 1425 1957 1491 eidem

299 1533 484 1598 barbarismi
508 1544 600 1620 atque
623 1534 654 1597 in
678 1534 706 1596 B
729 1535 845 1598 exarati
869 1545 966 1611 eraut,
988 1556 1067 1619 qnos
1091 1544 1146 1597 aut
1172 1533 1224 1597 V²
1247 1542 1301 1597 aut
1319 1533 1367 1597 Vb
1391 1533 1565 1618 perpolivit,

402 1655 603 1740 Quamquam
626 1678 699 1739 ergo
722 1654 915 1740 exploratum
939 1665 986 1719 est
1008 1653 1210 1740 archetypum
1232 1654 1341 1717 formis
1363 1653 1534 1718 barbaricis
1557 1653 1701 1717 refertum
1723 1654 1830 1731 fuisse,
1852 1662 1956 1716 tamen

299 1756 353 1821 illa
368 1757 591 1823 vocabulorum
615 1767 753 1822 monstra
775 1782 812 1822 ex
836 1768 922 1822 textu
945 1758 1062 1823 removi
1086 1781 1157 1822 eum
1181 1767 1307 1844 propter
1333 1755 1454 1842 legendi
1478 1755 1676 1821 incommoda
1696 1766 1761 1820 tum
1785 1765 1957 1843 propterea,

299 1859 382 1947 quod
407 1860 529 1925 codices
559 1863 655 1925 nostri
679 1860 718 1924 ad
748 1861 897 1946 integram
921 1862 1080 1948 archetypi
1108 1861 1240 1946 effigiem
1270 1859 1493 1925 restituendam
1521 1860 1647 1924 minime
1673 1859 1840 1924 sufficiunt.
1883 1882 1956 1923 nam

300 1987 337 2028 ue
367 1964 580 2029 Bruxellensis
609 1965 734 2049 quidem
764 1966 925 2030 temeraria
954 1965 1169 2031 emendatione
1197 1973 1281 2029 caret
1303 1965 1430 2049 eiusque
1457 1963 1575 2028 librarii
1600 1986 1683 2026 —a
1709 1962 1851 2048 pluribus
1874 1961 1956 2027 huuc

299 2068 414 2132 librum
438 2068 589 2154 seriptum
612 2090 680 2131 esse
703 2067 894 2133 ostendimus
919 2109 960 2116 -
984 2069 1015 2133 in
1039 2070 1130 2134 rebus
1153 2068 1401 2154 orthographicis
1421 2067 1544 2131 variant
1566 2066 1618 2131 alii
1643 2067 1827 2152 scripturam
1850 2065 1958 2131 arche·

300 2171 365 2257 typi
398 2171 548 2255 integram
578 2169 740 2235 reddentes
768 2171 820 2236 alii
849 2170 888 2235 ad
914 2173 1134 2257 grammaticas
1161 2172 1284 2258 regulas
1308 2172 1402 2258 paulo
1425 2171 1632 2235 immutantes.
1677 2180 1840 2255 utramque
1862 2169 1958 2234 libru-

300 2275 414 2339 riorum
445 2275 594 2339 rationem
622 2274 880 2360 deprehendimus
907 2276 938 2339 iu
969 2278 1069 2363 prima
1096 2286 1184 2362 parte
1217 2275 1359 2362 opusculi
1391 2274 1507 2338 LXXI
1534 2275 1566 2338 iu
1595 2274 1623 2338 B
1652 2273 1778 2338 diversa
1804 2296 1896 2338 manu
1925 2285 1956 2337 et

300 2377 352 2441 l'ol.
369 2379 431 2445 55¹³
454 2387 484 2441 et
507 2378 559 2442 fol.
580 2384 644 2445 56⁸
670 2388 805 2442 exanrta.
849 2379 1003 2464 scriptura
1034 2380 1194 2466 utriusque
1222 2379 1338 2444 librarii
1367 2401 1554 2465 quamquam
1582 2401 1620 2441 ex
1649 2376 1758 2441 rodem
1787 2377 1955 2464 exemplari

301 2481 413 2546 hausta
435 2483 480 2546 sie
502 2481 673 2568 discrepat:

686 2655 839 2719 librarius
860 2656 914 2736 tol.
932 2659 1010 2720 55⁶:
1203 2654 1356 2718 librerias
1377 2653 1430 2734 tol.
1447 2658 1523 2716 56⁸¹:

634 2798 662 2859 p.
675 2777 743 2854 81,l
771 2776 898 2841 Steliruo
1080 2775 1241 2861 Stephano

727 2882 746 2944 2
769 2902 880 2943 munos
1078 2873 1189 2943 munds

727 2987 747 3049 3
769 2983 888 3048 exibuit
1077 2982 1219 3047 exhibuit

726 3088 745 3149 l
769 3084 917 3149 elicorum
1078 3086 1253 3171 aliquorum

728 3195 747 3256 5
770 3213 968 3276 conceperam
1079 3192 1272 3277 conceperim
1295 3202 1363 3272 (pro
1386 3190 1589 3275 (surriperent)

704 3354 707 3359 ,
727 3298 746 3359 ti
770 3282 945 3378 acceperam
1077 3294 1247 3380 rrereqrerim
1270 3302 1342 3374 (pro
1364 3294 1546 3378 acciperem)

728 3398 746 3462 7
769 3396 961 3461 contelerunt
1079 3397 1274 3461 contulerunt

303 3561 421 3627 Verum
444 3566 565 3630 etiamsi
590 3568 748 3655 archetypi
777 3570 998 3658 orthographia
1021 3572 1145 3656 penitus
1173 3573 1254 3636 reliei
1279 3584 1398 3657 posset,
1425 3597 1462 3636 eo
1492 3572 1590 3658 ipsius
1622 3569 1745 3635 Eunodi
1767 3568 1953 3655 scripturam

298 3664 415 3751 integre
439 3671 660 3753 repraesentari
685 3695 779 3757 nego:
810 3696 909 3759 neque
936 3675 1018 3737 eninr
1041 3674 1227 3760 archetypus
1256 3674 1388 3760 abipso
1418 3684 1542 3739 auctore
1565 3675 1755 3761 compositus
1779 3675 1827 3739 vel
1851 3696 1955 3738 eruen-

298 3766 390 3832 datus
413 3780 462 3835 cst
485 3795 583 3858 neque
606 3775 737 3840 schedae
762 3776 802 3840 ab
824 3775 942 3840 editore
964 3777 1066 3862 primo
1094 3776 1241 3842 collectae
1264 3800 1370 3842 onmes
1399 3801 1493 3842 manu
1515 3777 1641 3843 Euuodi
1664 3779 1799 3865 scriptae
1821 3779 1954 3842 luerunt.

297 3872 393 3936 immo
417 3884 451 3938 ut
474 3874 524 3939 ille
546 3876 586 3940 ab
608 3878 678 3941 aliis
701 3879 827 3963 petebat
849 3885 889 3965 (p.
905 3882 1042 3957 aalma)
1064 3903 1131 3958 ,uec
1153 3879 1284 3944 alterum
1315 3879 1432 3946 dictare
1456 3881 1617 3967 patiamini
1642 3904 1721 3968 quae
1744 3881 1785 3946 ad
1808 3906 1856 3948 me
1878 3884 1954 3948 seri·

297 3974 386 4039 betis‘
409 3986 438 4040 et
461 3982 630 4064 (p.·282,9)
658 4005 743 4067 ,rogo
772 3991 807 4045 ut
836 3982 954 4046 nullum
985 3982 1080 4047 alium
1111 3982 1228 4048 dictare
1256 3984 1371 4062 litoius,
1401 3985 1474 4070 qnia
1505 4008 1565 4048 nou
1596 4007 1653 4049 sua
1682 4009 1775 4050 ruauu
1802 3989 1953 4074 epistulas

297 4078 500 4164 seripserunt:
531 4083 577 4145 sie
600 4084 699 4169 ipsius
722 4085 873 4171 epistulas
896 4108 988 4172 saepe
1019 4108 1074 4171 per
1096 4097 1275 4173 exceptores
1299 4089 1432 4174 scriptas
1462 4099 1490 4152 ot
1514 4089 1545 4152 in
1569 4089 1640 4153 illos
1664 4089 1786 4155 libellos
1808 4093 1953 4178 proprios

297 4180 429 4246 lirrtasse
457 4207 580 4270 semper
607 4187 707 4251 aliena
738 4211 830 4252 manu
859 4188 970 4254 relatus
998 4213 1066 4253 esse
1096 4191 1263 4255 verisimile
1285 4201 1340 4256 est.
1384 4214 1566 4278 persuasum
1596 4193 1672 4257 nrihi
1699 4193 1824 4278 quidem
1853 4195 1953 4260 habre

297 4285 447 4371 plurimos
471 4288 593 4353 illorum
618 4291 880 4356 barbarismorum
908 4291 948 4357 ad
976 4294 1080 4379 ipsum
1110 4294 1291 4359 Ennodium
1322 4294 1514 4360 revocandos
1537 4320 1604 4361 esse
1631 4304 1675 4375 (ut
1697 4298 1815 4363 similes
1843 4299 1896 4384 qui
1920 4299 1952 4363 in

297 4389 456 4476 epitaphio
479 4391 604 4457 Eunodi
629 4405 762 4474 exstant,
785 4396 923 4483 plerique
946 4407 1027 4461 certe
1049 4399 1200 4477 unctoria,
1228 4421 1289 4463 uon
1313 4399 1391 4464 fabri
1415 4405 1513 4479 sunt),
1535 4401 1682 4485 quoniam
1706 4401 1873 4467 Ennodius
1895 4426 1953 4469 sua

295 4492 370 4577 legit
392 4504 420 4559 et
442 4494 621 4560 emendarit
643 4503 682 4583 tp.
701 4502 811 4577 latu
835 4503 907 4577 265,
922 4503 986 4577 18),
1009 4499 1063 4563 sed
1087 4500 1163 4586 quid
1186 4501 1253 4587 ipse
1276 4503 1449 4586 peecarcrit
1472 4500 1588 4588 quidve
1615 4503 1732 4569 librarii
1757 4504 1953 4592 deliquerint,

295 4607 376 4661 certa
404 4598 522 4663 ratione
544 4599 698 4685 explorari
722 4624 784 4665 nou
808 4611 919 4687 potest.
954 4603 984 4665 in
1009 4604 1187 4668 uuiversum
1210 4614 1313 4669 autem
1337 4606 1435 4669 satius
1459 4605 1545 4685 duxi,
1567 4607 1720 4694 quidquid
1743 4633 1761 4674 a
1782 4610 1953 4678 latinitate

294 4700 387 4764 rrirrris
410 4700 543 4766 alienum
568 4727 587 4766 a
608 4703 782 4789 legentibus
806 4729 867 4769 non
897 4708 964 4770 sinc
994 4709 1113 4793 ingrato
1142 4709 1248 4773 labore
1270 4710 1495 4791 enuclearetur,
1526 4734 1543 4774 e
1572 4723 1658 4776 textu
1685 4714 1801 4779 tollere.
1846 4716 1952 4781 multis

294 4826 368 4868 saue
391 4804 467 4869 locis
487 4806 539 4869 rix
563 4832 581 4871 a
604 4830 653 4870 me
676 4808 848 4894 impetrari,
873 4820 905 4873 ut
929 4811 1054 4888 lbrnras,
1077 4834 1154 4898 quas
1177 4814 1328 4897 genuinas
1351 4837 1419 4877 esse
1441 4815 1647 4880 certissimum
1664 4829 1738 4896 crat,
1761 4818 1835 4884 lima
1849 4840 1952 4905 gram·

295 4908 408 4973 metica
424 4909 567 4996 polircm;
590 4910 645 4975 scd
668 4912 832 4997 legentium
858 4914 1029 4979 rationibus
1053 4917 1170 5002 optime
1192 4917 1351 4981 consulere
1375 4920 1449 4983 mihi
1466 4919 1604 5001 videbar,
1626 4922 1670 4985 cis
1693 4923 1748 5007 qui
1770 4922 1951 4987 Eunodium

294 5022 420 5097 propter
450 5035 497 5076 res
520 5012 651 5078 traditas
681 5014 786 5078 lecturi
816 5027 889 5080 sunt
913 5017 1006 5081 rerba
1036 5016 1197 5082 emendata
1227 5019 1391 5099 exhibens,
1414 5022 1457 5085 eis
1486 5024 1538 5107 qui
1563 5023 1631 5087 illus
1655 5025 1739 5110 ipsas
1771 5026 1951 5091 latinitatis

294 5126 457 5201 mrrruptae
487 5118 602 5181 formas
635 5118 795 5203 requirunt
823 5120 968 5185 collectas
1000 5122 1029 5185 in
1058 5120 1160 5185 indice
1189 5123 1335 5206 pcenliari
1366 5126 1507 5189 oll'ereus.
1557 5136 1659 5191 tmrrerr
1691 5152 1729 5192 ne
1757 5129 1951 5215 sicquidem

293 5221 441 5284 omnihus
464 5245 512 5285 me
535 5222 724 5287 satisfecisse
746 5223 883 5288 conlido:
908 5226 974 5311 ipse
996 5225 1072 5289 mihi
1097 5248 1157 5288 uon
1182 5227 1327 5291 satisfeci.

396 5340 433 5404 lu
456 5343 500 5405 eis
525 5342 764 5430 orthographiae
789 5345 1005 5422 varictatibus,
1034 5368 1113 5431 quae
1137 5346 1314 5411 tolerabiles
1339 5348 1529 5429 riderentur,
1559 5351 1723 5438 indulgens
1751 5353 1949 5421 Bruxellensi

291 5442 435 5528 ‹prrrnuis
459 5444 647 5509 inconstanti
669 5444 781 5510 admisi
806 5445 946 5534 duplices
976 5446 1143 5513 eorundem
1168 5449 1393 5514 vocabulorum
1423 5451 1538 5518 lirrruus
1563 5464 1609 5518 ut:
1640 5457 1837 5538 carrulmmt,
1861 5457 1948 5523 berre·
