4500 6232
698 265 954 322 Pluucvulcvs
972 265 1102 321 DIC'IVS
1120 265 1360 322 THEODERICO.
1793 272 1855 334 213

204 441 346 507 inscitia:
376 448 410 505 te
438 440 555 505 summi
583 440 636 504 dei
659 441 817 505 cultorem
841 439 882 503 ab
906 439 976 526 ipso
1000 440 1081 504 lucis
1103 439 1215 504 limine
1239 440 1409 503 instructio
1432 440 1542 504 vitalis
1566 440 1715 505 instituit.
1761 462 1855 506 num-

206 566 303 630 quam
326 545 472 631 applicas
494 544 662 608 laboribus
686 544 763 621 tuis,
793 541 879 628 quod
903 549 1040 608 eventus
1064 541 1182 608 dexter
1204 543 1373 607 obtulerit:
1405 544 1469 606 scis
1491 542 1524 606 in
1547 548 1580 607 te
1604 563 1730 616 curam,
1754 564 1856 630 penes

113 682 133 723 p.
149 674 186 713 sn
206 649 302 713 deum
331 647 542 734 perfectionis
574 668 650 711 esse
679 647 902 711 substantiam.
947 646 1017 731 agis
1044 653 1081 711 ut
1109 667 1267 732 prospera
1289 648 1446 711 merearis
1469 646 1620 733 adipisci,
1651 646 1710 711 sed
1733 647 1856 733 potitus

204 753 356 817 universa
380 750 541 816 adscribis
564 751 699 815 auctori.
734 750 873 815 exhibes
896 750 1012 815 robore
1030 750 1198 835 vigilantia
1215 751 1435 836 prosperitate
1452 751 1644 837 prinoipem,
1666 758 1856 815 mansuetu-

139 893 150 929 ,
204 856 280 920 dine
312 855 527 920 sacerdotem.
580 855 672 941 quid!
705 855 826 919 frustra
848 854 986 918 maiores
1016 855 1118 918 nostri
1152 854 1244 918 divos
1273 862 1307 919 ct
1336 854 1506 940 pontifices
1534 861 1704 930 vocanmt,
1739 854 1856 939 quibus
1869 849 1904 912 81

203 965 334 1046 sceptra
357 959 485 1023 conlata
507 966 591 1023 sunt.
635 959 801 1044 singulare
825 967 877 1025 est
900 961 1029 1025 actibus
1053 962 1189 1046 implere
1213 962 1455 1026 sanctissimum
1473 968 1505 1025 et
1521 960 1709 1026 veneranda
1726 962 1858 1025 nomina

202 1085 267 1128 non
298 1063 433 1128 habere.
480 1085 540 1127 rex
571 1084 664 1128 meus
696 1064 737 1126 sit
765 1063 835 1127 iure
859 1064 1109 1137 Alamannicus.
1141 1065 1270 1129 dicatur
1296 1065 1433 1130 alienus.
1478 1072 1515 1128 ut
1543 1063 1636 1129 divus
1658 1066 1757 1129 vitam
1783 1071 1858 1149 agat

203 1188 246 1231 ex
281 1166 389 1231 fructu
423 1167 643 1232 conscientiae
678 1186 739 1231 nec
773 1168 919 1252 requirat
952 1188 1131 1253 pomposae
1159 1169 1319 1233 vocabula
1354 1167 1442 1232 nuda
1476 1169 1668 1247 iactantiae,
1702 1169 1734 1231 in
1767 1168 1858 1231 ouius

204 1271 349 1335 moribus
372 1272 503 1336 veritati
525 1271 667 1334 militant
688 1269 913 1335 blandimenta
936 1272 1104 1336 maiorum.

312 1373 440 1438 XVIII.
472 1373 613 1452 Vellem,
636 1373 749 1454 fateor,
773 1373 814 1437 ad
838 1375 994 1439 orationis
1011 1375 1186 1439 terminum
1203 1375 1305 1438 vietus
1329 1380 1497 1459 gestorum
1515 1379 1643 1438 tuorum
1661 1373 1855 1438 enormitate
1868 1371 1909 1431 82

204 1476 405 1542 descendere
430 1483 463 1541 et
485 1477 634 1541 novellas
657 1476 793 1541 adoreas
818 1478 993 1542 hebetatus
1016 1479 1194 1564 priscorum
1217 1478 1291 1542 luce
1315 1478 1463 1543 transire.
1512 1474 1800 1562 quemadmodum.
1832 1477 1859 1541 si

204 1580 343 1645 aetherii
367 1580 439 1644 axis
464 1580 497 1643 in
520 1600 691 1644 numerum
708 1580 859 1665 redigere
877 1588 1069 1646 ornamenta
1086 1581 1263 1646 voluissem
1281 1589 1315 1645 et
1330 1582 1470 1645 trionum
1487 1581 1614 1666 fulgore
1631 1580 1858 1666 conprehenso

204 1684 288 1749 caeli
305 1681 457 1747 decorem
474 1684 636 1767 inpotenti
652 1684 765 1769 lingua
780 1684 1014 1763 describerem,
1038 1684 1170 1750 cederet
1191 1684 1300 1748 divino
1317 1683 1484 1769 splendori
1503 1685 1648 1748 mortalis
1665 1684 1859 1753 obscuritas.

204 1788 327 1852 iubaris
350 1785 494 1871 lampadi
517 1806 582 1849 non
605 1786 771 1850 sufficeret
793 1788 963 1852 humilium
988 1788 1130 1852 scintilla
1146 1808 1345 1852 sermonum:
1380 1788 1461 1852 haee
1479 1809 1531 1852 me
1548 1787 1693 1852 condicio
1714 1787 1860 1869 resignat

205 1891 363 1977 inparem,
388 1909 471 1973 quac
495 1896 617 1954 testata
640 1896 693 1954 cst
715 1889 961 1975 obsequentem.

311 1990 405 2058 XIX.
440 1991 525 2057 Nam
547 1991 627 2057 illud
651 2013 714 2077 quo
738 2014 793 2057 ors
817 1993 1051 2059 celebrandum
1074 2001 1135 2067 cst,
1159 1994 1243 2079 quod
1261 1994 1370 2059 Getici
1386 1995 1603 2059 instrumenta
1619 1995 1756 2065 roboris,
1779 1993 1856 2058 dum
1869 1993 1911 2055 83

203 2095 357 2180 provides
386 2117 427 2160 nc
458 2096 709 2182 interpellentur
739 2097 806 2161 otia
834 2104 962 2173 nostra,
995 2097 1138 2161 custodis
1170 2104 1203 2161 ct
1225 2096 1344 2184 pubem
1368 2098 1560 2163 indomitam
1584 2099 1644 2162 sub
1668 2099 1772 2162 oculis
1794 2098 1859 2160 tuis

203 2200 289 2263 inter
317 2199 403 2263 bona
436 2199 682 2284 tranquillitatis
711 2199 791 2264 facis
822 2201 911 2264 bella
939 2199 1136 2286 proludere?
1181 2200 1288 2265 adhuc
1318 2211 1452 2267 manent
1483 2203 1514 2266 in
1549 2201 1714 2266 soliditate
1745 2201 1859 2264 vlrium

205 2302 350 2367 victricia
372 2297 560 2387 agmins‘et
583 2303 648 2367 alia
671 2304 735 2367 iam
759 2311 944 2369 creverunt.
981 2304 1139 2369 durantur
1161 2305 1275 2370 lacerti
1299 2306 1476 2370 missilibus
1500 2312 1534 2370 et
1556 2305 1683 2391 inplent
1699 2305 1860 2369 actionem

127 2438 153 2474 m
204 2407 347 2486 fortium,
371 2405 447 2470 dum
470 2406 633 2481 iocantnr;
658 2408 767 2492 agitur
783 2407 855 2473 vice
880 2409 1059 2493 spectaculi
1083 2407 1169 2493 quod
1194 2409 1344 2492 sequenti
1368 2416 1517 2495 tempore
1541 2408 1660 2494 poterit
1683 2408 1763 2471 satis
1786 2427 1861 2471 esse

115 2539 186 2585 nus
206 2510 328 2575 virtuti.
378 2509 455 2573 dnm
487 2511 661 2576 ammentis
695 2511 875 2598 puerilibus
905 2511 1037 2576 hastilia
1066 2511 1156 2575 lenta
1183 2517 1386 2596 torquentur,
1418 2496 1497 2576 'dum
1531 2532 1624 2576 arcus
1662 2510 1860 2575 cottidianae
1873 2510 1913 2571 st

206 2614 349 2698 capitum
372 2634 471 2678 neces
495 2614 625 2698 longius
648 2613 802 2699 dirigunt,
827 2614 916 2679 urbis
933 2637 1029 2680 omne
1045 2616 1225 2701 pomerium
1244 2615 1417 2680 simulacro
1434 2616 1676 2701 congressionis
1693 2613 1861 2679 adteritur.

206 2718 272 2802 agit
300 2717 406 2802 ligura
433 2718 663 2797 certaminum,
694 2739 736 2783 ne
761 2738 834 2782 cum
858 2719 1004 2804 periculo
1026 2740 1107 2783 vera
1130 2725 1315 2783 nascantur.
1360 2718 1401 2782 ad
1425 2718 1508 2783 baec
1531 2718 1602 2802 quis
1627 2716 1740 2782 eredat
1762 2737 1862 2780 unum

207 2829 322 2907 pectus
346 2841 442 2907 posse
474 2819 641 2899 sulficere,
672 2828 708 2885 ut
730 2842 790 2907 per
811 2823 995 2907 procinetus
1019 2821 1190 2888 indomitos
1214 2823 1323 2886 vincat
1346 2823 1378 2886 in
1402 2822 1536 2907 proeliis
1560 2830 1593 2885 et
1616 2828 1694 2906 agat
1717 2820 1863 2891 consilio,

128 2954 153 2992 rs
206 2945 248 2988 nc
279 2923 454 2988 dimicandi
487 2944 588 2988 causa
617 2924 806 3008 contingat?
852 2923 1012 2989 Rutilium
1045 2935 1078 2990 et
1100 2925 1257 2990 Manlium
1291 2926 1495 3012 conperimus
1525 2924 1754 3011 gladiatorium
1784 2921 1916 2987 con-85
1960 3002 1965 3012 Ι

205 3028 327 3091 flietum
359 3029 572 3112 magistrante
602 3028 731 3113 populis
761 3028 968 3113 providentia
1003 3030 1197 3106 contulisse,
1230 3037 1266 3092 ut
1295 3030 1380 3093 intor
1407 3030 1588 3094 theatrales
1619 3049 1736 3093 caveas
1766 3004 2004 3112 plebsstlil‘ffl'

205 3130 358 3194 diuturna
388 3151 468 3215 paco
497 3151 653 3215 possessa
682 3130 758 3215 quid
788 3132 820 3195 in
848 3132 918 3195 acie
943 3138 1113 3218 gereretur
1136 3137 1338 3216 agnosceret.
1383 3130 1441 3196 sed
1465 3140 1541 3196 tunc
1564 3131 1689 3196 senatis
1713 3131 1863 3195 maulbus

205 3236 329 3298 frustra
354 3234 462 3297 sociae
486 3241 607 3297 mortes
631 3234 866 3318 ingerebantur
888 3235 1046 3320 aspectui.
1092 3255 1269 3319 numquam
1294 3234 1379 3300 bona
1403 3242 1490 3314 sunt,
1521 3256 1604 3321 quac
1628 3256 1647 3298 o
1670 3235 1862 3299 crudelitato

205 3338 341 3401 veniunt
373 3337 538 3399 instituta:
573 3342 608 3400 ut
635 3345 840 3402 armarentur
870 3344 983 3402 contra
1015 3336 1164 3400 inimicos
1192 3338 1309 3415 animi,
1338 3338 1426 3423 prius
1450 3337 1559 3402 videre
1588 3339 1691 3403 exitia
1721 3360 1862 3403 snorum.

130 3468 156 3506 eo
207 3440 333 3504 interea
360 3438 416 3503 illa
444 3440 647 3523 congressio,
675 3439 762 3524 quod
791 3438 904 3504 docuit
927 3440 1050 3517 exitus,
1079 3460 1144 3504 non
1168 3448 1236 3505 tam
1260 3442 1391 3527 peperit
1411 3441 1613 3506 incrementa
1635 3442 1741 3505 robori
1766 3462 1862 3525 quam

207 3544 335 3628 pavori:
359 3543 445 3606 inter
469 3540 629 3606 secundas
653 3564 705 3607 res
729 3542 843 3607 didicit
867 3542 1033 3607 inbellium
1057 3544 1186 3607 animus
1210 3543 1286 3629 quid
1310 3545 1451 3608 timeret.
1497 3543 1570 3608 vide
1594 3541 1916 3608 adinventionumsc

206 3646 415 3711 diversitates
439 3646 537 3730 plcno
567 3646 651 3710 calle
685 3645 857 3711 distantes:
890 3646 954 3710 illis
977 3666 1056 3711 vera
1079 3648 1202 3710 cruoris
1226 3648 1343 3711 offusio
1367 3647 1491 3711 animos
1514 3668 1533 3710 a
1556 3647 1764 3711 dimicatione
1788 3647 1864 3711 sub-

206 3751 319 3830 movit,
357 3750 409 3813 hic
439 3747 701 3813 adulescentium
730 3750 823 3833 vigor
850 3748 891 3812 dc
920 3748 1063 3834 imagine
1091 3750 1250 3815 mentitae
1280 3750 1535 3816 concertationis
1566 3749 1749 3824 incanduit,
1785 3770 1865 3834 quos

207 3874 350 3939 praecox
373 3859 465 3917 actas
488 3857 536 3915 tot
559 3859 681 3916 mortes
704 3851 967 3917 adversariorum
991 3852 1156 3938 repositas
1179 3851 1288 3917 docuit
1304 3853 1426 3918 habere
1443 3861 1522 3937 quot
1538 3853 1674 3939 spicula,
1698 3872 1762 3916 non
1781 3852 1865 3915 inter

132 3984 156 4021 ss.
209 3958 355 4022 exoticos
384 3955 551 4020 discursus
583 3955 710 4021 adsueti
744 3958 938 4022 laretrarum
973 3955 1144 4042 dispendia
1175 3957 1391 4041 neglegenter
1418 3956 1587 4021 effundere
1614 3977 1675 4021 neo
1705 3956 1738 4018 in
1769 3975 1865 4018 auras

208 4061 310 4126 exitia
332 4059 509 4124 manifesta
532 4065 695 4144 torquere,
719 4065 768 4124 tot
792 4060 939 4124 exacturi
962 4060 1098 4127 animas.
1123 4066 1202 4144 quot
1224 4060 1292 4124 tela
1315 4060 1524 4126 vibraverint.

316 4163 392 4228 XX.
425 4163 491 4229 Sed
515 4164 601 4228 inter
622 4163 803 4248 proeliares
819 4163 902 4227 forte
919 4181 1103 4239 successus,
1126 4163 1244 4248 quibus
1261 4184 1373 4226 omncs
1390 4164 1523 4227 instruis
1539 4170 1572 4227 et
1588 4162 1742 4227 concilias
1759 4160 1866 4224 omina
1878 4155 1920 4219 st

117 4299 138 4340 p.
154 4292 192 4331 ste
211 4267 356 4331 secundo
379 4264 540 4346 vincendi,
564 4266 728 4330 civilitatis
752 4264 916 4331 dulcedini
938 4267 983 4330 nil
1008 4275 1180 4332 reservas?
1217 4268 1288 4350 quis
1306 4265 1418 4331 credat
1434 4267 1553 4331 heroas
1570 4274 1643 4330 tuos
1659 4265 1866 4351 peregrinam

209 4390 273 4436 non
296 4391 464 4456 respuere,
488 4369 563 4434 dum
588 4376 663 4433 sunt
686 4370 871 4454 tranquilla,
894 4368 1116 4435 formidinem!
1155 4390 1230 4433 nam
1253 4368 1412 4434 indomita
1434 4369 1520 4433 inter
1542 4370 1631 4434 acics
1657 4366 1787 4454 ingonia
1812 4368 1867 4431 lex

314 4631 326 4681 l
353 4631 440 4682 limine
458 4627 541 4692 ΜΗ,
566 4631 662 4681 lumino
680 4631 755 4681 ceteri
884 4628 902 4680 2
924 4629 1085 4698 amplieasB
1179 4631 1270 4697 pacuvio
1291 4630 1367 4681 deum
1390 4633 1452 4696 perf.
1466 4630 1499 4691 B,
1522 4632 1594 4696 penis
1618 4631 1650 4681 dc
1673 4630 1771 4695 imperf.
1793 4628 1869 4678 ceteri

209 4717 226 4767 3
243 4734 305 4785 ages
318 4716 343 4767 B
439 4714 456 4765 4
475 4716 580 4768 ascribis
598 4715 622 4763 t’
716 4714 733 4765 5
752 4717 854 4767 maioris
867 4715 893 4765 Β
954 4717 1030 4767 diuus
1043 4715 1069 4765 Β
1129 4725 1250 4767 uocarent
1262 4715 1287 4765 Β
1293 4714 1302 4750 ¹
1400 4714 1527 4768 liccllata
1542 4715 1566 4764 V
1661 4713 1676 4765 'l
1695 4733 1746 4765 nou
1765 4710 1867 4777 babere]

209 4802 243 4855 nd
259 4805 322 4854 bare
338 4802 382 4853 Vr.
497 4799 588 4866 81100]
607 4800 680 4853 neB
758 4803 868 4867 riquirat
880 4800 905 4851 B
1021 4799 1053 4852 10
1071 4800 1198 4852 uellimB
1276 4802 1420 4859 inormitate
1433 4801 1458 4852 Β
1580 4801 1609 4853 11
1630 4801 1777 4852 discendere
1793 4798 1869 4849 [31⁷1.

210 4891 339 4941 habitatus
351 4888 376 4939 Β
472 4886 505 4938 13
523 4888 685 4938 discribersm
698 4886 721 4937 Β
727 4886 772 4938 VJ,
833 4887 935 4938 coderet
948 4884 1017 4952 r2p,
1034 4888 1140 4939 medere
1153 4886 1187 4948 Β,
1205 4888 1295 4938 cedere
1307 4897 1350 4939 cet.
1414 4889 1513 4939 mortali
1526 4887 1551 4938 Β
1557 4887 1603 4937 VJ.
1699 4884 1732 4937 18
1749 4893 1835 4936 narret
1844 4884 1869 4934 Β

212 4974 244 5026 19
261 4975 488 5042 inplenctationem
501 4972 527 5023 B
646 4970 679 5023 21
698 4975 834 5025 ammentis
846 4973 932 5037 BVL,
948 4974 1056 5024 amentis
1072 4974 1119 5023 rel.
1202 4975 1346 5026 cotidianas
1364 4974 1387 5024 V
1503 4972 1538 5024 22
1555 4975 1658 5041 longina
1672 4972 1704 5035 Β,
1726 4990 1773 5023 om.
1792 4960 1868 5022 oetcr'i

209 5064 357 5131 diriguntur
364 5079 385 5127 p
511 5057 546 5110 33
564 5076 625 5111 uero
638 5059 716 5111 Sim.
838 5057 872 5110 34
891 5059 1031 5110 indomitus
1044 5058 1068 5107 Β
1188 5056 1223 5109 25
1240 5061 1354 5127 contigat
1366 5058 1391 5109 B
1476 5060 1602 5111 Rutilium
1614 5060 1637 5121 b,
1660 5059 1768 5109 rutilum
1781 5056 1806 5106 Β
1815 5056 1867 5118 VL,

210 5150 326 5201 rutilium
352 5147 411 5201 TV:
440 5148 474 5209 cf.
494 5144 635 5196 Mommsen
658 5144 778 5197 Zoitseltr.
801 5147 821 5205 s.
846 5144 1018 5211 Itcclttopcsclr.
1039 5143 1067 5192 Χ
1082 5149 1117 5195 47
1136 5153 1159 5195 st
1180 5144 1307 5197 Brt'chctsr
1331 5146 1399 5195 illus.
1423 5145 1505 5196 Ilben.
1529 5144 1689 5194 ,t'Xer
1711 5142 1797 5208 (1883)
1822 5146 1870 5193 tm

210 5235 244 5286 ‘tlt
262 5234 413 5287 contulisset
425 5232 450 5283 B
549 5231 682 5283 theatralis
694 5231 720 5281 B
856 5228 890 5282 27
907 5232 1035 5298 gerirstnr
1053 5229 1077 5280 Β
1213 5228 1248 5282 28
1266 5232 1353 5282 mortis
1369 5229 1559 5282 anrslt's'
1655 5231 1833 5295 iugeribuutur
1845 5226 1870 5278 B

210 5320 246 5372 30
263 5322 349 5372 rubori
362 5319 388 5370 B
497 5316 530 5369 31
548 5318 644 5369 didicat
656 5316 681 5367 Β
792 5316 827 5368 32
844 5318 1001 5370 duantum
1012 5315 1039 5366 B
1108 5318 1210 5368 animus
1222 5316 1248 5366 Β
1354 5314 1390 5368 33
1407 5317 1606 5368 aduliscentium
1619 5314 1644 5363 Β
1749 5310 1782 5363 34
1801 5312 1870 5379 quod

211 5409 308 5476 spionia
320 5407 345 5457 Β
408 5407 474 5457 inter
492 5406 607 5457 exoticos
620 5404 720 5469 scripsi,
736 5405 893 5457 tarsxoticns
906 5403 931 5454 B
938 5403 983 5454 VI.
989 5403 1043 5461 ΤΒ,
1060 5415 1086 5455 ts
1104 5421 1150 5457 rex
1170 5405 1252 5456 cticus
1270 5402 1327 5463 llll,
1344 5411 1422 5454 terret
1440 5403 1556 5453 exoticus
1568 5402 1591 5463 b,
1608 5417 1653 5467 per
1664 5400 1779 5450 exoticos
1792 5398 1870 5449 Sim.

211 5493 246 5545 35
264 5494 359 5546 adsciti
374 5492 397 5542 Β
483 5492 660 5559 pharetrsrum
678 5489 701 5539 V
821 5488 856 5542 33
873 5488 946 5557 quot]
967 5491 1035 5556 quod
1050 5490 1077 5541 Β
1203 5486 1236 5540 37
1256 5490 1367 5539 instruas
1379 5487 1405 5537 Β
1526 5485 1560 5535 38
1577 5486 1668 5536 heroas
1686 5492 1744 5535 tuos
1757 5484 1781 5545 b,
1797 5498 1872 5535 eruas

212 5588 273 5630 tirus
290 5580 387 5632 eodbes
456 5578 612 5648 perigriumr
624 5575 650 5626 B
755 5575 790 5629 39
807 5584 869 5629 sunt
882 5576 916 5640 Β,
932 5577 986 5629 sint
1002 5577 1079 5629 ceteri
