4500 6232
810 297 875 353 xus
894 297 1017 367 (seur.
1037 300 1060 364 1,
1079 300 1132 368 14),
1150 299 1200 354 xx
1219 299 1342 369 (erran.
1362 300 1386 365 r,
1406 299 1458 369 ro).

950 591 1042 659 XIX
1064 591 1175 679 (errsr.
1203 598 1229 675 l,
1256 594 1320 680 14).

902 788 1091 862 FAVSTO
1119 788 1370 863 ENNODIVS.

409 931 553 1028 Nollem
579 961 684 1027 fatcor
714 983 877 1028 morarum
908 985 1025 1029 causas
1056 965 1198 1050 aperire,
1230 986 1271 1028 ne
1303 965 1429 1028 animus
1456 985 1549 1030 meus
1577 984 1652 1028 scra
1679 964 1713 1028 iu
1743 985 1857 1050 paoem
1887 966 1990 1029 euml

306 1067 429 1131 laetitia
452 1066 605 1132 reduetus
628 1072 754 1131 maesta
778 1067 897 1131 iterum
922 1068 1080 1132 relatione
1104 1068 1254 1133 turbetur
1277 1072 1310 1132 et
1332 1067 1473 1132 habeam
1496 1067 1647 1132 tristitiae
1670 1087 1763 1132 meae
1779 1067 1961 1132 redivivum

307 1170 338 1234 in
361 1172 547 1236 narratione
570 1170 772 1257 principium.
817 1191 924 1256 paene
955 1171 1040 1235 cuim
1069 1171 1132 1236 sibi
1162 1171 1260 1236 debet
1288 1171 1455 1256 angustias
1479 1192 1586 1253 suas,·
1601 1172 1654 1256 qui
1678 1193 1790 1236 earum
1813 1172 1961 1255 relegere

239 1292 252 1328 ³
306 1280 470 1338 transacta
499 1295 564 1338 neu
592 1274 722 1358 refugit.
768 1275 839 1359 quis
862 1274 903 1337 ad
927 1274 1051 1338 calcem
1079 1273 1254 1360 perductas
1278 1275 1463 1338 anxietates
1487 1295 1563 1338 suas
1586 1282 1717 1360 reparet
1741 1275 1961 1361 intempestivi

305 1378 499 1442 necessitate
523 1378 703 1441 sermonis?
749 1376 808 1441 sed
831 1377 1000 1442 vobiscum
1031 1378 1111 1441 mihi
1141 1384 1174 1442 et
1203 1398 1276 1441 eum
1304 1378 1469 1463 proposito
1500 1398 1608 1441 rerum
1638 1377 1719 1442 fides
1748 1385 1814 1458 est,
1844 1374 1993 1462 quibust

305 1480 444 1546 debetur
466 1481 498 1545 iu
522 1480 735 1567 replicatione
759 1500 801 1543 cx
824 1501 1030 1566 quacumque
1054 1501 1154 1544 eausa
1177 1480 1358 1546 sinceritas.
1404 1481 1511 1566 patior
1533 1479 1637 1545 libens
1661 1481 1792 1546 aculeos
1815 1481 1960 1545 revocati

304 1585 472 1664 maeroris,
494 1583 668 1647 dummodo
685 1583 814 1648 veritati
837 1584 882 1647 nil
905 1589 1029 1669 percat,
1054 1590 1086 1646 et
1107 1604 1149 1648 nc
1173 1604 1233 1668 per
1254 1583 1368 1646 vitium
1392 1590 1526 1649 tenerae
1549 1583 1669 1648 mentis
1691 1584 1845 1669 pagiuam
1868 1584 1959 1649 falsi-

306 1694 373 1753 tate
389 1687 612 1767 dehonestem,
634 1694 749 1774 sponte
764 1687 835 1752 foro
851 1686 938 1772 quod
954 1687 1070 1753 refero.
1107 1688 1212 1751 saneti
1228 1688 1374 1774 episcopi
1396 1688 1497 1774 patris
1520 1688 1623 1751 vestri
1644 1708 1747 1775 prope
1770 1688 1804 1752 in
1827 1684 1992 1753 dubium3

306 1793 393 1856 salus
415 1792 555 1857 deducta
577 1814 630 1858 me
654 1792 771 1873 tenuit,
795 1792 826 1855 in
851 1792 942 1854 cuius
966 1790 1170 1875 aegritudine
1194 1792 1342 1876 quamvis
1359 1797 1475 1855 cuneta
1490 1791 1712 1855 inlacrimaret
1735 1793 1883 1872 ecelesia,
1908 1814 1959 1858 me

305 1903 414 1960 tamen
449 1897 600 1983 specialis
633 1916 762 1959 maeror
794 1893 936 1974 adflixit,
972 1894 1025 1979 qui
1056 1895 1126 1958 eius
1162 1894 1266 1959 debeo
1300 1895 1372 1980 plus
1412 1895 1522 1958 amori.
1575 1893 1642 1958 ridi
1673 1915 1789 1979 pacem
1820 1895 1960 1960 civitatis

304 2006 465 2085 urguente
489 1999 650 2064 discordia
672 1998 760 2062 urbis
783 2005 912 2062 nostrae
936 1998 1048 2063 limina
1070 1998 1356 2063 transcendentem
1380 2001 1413 2062 et
1443 1995 1484 2060 ab
1516 1997 1617 2061 oeulis
1646 1999 1763 2062 nostris
1791 1999 1883 2085 quasi
1910 1998 1960 2062 in·

305 2110 431 2168 eertum
454 2102 585 2188 aliquod
603 2109 660 2167 aut
676 2123 796 2187 vagum
820 2123 940 2165 numen
964 2103 1122 2188 elapsam.
1160 2101 1216 2167 sed
1239 2100 1378 2165 sufficiat
1401 2100 1548 2165 tristibus
1571 2101 1683 2166 stricta
1705 2103 1857 2168 narratio.
1893 2097 1990 2167 iamt

306 2205 348 2270 ad
371 2205 489 2270 bonam
506 2205 721 2271 valitudinem
744 2207 847 2269 saneti
870 2206 973 2292 patris
995 2205 1083 2269 salus
1107 2205 1251 2292 optanda
1274 2211 1308 2270 et
1330 2203 1496 2290 diligende
1518 2205 1667 2292 respirat.
1705 2226 1781 2269 nam
1796 2205 1851 2270 ubi
1866 2226 1958 2270 meus

239 2351 246 2364 ·
305 2330 379 2374 mea
406 2310 448 2374 ad
478 2311 653 2375 stationem
683 2309 793 2391 rediit,
825 2310 934 2374 statim
963 2309 1050 2373 iussa
1077 2310 1233 2395 respexit.
1278 2329 1397 2394 pueros
1424 2307 1601 2388 destinari,
1633 2309 1687 2394 qui
1717 2308 1806 2373 fideli
1838 2330 1890 2374 me
1919 2309 1960 2375 de

304 2415 520 2500 prosperitate
551 2415 700 2480 culminis
730 2415 829 2480 vestri
857 2414 910 2479 rel
945 2415 1044 2478 totius
1078 2421 1210 2479 sanetae
1242 2412 1357 2477 domus
1384 2411 1545 2477 relatione
1575 2411 1785 2498 perdoceant.
1832 2412 1960 2498 pendeo

304 2539 414 2582 rursus
431 2525 465 2583 et
481 2519 565 2584 inter·
580 2540 672 2606 spem
689 2526 723 2585 et
739 2525 862 2584 metum
878 2516 978 2581 dubia
994 2518 1220 2582 aestimatione
1244 2516 1430 2601 distringor,
1455 2516 1505 2579 eui
1528 2536 1665 2581 neeesse
1689 2524 1739 2581 est
1761 2516 1802 2581 de
1826 2516 1961 2582 alterius

304 2623 448 2707 parentis
478 2644 550 2688 esse
577 2624 796 2710 prosperitate
825 2622 1009 2686 sollicitum.
1056 2620 1127 2706 quis
1157 2619 1198 2684 ad
1227 2640 1319 2683 curas
1350 2641 1442 2684 meas
1473 2639 1509 2682 se
1540 2619 1707 2705 porrigat?
1751 2620 1823 2704 quis
1851 2616 1992 2684 aestus5

304 2725 517 2812 aequiperare
532 2727 642 2792 valeat
656 2727 714 2790 tali
731 2725 892 2790 divisione
915 2725 1083 2790 distracti?
1120 2723 1176 2788 sed
1200 2725 1282 2789 hace
1306 2723 1347 2787 ad
1371 2723 1468 2787 deum
1490 2722 1606 2787 iustius
1628 2729 1846 2810 reportantur,
1870 2727 1960 2790 euius

224 2872 236 2886 .
303 2827 497 2894 elementiae
529 2836 581 2895 est
610 2837 687 2895 vota
718 2830 849 2893 vincere
883 2828 1123 2916 supplicantum
1152 2832 1185 2892 et
1212 2827 1443 2892 fluctuantibus
1478 2834 1607 2913 portum
1636 2847 1752 2913 parare
1782 2826 1960 2893 desideriis.

301 2931 430 2996 interim
461 2932 502 2996 ad
532 2955 627 2997 usum
660 2938 806 2998 revertor
837 2931 1065 3017 querellarum.
1116 2931 1254 3017 paginas
1282 2936 1408 2995 vestras
1439 2930 1513 2995 ilico
1545 2950 1597 2994 mc
1627 2951 1767 3016 suggero
1805 2932 1960 3018 subsequi

302 3034 455 3099 debuisse
478 3041 512 3102 et
535 3035 575 3100 ad
600 3037 755 3100 solacium
778 3056 887 3101 meum
910 3035 962 3100 rel
985 3041 1121 3122 propter
1144 3040 1309 3100 recentem
1333 3034 1524 3120 petitionem
1555 3034 1675 3121 scripta
1702 3037 1886 3122 prorogari,
1919 3058 1960 3101 ne

301 3138 334 3201 in
363 3139 497 3226 ancipiti
523 3139 564 3205 do
594 3139 795 3226 profectione
825 3146 936 3203 vestra
967 3140 1095 3203 animus
1124 3158 1215 3202 meus
1243 3137 1456 3225 pependisset
1485 3137 1608 3202 auditu.
1661 3138 1718 3203 scd
1746 3139 1831 3204 hanc
1861 3130 1991 3205 credo6

303 3242 432 3328 eulpam
456 3244 637 3329 scriptionis
661 3241 826 3307 emendari
849 3262 948 3329 posse
970 3242 1164 3327 frequentia.
1209 3246 1357 3327 superest
1380 3248 1415 3305 ut
1439 3241 1591 3306 divinitas
1613 3242 1739 3307 avobis
1763 3263 1803 3307 ea
1825 3243 1960 3308 indicari

303 3345 402 3410 faciat
434 3368 520 3433 quae
548 3347 639 3411 iurat
666 3347 808 3432 agnosci.
858 3344 988 3409 domino
1019 3346 1080 3420 mi,
1116 3346 1253 3410 effusam
1284 3346 1423 3411 salutem
1452 3346 1656 3412 reverentiae
1688 3354 1817 3413 vestrae
1849 3348 1960 3412 diecns

303 3470 429 3535 precor,
453 3457 489 3514 ut
513 3471 597 3537 quae
620 3449 773 3517 mandavi
796 3449 1003 3536 suggerenda
1026 3448 1247 3535 adipiscantur
1270 3449 1433 3514 effectum.

955 3757 1025 3824 XX
1048 3759 1158 3845 (curas.
1186 3764 1212 3841 l,
1239 3759 1303 3844 15).

869 3956 897 4028 F
899 3954 1115 4030 LORIANO
1142 3953 1392 4029 ENNODIVS.

415 4102 515 4196 Idem
545 4137 594 4196 est
623 4133 795 4196 terminum
819 4132 850 4194 in
881 4130 1072 4216 adrogantia
1100 4151 1164 4194 non
1193 4136 1305 4194 tencre
1334 4128 1420 4215 qued
1447 4130 1479 4193 in
1510 4129 1692 4194 humilitate
1720 4129 1987 4194 transcenderet

304 4235 468 4322 supercilii
491 4236 627 4301 affectus
657 4241 707 4301 cst
736 4236 822 4299 iusto
851 4235 990 4321 amplius
1021 4255 1094 4299 csse
1125 4234 1323 4309 subiectum
1352 4234 1513 4299 familiare
1542 4239 1592 4298 est
1618 4235 1763 4318 graviter
1792 4234 1958 4300 hiantibus

304 4359 406 4402 novas
428 4339 574 4403 iuvenire
600 4339 792 4420 blanditias,
823 4344 856 4403 ct
878 4338 1009 4424 grandis
1032 4344 1204 4418 coturnus,
1235 4339 1268 4401 in
1292 4338 1480 4423 eloquentia
1501 4338 1655 4401 simulare
1678 4336 1883 4403 formidinem
1907 4339 1958 4403 rel

304 4463 443 4506 examen
472 4447 618 4507 metuere
654 4441 693 4506 de
721 4441 818 4507 laude
850 4463 1010 4506 securum.
1062 4462 1123 4526 ego
1154 4442 1222 4506 veri
1252 4440 1452 4525 diligentiam
1479 4442 1644 4527 proposito
1674 4441 1901 4528 inpenderem,
1932 4445 1958 4507 si

304 4546 452 4631 sanguini
479 4566 545 4610 non
575 4544 739 4611 deberem.
788 4545 918 4631 suscepi
946 4545 1121 4630 epistulam
1148 4550 1238 4607 tuam
1267 4542 1417 4607 Romana
1451 4543 1527 4609 dote
1559 4545 1755 4632 locupletem
1785 4552 1819 4610 et
1847 4543 1990 4612 stilum2

303 4648 468 4714 Latiarem
491 4649 523 4712 in
547 4649 618 4735 ipsa
640 4648 870 4736 principiorum
893 4648 966 4712 lucc
989 4652 1236 4729 monstrantem,
1260 4648 1312 4710 eui
1336 4668 1388 4711 me
1411 4649 1611 4735 respondere
1634 4650 1821 4736 obponente
1844 4673 1959 4715 manus

303 4752 432 4816 inscitie
461 4753 569 4838 coegit
598 4753 743 4832 affectio,
774 4774 847 4817 eum
875 4751 932 4817 diu
962 4759 1050 4817 esset
1075 4750 1163 4837 quod
1192 4752 1418 4835 antiquaverat
1447 4752 1534 4839 apud
1556 4774 1609 4817 me
1633 4752 1794 4818 scribendi
1817 4753 1958 4818 studium

304 4876 379 4941 spes
401 4854 532 4921 tacendi
555 4863 588 4920 et
611 4856 644 4920 in
667 4856 773 4920 locum
796 4855 921 4942 gloriae
944 4855 1107 4920 silentium
1130 4854 1340 4940 conputabat.
1378 4854 1436 4920 sed
1459 4856 1522 4921 nisi
1544 4855 1793 4943 respondissem,
1816 4857 1958 4922 nescires

408 5164 489 5233 [XIX]
532 5165 546 5217 1
564 5169 698 5219 Ennodius
715 5168 838 5218 rancor
960 5161 978 5214 4
995 5165 1045 5215 sibi
1062 5161 1149 5230 debet]
1167 5165 1242 5217 debet
1259 5165 1308 5215 sibi
1325 5163 1468 5215 V1L¹T1
1585 5165 1603 5218 b
1620 5169 1715 5234 refugit
1733 5165 1772 5232 (re
1789 5183 1845 5232 sup.
1864 5164 1921 5231 lin.)
1938 5165 1962 5215 V

305 5250 322 5303 6
336 5253 393 5303 fidis
402 5252 428 5302 B
525 5252 557 5304 12
575 5255 698 5306 discordie
715 5252 756 5301 Va
852 5249 884 5305 l‘l
903 5253 1063 5304 estimatione
1076 5250 1104 5315 V,
1120 5252 1270 5303 clamatione
1279 5250 1305 5301 Β
1400 5250 1433 5302 18
1444 5262 1516 5304 aestu
1532 5252 1536 5317 Ι
1552 5255 1729 5321 sesquiperare
1741 5253 1783 5305 131
1879 5250 1911 5301 ‘ll
1925 5253 1958 5302 ad

302 5336 390 5405 usum]
408 5339 498 5390 adsum
517 5336 546 5404 (u
565 5348 593 5389 ut
614 5340 715 5405 εωρίιιε
736 5356 793 5405 sup.
811 5337 906 5404 field}
977 5339 1159 5405 quaerillarum
1176 5338 1215 5405 B,
1236 5339 1398 5405 querelarum
1413 5338 1438 5388 V
1541 5338 1576 5391 ‘22
1593 5340 1687 5392 scribta
1698 5340 1724 5390 B
1827 5337 1862 5390 ‘24
1879 5339 1957 5390 aerib-

300 5425 377 5488 fiouis
388 5424 414 5476 B
517 5423 552 5476 25
570 5426 605 5476 mi
622 5422 701 5490 wP,
720 5427 782 5476 milri
794 5425 820 5476 B
828 5425 871 5476 VL

407 5525 474 5594 [XX]
509 5525 543 5579 27
556 5529 689 5580 Ennodius
701 5529 847 5581 floriauob
942 5528 977 5580 ‘28
994 5529 1139 5595 arrogantia
1154 5527 1180 5576 V
1270 5524 1713 5580 30tiasunuurer0rtnuara13
1808 5526 1841 5581 31
1861 5531 1915 5585 ucri
1924 5530 1958 5598 B,

301 5630 365 5682 paro
383 5615 457 5680 ested
562 5611 597 5667 32
614 5615 734 5692 suscepi·
752 5612 778 5681 (o
794 5631 827 5679 ec
843 5616 852 5679 i
870 5614 949 5681 corr.)
960 5615 986 5665 B
1089 5611 1124 5665 33
1141 5624 1285 5694 opponente
1304 5614 1329 5665 V
1427 5612 1462 5677 35
1478 5615 1668 5693 conpotabotB
