4500 6232
832 292 866 345 m
885 291 1008 360 (aaran
1026 293 1051 351 a,
1070 292 1123 359 14),
1144 290 1192 344 ιιι
1211 290 1334 357 (aaran.
1352 293 1378 362 a,
1397 294 1450 362 rs).

986 583 1034 649 nl
1058 584 1168 671 (serso.
1185 589 1214 663 2,
1235 583 1298 669 14).

1014 781 1277 881 Arare.-

287 944 300 1003 ¹
429 933 581 1048 Lucrum
610 960 746 1024 forsitan
776 964 906 1044 putaret
935 959 1101 1039 inimicus,
1134 959 1161 1022 si
1190 959 1275 1023 inter
1307 956 1467 1043 pericula,
1501 955 1812 1042 quaessbristionis
1841 960 1971 1037 indixit,

315 1065 519 1131 credentium
548 1064 674 1128 animos
707 1062 895 1148 subegisset
920 1069 956 1126 et
983 1083 1042 1148 per
1072 1061 1203 1128 diversa
1233 1061 1484 1146 dominigrege
1514 1059 1664 1149 disperso
1692 1082 1757 1127 non
1780 1073 1972 1150 superesset

315 1170 368 1235 vel
387 1171 484 1235 ¹inter
513 1188 653 1253 paucos,
688 1188 708 1231 a
736 1167 852 1252 quibus
881 1167 985 1252 possit
1014 1164 1079 1230 fide
1111 1171 1346 1250 perseverante
1377 1164 1510 1228 calcari.
1561 1171 1678 1250 regnet
1709 1165 1817 1232 adbuc
1848 1169 1906 1235 ille
1938 1170 1972 1234 in

315 1253 453 1340 numero
467 1279 586 1349 vestro,
610 1271 665 1356 qui
682 1270 744 1335 sibi
761 1291 826 1334 non
842 1276 910 1333 tam
927 1271 960 1333 in
976 1268 1183 1334 multitudine
1204 1290 1302 1354 quom
1326 1268 1358 1332 in
1382 1268 1557 1333 devotione
1581 1269 1775 1354 conplacuit.
1813 1275 1971 1360 seriptum

161 1353 405 1484 ¹⁸³g³g2¹²p⁰leuim
429 1387 477 1442 est
506 1375 615 1439 datam
642 1383 775 1439 satanae
806 1379 1020 1460 potestatem,
1050 1379 1089 1437 ut
1117 1393 1229 1437 servos
1253 1370 1374 1436 Christi
1403 1372 1577 1452 cribraret,
1608 1379 1645 1437 ut
1675 1374 1762 1459 qued
1791 1376 1833 1442 de
1862 1378 1971 1444 tritico

216 1463 220 1471 ¹
274 1457 304 1546 '2
317 1480 457 1564 inveniri
474 1486 596 1565 posset,
620 1478 747 1543 horreis
764 1479 966 1562 iungeretur,
990 1477 1076 1561 quod
1092 1477 1132 1541 de
1149 1477 1264 1564 paleis,
1286 1476 1328 1540 ad
1343 1476 1466 1561 ignium
1483 1476 1638 1542 alimenta
1653 1480 1820 1546 transiret.
1855 1482 1972 1549 advos

161 1602 302 1661 nuaram,
318 1584 505 1670 specialiter
528 1581 649 1646 dictum
674 1589 738 1646 cst:
772 1581 884 1646 ‘nolite
908 1582 1035 1658 timere,
1059 1581 1199 1667 pusillus
1222 1602 1318 1665 grex:
1342 1580 1527 1665 conplacuit
1549 1582 1633 1666 patri
1650 1589 1759 1649 vestro
1782 1583 1862 1651 dare
1878 1588 1972 1653 vobis

281 1678 284 1685 ’
316 1684 473 1772 regnum’.
519 1685 609 1749 venit
632 1684 797 1749 intervos
821 1683 950 1769 gladius
973 1683 1181 1769 perfidorum,
1206 1685 1260 1769 qui
1283 1683 1426 1749 marcida
1449 1685 1612 1751 eeclesiae
1634 1687 1783 1752 membra
1803 1698 1974 1759 resecaret

292 1799 350 1868 ‚et
377 1791 419 1855 ad
449 1790 626 1855 coelestem
657 1788 793 1874 gloriam
823 1809 903 1852 sana
938 1787 1145 1874 perduceret.
1196 1808 1277 1872 quos
1307 1787 1428 1853 babeat
1451 1785 1601 1852 Christus
1631 1790 1768 1870 milites,
1804 1800 1973 1860 certamen

284 1892 474 1967 3ostendit;
514 1893 568 1980 qui
598 1891 797 1976 triumphum
829 1896 1026 1970 mereantur,
1060 1911 1118 1977 per
1153 1891 1241 1954 bolla
1274 1892 1492 1976 cognoseihrr.
1547 1893 1649 1958 nolite
1683 1901 1845 1977 metuere,
1885 1898 1973 1984 qued

315 1998 512 2085 pontificalis
540 2019 560 2060 a
583 1995 677 2060 vobis
706 1996 808 2080 apicis
838 1995 957 2059 infulas
987 1994 1204 2058 abstulerunt.
1251 1994 1417 2058 vobiscum
1446 2002 1497 2059 est
1525 1996 1676 2062 sacerdos
1699 1997 1755 2063 ille
1777 2000 1831 2065 vel
1854 2000 1974 2082 hostis,

315 2103 370 2188 qui
398 2123 464 2165 non
494 2107 561 2164 tam
591 2098 771 2163 honoribus
800 2097 971 2162 consuevit
998 2097 1143 2182 gaudere
1168 2117 1264 2182 quam
1287 2097 1463 2162 mentibus.
1509 2099 1633 2165 maiora
1655 2110 1732 2165 suut
1754 2102 1974 2171 confessionis

316 2204 462 2291 praemia
485 2225 580 2289 quarn
605 2203 793 2267 nominatae
818 2223 954 2266 munera
977 2201 1156 2285 dignitatis.
1202 2201 1242 2264 ad
1272 2201 1329 2265 illa
1357 2201 1551 2287 plerumque
1581 2203 1678 2268 etiam
1707 2206 1844 2272 minoris
1866 2209 1975 2274 meriti

316 2329 474 2394 personas
503 2308 595 2371 favor
625 2306 786 2370 humanus
814 2304 964 2384 adducit,
997 2304 1061 2368 ista
1091 2305 1154 2368 nisi
1183 2305 1289 2390 gratia
1313 2327 1455 2391 superna
1478 2327 1541 2371 nou
1565 2307 1687 2375 tribuit.
1731 2309 1804 2395 ipsc
1826 2312 1916 2377 enim
1938 2313 1973 2378 in
2036 2338 2047 2374 r

316 2413 408 2478 vobis
439 2419 472 2476 et
501 2411 658 2497 pugnavit
688 2417 721 2475 et
750 2410 844 2481 vicit,
878 2430 975 2495 quem
1003 2409 1084 2473 fides
1115 2416 1259 2473 meretur
1287 2417 1320 2475 et
1347 2410 1431 2473 inter
1461 2409 1626 2474 bominum
1654 2417 1815 2478 tormenta
1846 2416 1976 2482 sociari.

286 2516 454 2604 tprolixis
478 2536 543 2580 non
565 2521 616 2579 est
633 2535 714 2600 opus
730 2513 891 2579 servorem
910 2513 943 2576 in
959 2513 1054 2576 vobis
1071 2515 1247 2578 caelestem
1265 2514 1410 2578 animare
1428 2513 1618 2600 conloquiis.
1654 2514 1757 2581 babet
1773 2516 1976 2587 incrementa

317 2642 377 2685 suo
392 2619 522 2685 divinae
539 2618 668 2683 virtutis
686 2616 882 2683 incendium.
921 2637 982 2681 nee
999 2638 1081 2702 opus
1098 2624 1149 2681 est
1165 2638 1221 2681 eos
1244 2618 1276 2681 in
1300 2623 1415 2703 tropeo
1437 2617 1503 2681 iam
1525 2618 1651 2704 positos
1674 2618 1789 2685 adtolli
1810 2621 1975 2706 laudibus,

315 2725 370 2810 qui
394 2723 463 2787 sine
480 2721 648 2786 monitore
672 2721 830 2784 vicerunt.
876 2727 992 2805 gravat
1015 2721 1248 2785 conscientiam
1273 2720 1469 2801 Christiani,
1493 2721 1649 2807 quidquid
1671 2722 1823 2790 adierunt
1844 2726 1974 2795 blandi·

315 2833 427 2894 mcnta
443 2826 621 2913 praeconii.
661 2846 714 2889 res
731 2823 863 2909 quidem
879 2824 1009 2888 virtutis
1027 2829 1086 2903 est,
1110 2845 1206 2910 quam
1223 2824 1359 2905 fecistis,
1382 2823 1441 2888 sed
1464 2825 1580 2889 summi
1603 2827 1741 2910 praemii
1764 2829 1974 2898 restitutione

284 2938 303 2997 5
317 2929 512 3016 superanda.
553 2927 641 3014 quod
664 2935 773 2992 tamen
797 2927 929 2991 directis
946 2926 988 2992 ad
1003 2927 1106 2991 lilium
1122 2933 1269 2992 nostrum
1286 2927 1458 2992 diaconum
1473 2927 1592 2993 litteris
1609 2931 1778 3014 sperastis,
1802 2933 1976 3001 beatorum

317 3041 497 3120 martyrum
521 3032 641 3097 Nazari
665 3038 698 3096 et
714 3031 851 3095 Romani
878 3030 1139 3096 benedictionem
1164 3038 1349 3117 poscentes,
1372 3030 1525 3095 fidelibus
1548 3052 1611 3095 non
1627 3053 1796 3119 negamus.¹
1833 3038 1975 3126 accipite

315 3136 504 3202 veneranda
519 3135 701 3221 patrocinia
718 3136 909 3199 invictorum
926 3134 1075 3215 militum,
1100 3135 1175 3218 quia
1193 3141 1225 3199 et
1240 3141 1383 3200 vestram
1400 3136 1464 3199 iam
1480 3134 1576 3199 fidem
1593 3136 1626 3199 in
1642 3138 1774 3222 proeliis
1796 3140 1974 3227 imperator

314 3240 466 3325 agnovit:
500 3239 641 3304 feliciter
672 3238 886 3302 confessionis
914 3258 1050 3302 munera
1078 3245 1313 3303 consummate.
1362 3237 1453 3303 dabit
1481 3238 1578 3318 deus,
1607 3260 1680 3303 eum
1707 3242 1772 3327 ipsi
1800 3245 1973 3330 placuerit,

315 3342 469 3410 reducem
502 3342 651 3407 eeclesiis
680 3341 840 3426 quietem,
872 3347 908 3404 ut
936 3361 1131 3417 maerorem,
1168 3361 1264 3424 quem
1296 3340 1414 3405 indixit
1442 3341 1638 3424 adversitas,
1676 3346 1767 3429 pacis
1797 3346 1973 3414 dulcedine

315 3448 515 3512 consoletur.

974 3681 1045 3748 nn
1068 3664 1223 3769 (cersuit,
1244 3683 1308 3769 15).

871 3833 1140 3952 auruncus
1167 3878 1417 3956 sunonrvs

287 4041 301 4101 ¹
431 4024 608 4121 Caelestis
633 4054 877 4141 dispensatione
900 4055 1049 4140 mysterii
1073 4076 1137 4119 uno
1161 4061 1310 4142 tempore
1335 4056 1412 4120 mibi
1435 4058 1568 4140 sororis,
1590 4060 1751 4147 Lupicino
1775 4061 1905 4128 retusus
1921 4070 1973 4129 est

315 4160 427 4224 matris
450 4161 603 4239 affectus,
635 4167 667 4224 et
690 4160 843 4244 geminae
866 4159 984 4243 copula
1007 4158 1260 4224 necessitudinis
1283 4162 1547 4246 peregrinantem
1576 4166 1724 4251 recipere
1753 4168 1875 4233 meruit
1896 4173 1972 4254 post

314 4264 486 4329 intervalla
518 4265 686 4350 pietatem.
736 4264 884 4327 revixisti
914 4261 1001 4347 apud
1034 4284 1094 4326 nos
1126 4269 1198 4348 pcst
1232 4263 1417 4329 dilectionis
1449 4286 1545 4351 quem
1577 4288 1814 4354 procuraveras
1845 4271 1971 4338 obitum

283 4366 474 4434 2beneficio
488 4369 681 4434 litterarum.
715 4366 855 4431 vidimus
871 4386 1015 4430 amorem
1031 4367 1124 4451 quasi
1139 4364 1181 4431 de
1197 4366 1336 4452 quadam
1352 4371 1520 4454 sepultura
1534 4379 1733 4457 surgentem.
1767 4374 1971 4462 inauspicato

315 4470 411 4535 nobis
433 4472 668 4537 incolumitatis
685 4473 815 4537 vestrae
838 4470 970 4534 nunnus
994 4468 1138 4534 adcessit
1161 4470 1285 4548 auditu,
1309 4493 1405 4557 qnam
1430 4472 1644 4540 credebamus
1667 4497 1727 4561 per
1749 4485 1970 4566 contemptum

314 4576 417 4640 nostri
431 4576 596 4641 viventem
614 4576 711 4641 busta
730 4576 913 4661 conplosae.
950 4572 1112 4638 credimus
1127 4579 1160 4638 te
1177 4573 1258 4639 dura
1279 4595 1479 4662 perpessam,
1504 4577 1563 4642 sed
1586 4579 1779 4645 confitemur
1800 4581 1971 4668 inrogasse

315 4750 560 4759 ——--.-——
565 4752 721 4759 -------

418 4885 470 4952 [nl]
507 4887 520 4937 l
541 4889 681 4939 cohortatio
699 4888 730 4938 ad
749 4888 916 4938 constantiam
936 4887 1156 4938 laracnbetarcn.
1169 4903 1218 4938 rec.
1232 4887 1287 4937 ΒΤ
1376 4888 1394 4940 4
1412 4900 1498 4956 posset
1509 4891 1574 4942 coni.
1587 4889 1683 4942 Hartcl
1776 4889 1972 4946 5scribtumB

313 4970 330 5021 6
347 4974 457 5024 cribaret
473 4972 514 5023 Β1
523 4972 561 5023 Vl
683 4970 698 5022 i
717 4982 802 5040 posset
821 4974 913 5038 Sirm„
937 4976 1016 5042 possit
1034 4974 1132 5025 codices
1253 4971 1269 5022 9
1287 4975 1394 5026 eclesiae
1411 4975 1437 5025 B
1559 4973 1592 5026 10
1613 4973 1688 5043 quos]
1712 4978 1780 5043 quod
1800 4978 1852 5043 ΟΡ,
1876 4979 1971 5046 quotb

313 5056 347 5110 12
364 5060 560 5125 pontificalesB
622 5060 706 5126 apices
719 5059 744 5109 Β
810 5060 936 5111 iutblasB
1044 5057 1077 5109 16
1095 5059 1187 5110 sociari
1199 5077 1246 5110 car.
1259 5059 1294 5110 Cb
1400 5059 1432 5112 18
1450 5071 1537 5130 tropeo
1549 5060 1582 5126 B,
1599 5064 1705 5130 tropheo
1717 5064 1793 5116 ceteri
1852 5060 1935 5118 attolli
1951 5064 1973 5115 V

313 5144 346 5197 19
359 5147 481 5212 quioquid
496 5146 519 5194 V
602 5145 633 5196 ‘21
648 5145 706 5198 dinis
716 5145 792 5196 BI'L
807 5146 876 5210 (ante
888 5155 979 5211 etpost
990 5145 1143 5211 ‹lidcspca'o
1155 5148 1242 5197 relicto
1259 5146 1300 5210 l'),
1318 5157 1440 5199 uestrum.
1455 5150 1479 5199 b.
1492 5150 1554 5200 disc.
1568 5148 1635 5212 OPc,
1652 5158 1768 5201 nostrum
1779 5152 1810 5202 N.
1824 5152 1971 5204 Ennodinm

312 5232 375 5283 diae.
389 5233 523 5283 Barcinus
627 5231 661 5283 23
679 5243 705 5284 et
722 5234 782 5299 ‹lrrin
796 5232 873 5284 Sir-ur.
945 5234 1005 5298 quia
1023 5242 1049 5284 ct
1062 5234 1111 5283 iam
1130 5241 1240 5284 rrestrunr
1254 5235 1321 5299 piam
1333 5235 1409 5286 tidem
1422 5235 1521 5286 Boron.
1627 5233 1661 5287 24
1678 5253 1857 5289 consummem
1869 5238 1969 5290 Boron

312 5315 347 5368 ab
369 5318 498 5385 reducem]
523 5321 644 5372 reducere
663 5320 762 5371 Barca.
851 5319 951 5369 eclesiis
966 5318 991 5368 Β
1079 5327 1106 5370 ut
1124 5327 1151 5369 et
1168 5337 1200 5369 m.
1218 5319 1318 5371 Bareas
1405 5322 1497 5372 indixit
1510 5320 1608 5384 Bora,
1635 5323 1736 5373 induxit
1755 5321 1838 5383 VIAE·
1865 5326 1900 5391 cs.
1916 5327 1973 5375 ru?

311 5401 346 5453 26
364 5406 550 5458 consuleturlt

417 5506 487 5574 [blll
522 5507 555 5562 27
576 5512 707 5562 Eunodius
726 5511 868 5576 Euprcpioe
881 5508 960 5559 Sirra.
1071 5506 1106 5558 30
1123 5510 1187 5560 inter
1206 5510 1272 5560 rmlla
1292 5510 1316 5565 ir
1334 5511 1359 5560 iu
1379 5510 1427 5563 liti
1445 5512 1470 5562 Β
1539 5522 1720 5579 preenrsuerat
1733 5512 1775 5562 Βῢ1
1881 5511 1913 5565 31
1932 5515 1970 5566 iu·

312 5604 450 5660 uuspccuto
463 5595 487 5643 Β
590 5597 624 5648 32
642 5598 750 5649 recussit
768 5595 790 5645 Γ
890 5596 925 5647 33
943 5593 1031 5659 nestri]
1050 5603 1165 5646 rrostrum
1179 5596 1257 5647 Sirra.
