4500 6232
882 266 1055 320 lrlBEberS
1076 268 1146 321 PllO
1166 267 1321 321 sYn'ono.
1889 273 1929 332 57

274 439 422 504 collectio
446 439 633 525 synodalis?
673 446 729 502 aut
751 461 852 525 parva
876 446 978 518 erant,
1002 460 1086 524 quae
1110 440 1150 505 de
1175 443 1292 505 vestris
1316 464 1388 505 curn
1414 442 1473 504 hae
1499 440 1705 505 multitudine
1730 442 1930 505 facinoribus

273 542 528 608 damnarentur?
573 563 681 606 nonno
704 542 829 608 directa
852 542 953 607 verba
976 549 1051 606 sunt
1075 565 1244 626 canonum,
1269 545 1463 629 quicumque
1489 544 1679 608 clericorum
1703 544 1744 608 ab
1769 545 1923 631 episcopo
1944 553 2030 647 ,ἓξὲξ
2045 547 2065 636 2

275 666 333 710 suo
357 651 434 710 aute
458 646 640 711 sententiae
664 653 794 731 tempus
819 667 876 733 pro
899 645 1000 709 dubia
1023 648 1208 731 suspicione
1232 646 1434 725 discesserit,
1464 646 1672 711 manifestam
1697 669 1770 712 eum
1796 668 1928 713 manere

275 754 467 815 censuram?
507 748 549 813 ad
564 748 661 812 buius
678 749 724 813 rei
741 750 954 813 ministerimn
977 749 1132 813 devotum
1156 750 1216 814 deo
1240 751 1383 836 oportuit
1406 772 1524 834 agmen
1548 771 1729 829 occurrere,
1752 758 1789 814 ut
1812 750 1929 836 perditi
1941 754 1982 815 57

208 902 213 913 .
275 859 308 918 st
329 852 491 940 profligati
515 852 625 937 gregis
649 852 812 916 ulceribus
834 850 1032 916 medicorum
1056 854 1223 917 exercitus
1248 854 1445 932 subveniret,
1470 853 1546 936 quia
1569 853 1720 937 quotiens
1743 855 1929 919 morborum

272 955 428 1020 violentia
451 956 551 1020 celeri
574 975 691 1040 gressu
715 955 756 1019 ad
780 956 908 1019 animae
942 964 1071 1020 secreta
1100 956 1250 1031 festinat,
1284 956 1397 1019 obvias
1428 977 1543 1019 manus
1571 955 1699 1019 adferre
1729 976 1792 1019 non
1823 962 1931 1041 potest

273 1060 417 1123 salutare
450 1059 621 1122 eonsilium
653 1058 712 1121 nisi
744 1080 786 1121 cx
814 1059 987 1124 collatione
1020 1062 1204 1126 multorum.
1251 1081 1324 1123 nam
1348 1066 1381 1122 ct
1406 1060 1465 1122 hoc
1490 1082 1509 1123 a
1532 1081 1610 1143 rege
1641 1067 1752 1123 nostra
1779 1060 1930 1145 poposcit

272 1163 438 1247 allegatio,
462 1170 498 1226 ut
520 1162 658 1226 abscisis
683 1162 874 1226 clericorum
891 1162 1100 1246 praeiudiciis
1120 1163 1160 1227 dc
1178 1170 1405 1226 accusatorum
1422 1184 1528 1248 papae
1544 1164 1661 1228 meritc
1678 1163 1930 1248 perhumanum

274 1288 310 1329 oa
333 1274 510 1350 supernum
532 1264 694 1329 iudicaret
717 1265 897 1350 imperium.
926 1252 1106 1331 ¹videamus
1123 1273 1243 1333 tamon.
1268 1267 1295 1329 si
1315 1268 1434 1352 placet,
1459 1274 1492 1330 et
1515 1268 1588 1330 illas
1613 1266 1802 1330 didascalici
1827 1267 1930 1330 libelli
1942 1268 1983 1330 58

274 1369 374 1434 vestri
390 1369 575 1454 relegamus
592 1369 751 1454 argutias:
776 1368 974 1434 habentibus
991 1372 1090 1435 etiam
1107 1370 1198 1434 nobis
1215 1377 1290 1433 ante
1308 1370 1420 1434 oculos
1437 1377 1565 1456 patrum
1581 1371 1767 1434 sanctiones
1784 1368 1927 1455 (quibus)

272 1492 469 1538 excessuum
481 1478 664 1536 vestrorum
680 1472 810 1536 sentina
823 1472 1029 1557 ponderetur.
1065 1475 1120 1536 lex
1137 1473 1361 1537 ecclesiastica
1375 1474 1562 1558 pontificem
1576 1474 1617 1537 ab
1635 1474 1709 1538 aliis
1726 1480 1927 1549 accusatum,

271 1576 459 1662 priusquam
483 1574 544 1639 sub
569 1575 641 1639 luce
666 1575 795 1639 obiecta
817 1576 1032 1656 constiterint,
1056 1576 1159 1661 exigit
1181 1597 1245 1640 non
1269 1576 1417 1660 relinqui.
1463 1597 1521 1639 vos
1545 1598 1622 1640 vcro
1647 1575 1758 1643 divini.
1782 1582 1817 1640 ut
1840 1583 1929 1662 puto,

273 1678 352 1743 iuris
376 1698 550 1757 memores,
574 1677 630 1762 qui
653 1679 739 1743 levia
762 1686 871 1743 errata
893 1679 1080 1766 despicitis,
1106 1680 1158 1765 qui
1183 1681 1311 1766 pcccati
1335 1680 1504 1744 nobilitate
1529 1680 1695 1764 gaudetis,
1720 1703 1760 1745 ne
1784 1702 1850 1744 una
1873 1702 1930 1743 vos

181 1810 256 1859 aas
274 1806 317 1848 ex
339 1783 524 1849 desertione
548 1783 729 1847 sacerdotis
752 1784 849 1869 culpa
876 1785 1071 1869 respiceret,
1103 1783 1282 1847 accusastis
1306 1803 1379 1845 curn
1404 1783 1613 1846 incrementis
1636 1782 1841 1848 delictorum.
1887 1781 1982 1846 adea

196 1916 220 1955 a
274 1885 358 1951 hanc
380 1908 437 1951 vos
461 1886 673 1950 valitudinem
696 1886 768 1957 ille,
801 1887 855 1971 qui
878 1895 928 1951 ost
949 1887 1100 1973 praevius
1125 1893 1245 1965 vester,
1277 1885 1429 1966 adduxit,
1457 1892 1494 1949 ut
1522 1893 1596 1972 post
1625 1885 1826 1957 desolatum,
1855 1893 1930 1970 post

273 1990 444 2076 inpolitum
481 1990 665 2077 pontificem
706 1991 775 2054 sine
804 1990 901 2054 ullius
933 1991 1046 2074 vigore
1079 1990 1261 2054 sentcntiae
1294 1991 1392 2053 totius
1427 2012 1511 2075 pene
1542 1989 1658 2054 Italiae
1696 1987 1930 2074 inprobandam

272 2093 453 2159 antistitum
478 2093 655 2159 crederetis
678 2114 752 2158 esse
776 2114 963 2168 censuram;
987 2092 1149 2178 quomodo
1175 2092 1306 2177 quidam
1330 2093 1413 2157 dixit
1436 2094 1476 2158 de
1501 2093 1634 2158 cohorte
1658 2099 1782 2157 vestra:

681 2215 890 2280 festinantem
914 2215 1056 2279 animam
1079 2215 1173 2279 morti
1197 2235 1262 2277 nou
1287 2213 1423 2278 credidit
1447 2216 1514 2278 uni.
1966 2209 2049 2312 iffi*

273 2339 417 2418 potesne,
441 2355 533 2399 mens
556 2335 721 2415 indocilis,
745 2336 916 2399 eriminum
941 2335 1004 2399 iarn
1029 2333 1132 2399 ditata
1155 2334 1373 2413 successibus,
1398 2357 1417 2398 a
1440 2335 1627 2400 detestabili
1650 2335 1818 2421 proposito
1840 2336 1931 2399 velut

273 2435 373 2501 effeta
388 2436 521 2502 feriari?
562 2439 617 2505 ille
635 2460 692 2502 vos
709 2439 759 2504 his
774 2441 955 2526 locupletes
979 2439 1073 2503 malis
1098 2439 1219 2517 effecit,
1244 2439 1294 2502 cui
1318 2437 1497 2502 elationum
1522 2439 1637 2525 copiae
1661 2459 1741 2523 opes
1764 2438 1930 2522 angelieas

274 2540 476 2605 sustulerunt
499 2549 533 2605 ct
555 2542 700 2608 divinum
724 2564 857 2607 censum
881 2542 1018 2608 nocendi
1044 2563 1107 2628 quo
1133 2542 1293 2606 exuberat
1317 2541 1491 2606 thesaurus
1515 2543 1639 2608 invidit.

381 2642 448 2709 Sed
470 2646 621 2730 premissi
644 2667 806 2712 memores
829 2647 993 2718 universa,
1016 2668 1100 2731 quac
1123 2646 1213 2730 operi
1235 2645 1380 2730 ipsorum
1400 2647 1573 2710 recolimus
1589 2647 1722 2726 inserta,
1746 2643 1984 2729 tangamusbd

274 2747 419 2832 arguitur
442 2748 517 2812 stilo
541 2748 804 2835 splendidissimo
828 2770 914 2835 papa
937 2749 1169 2835 Symmachus,
1204 2770 1305 2834 quare
1334 2751 1586 2814 conventionem
1613 2751 1827 2836 praeveniens
1857 2771 1928 2813 eum

273 2851 464 2935 populorum
495 2852 642 2916 coetibus
673 2873 813 2918 examen
845 2854 973 2917 intrarit
996 2860 1029 2918 ct
1055 2859 1170 2938 postea
1199 2852 1336 2919 iudicia.
1370 2874 1443 2916 cum
1474 2861 1629 2918 evocatus
1659 2860 1776 2940 quater
1804 2852 1930 2933 fuisset,
2014 2922 2020 2930 ‚

274 2953 442 3038 spreverit.
480 2955 526 3018 sie
543 2956 669 3020 anobis
685 2957 753 3020 veri
776 2955 928 3021 discessit
951 2957 1092 3026 affectio,
1115 2963 1151 3019 ut
1174 2955 1419 3020 mendaciorum
1443 2957 1572 3022 nebulis
1597 2957 1684 3022 orbis
1708 2957 1930 3022 testimonium

271 3056 395 3142 putetis
417 3058 540 3122 involvi
562 3065 595 3123 et
618 3059 767 3124 fallaciae
791 3060 943 3146 peniculo
973 3060 1102 3145 depicta
1125 3059 1226 3124 verba
1256 3060 1329 3145 plns
1353 3061 1467 3125 virium
1499 3061 1637 3126 credatis
1665 3062 1802 3135 habere,
1833 3082 1929 3148 quam

271 3159 442 3224 veritatem
471 3159 575 3226 Roma
605 3183 702 3248 quarn
734 3164 877 3228 retinet?
922 3185 1045 3249 ergone
1078 3164 1133 3229 ille
1166 3162 1437 3248 disceptationem
1466 3166 1518 3229 vcl
1550 3166 1742 3250 inportunus
1772 3164 1851 3229 adiit
1880 3158 1980 3228 volti

272 3270 464 3349 expectatus
497 3267 643 3352 aufugit?
696 3290 818 3354 ergone
853 3269 943 3333 illam
978 3268 1217 3332 multitudinem
1250 3267 1387 3332 devotae
1422 3268 1484 3332 dco
1520 3268 1626 3354 plebis
1660 3289 1725 3331 non
1760 3289 1818 3352 pro
1853 3266 1929 3331 fidei

272 3365 441 3452 diligentia
457 3367 640 3436 Christiana
663 3373 767 3458 magis
791 3373 977 3458 expectatio
1000 3394 1097 3458 quam
1120 3372 1210 3435 furor
1226 3372 1396 3435 evocavit?
1436 3372 1650 3456 quisquamne
1668 3371 1708 3436 ad
1726 3370 1929 3436 inferendam

194 3495 221 3534 ao
273 3469 462 3536 violentiam
479 3494 612 3539 currens
629 3476 778 3542 lacrimas
796 3476 931 3541 comites
948 3476 1049 3540 habet
1072 3483 1105 3539 ct
1128 3474 1182 3560 qui
1207 3474 1317 3538 studet
1341 3494 1412 3537 csse
1436 3473 1611 3549 formidini,
1635 3475 1759 3538 vultum
1783 3474 1929 3539 timentis

274 3573 437 3638 ostendit?
482 3578 655 3643 multitudo
678 3581 736 3644 illa
759 3581 869 3645 iuncta
893 3580 1072 3647 sacerdotia
1096 3579 1211 3643 officiis
1236 3577 1353 3642 adtulit
1382 3577 1424 3640 ad
1452 3600 1510 3643 nos
1540 3579 1697 3657 lamenta,
1727 3600 1789 3643 nnn
1812 3578 1929 3658 iacula,
1941 3579 1984 3640 62

182 3700 258 3749 aas
274 3696 335 3742 nee
359 3679 449 3743 venit
471 3681 547 3745 telis
570 3683 690 3765 minax,
715 3683 773 3749 aed
796 3685 925 3750 fletibus
948 3685 1156 3761 miserabilis,
1181 3703 1246 3746 una
1270 3688 1395 3745 tantum
1420 3681 1635 3747 intentionem
1652 3692 1794 3746 vestram
1818 3689 1929 3745 osten·

274 3780 398 3847 tatione
421 3791 614 3868 gravatura,
647 3788 723 3873 quia
746 3788 904 3853 uberibus
929 3788 1096 3853 oculorum
1125 3784 1311 3850 fluminibus
1340 3783 1602 3865 demonstrabat,
1636 3805 1732 3870 quam
1761 3789 1850 3849 essct
1873 3805 1932 3870 per

273 3882 484 3950 acerbitatem
514 3893 659 3954 vestram
690 3890 835 3955 condicio
872 3891 1011 3956 dolenda
1044 3889 1183 3976 pulsati,
1218 3895 1251 3952 ct
1281 3887 1314 3951 in
1346 3887 1525 3952 sobrietate
1555 3887 1734 3952 venerandi
1768 3887 1928 3952 examinis

195 4011 221 4050 a
274 3985 461 4054 adflictione
489 3992 619 4079 propria
651 3994 900 4060 commendabat
923 4015 1018 4080 quem
1041 4014 1121 4057 voco
1145 4013 1209 4055 non
1232 3998 1372 4077 poterat.
1419 3990 1476 4055 sed
1501 3990 1629 4055 habetis
1653 3990 1861 4056 manifestum
1887 4012 1928 4054 cx
1940 3993 1982 4055 63

274 4089 335 4155 bac
359 4112 394 4157 re
417 4093 473 4177 qui
496 4094 595 4160 bilem
618 4097 708 4161 furor
730 4098 901 4178 adcendat,
925 4098 1002 4184 quia
1024 4117 1129 4182 paene
1154 4095 1323 4159 absolutus
1347 4094 1388 4158 ad
1412 4092 1532 4158 iudicia
1549 4095 1651 4175 vonit,
1675 4117 1732 4181 pro
1755 4116 1818 4181 quo
1841 4094 1929 4158 orbis

273 4193 467 4262 inlacrimat.
504 4204 538 4263 et
553 4197 629 4263 dum
644 4199 744 4265 rebus
760 4208 952 4268 extraneam
969 4203 1002 4266 in
1017 4198 1221 4287 praedictum
1238 4197 1391 4262 invidiam
1408 4218 1558 4262 sermone
1575 4199 1740 4283 colligitis,
1762 4198 1930 4286 paulisper

280 4354 312 4361 -ο
529 4358 689 4365 *—

377 4454 471 4509 3eu1n
487 4458 546 4522 Ba,
570 4475 649 4511 neum
662 4460 699 4522 B,
724 4476 784 4511 aum
807 4459 846 4525 (in
868 4479 923 4527 sap.
943 4462 987 4512 lin.
1007 4461 1069 4511 add.
1086 4479 1120 4513 aa.
1133 4468 1158 4523 1)
1176 4461 1204 4523 V,
1227 4462 1252 4510 in
1276 4477 1335 4511 eum
1354 4457 1475 4519 LTt'Pb,
1501 4475 1560 4508 eum
1584 4456 1652 4521 (eius
1674 4476 1730 4525 cup.
1748 4475 1797 4510 aer.
1815 4476 1848 4509 m.
1864 4458 1929 4513 2tA

275 4558 404 4595 mutauere
418 4543 476 4595 ele
564 4542 743 4613 tarracona]
761 4564 840 4600 coneo
855 4547 859 4611 Ι
875 4549 968 4600 latione
981 4547 1014 4608 B,
1032 4550 1066 4613 cf.
1086 4547 1239 4610 CCLXIII,
1259 4549 1287 4597 13
1381 4543 1562 4594 8abseissisb
1611 4541 1667 4610 per]
1684 4561 1729 4610 pro
1742 4544 1788 4594 Ba
1841 4546 1928 4596 hunua-

275 4644 337 4679 num
349 4626 398 4692 Bb,
415 4647 518 4681 manum
531 4631 606 4682 ceteri
622 4631 784 4697 (mauusrl);
802 4637 835 4701 cs.
844 4653 874 4700 p.
887 4639 959 4696 64,6
1058 4634 1162 4700 tlplacit
1175 4634 1201 4683 B
1253 4631 1415 4683 didaschalici
1429 4629 1454 4679 Β
1548 4627 1687 4696 quuibua
1700 4631 1726 4679 ia
1741 4630 1931 4682 VLTL'PARS

274 4712 455 4780 immolatam
471 4732 520 4766 om.
533 4716 558 4767 B
662 4717 695 4768 12
712 4720 795 4771 lucem
813 4720 881 4771 VLO
895 4729 917 4771 et
930 4718 1008 4770 Sient.
1071 4719 1207 4771 obiectuB
1312 4715 1345 4767 13
1361 4715 1525 4783 dispicitesll
1631 4714 1664 4766 14
1682 4716 1930 4780 accusastisBVCb‚

274 4801 458 4852 secundaret.
575 4801 606 4854 19
624 4807 767 4871 poteetrreb
840 4807 968 4857 indoctilis
983 4806 1008 4856 Β
1015 4804 1024 4842 ¹
1094 4807 1246 4858 detestabli·
1259 4805 1304 4854 Ba
1417 4802 1453 4854 20
1470 4806 1560 4854 effecta
1578 4800 1657 4853 V¹tt
1727 4804 1767 4853 his
1784 4820 1832 4853 cnr.
1850 4803 1928 4853 Sim.

274 4885 408 4954 locupletis
419 4886 457 4951 B,
480 4889 621 4956 locupletos
638 4889 708 4940 vta
836 4890 869 4942 21
888 4894 1043 4943 thensaurus
1056 4892 1081 4942 B
1209 4888 1244 4941 ⁶22
1266 4907 1390 4941 memores
1407 4925 1484 4943 .....
1500 4888 1637 4940 insectata
1653 4906 1701 4954 nep.
1721 4889 1768 4955 ias.
1786 4888 1870 4953 mppr.
1884 4887 1928 4937 Jl²

274 4968 309 5022 23
326 4974 483 5040 argueturB
551 4976 803 5028 ωιιιιοιιιίοιιιιιιιΒα
906 4973 941 5027 24
953 4978 1054 5028 intrarit
1062 4978 1162 5043 scripsi,
1177 4978 1283 5028 intrauit
1294 4976 1400 5038 codices,
1416 4977 1550 5026 intrauerit
1560 4974 1656 5025 Hartel
1759 4971 1928 5041 25npreuitb

275 5058 344 5111 orbis
355 5057 389 5123 B,
407 5060 479 5111 urbia
495 5062 578 5124 ceteri,
596 5063 682 5114 uerbis
694 5060 754 5126 AB,
771 5064 804 5130 cf.
813 5080 841 5128 p.
857 5067 930 5126 54,9
949 5067 991 5125 57,
1002 5066 1037 5114 36
1058 5066 1095 5126 10,
1107 5065 1140 5114 33
1264 5059 1298 5112 28
1316 5063 1363 5113 deo
1382 5079 1437 5127 cup.
1453 5063 1498 5111 lin.
1512 5060 1575 5111 add.
1588 5058 1632 5109 132
1760 5057 1795 5110 30
1812 5061 1893 5111 studit
1904 5059 1929 5110 B

275 5141 308 5195 31
326 5145 412 5197 attulit
427 5145 452 5194 V
549 5145 584 5199 36
600 5150 723 5201 accendat
738 5148 762 5197 V
861 5145 895 5199 37
912 5147 1134 5216 collegitesBW,
1152 5149 1278 5215 collegitis
1295 5146 1387 5199 Vana

279 5251 680 5260 -———.-..—.-—.
712 5256 723 5261 ,
1479 5254 1483 5257 .
1508 5252 1544 5257 .-.
1564 5252 1606 5256 -—
1649 5252 1673 5256 —
1707 5251 1778 5257 -——
1796 5250 1924 5257 ...-

377 5314 413 5368 24
432 5313 536 5369 Balara
551 5317 625 5384 eptae.
637 5317 766 5387 adrepens
779 5320 904 5388 (Thiae.
918 5325 993 5390 67c):
1019 5321 1055 5376 ad
1075 5338 1176 5391 papam
1196 5321 1245 5390 qui
1264 5320 1453 5390 impetebatur
1471 5320 1573 5387 quater
1591 5315 1801 5370 consacerdotes
1819 5319 1928 5371 nostros

275 5416 309 5454 ex
326 5399 449 5455 monada
466 5400 572 5469 synodo
590 5402 753 5461 direximus.
772 5409 804 5460 ut
821 5406 857 5460 ad
875 5405 1011 5460 iudicium
1029 5405 1201 5468 conveniret;
1227 5406 1274 5460 sed
1293 5421 1435 5460 occurrere
1453 5420 1481 5457 se
1500 5400 1662 5456 audientiae
1683 5403 1796 5455 nostrae
1814 5400 1929 5472 penitus

275 5504 331 5542 non
359 5503 440 5557 posse
467 5490 587 5543 testatus
609 5492 658 5544 est.
687 5522 720 5530 -
747 5493 880 5563 Aaronem.
904 5493 1011 5548 Veron:
1037 5494 1139 5547 iterum
1164 5495 1192 5545 et
1216 5491 1300 5546 tertio
1322 5489 1474 5545 secundum
1498 5487 1621 5557 regulas,
1649 5490 1681 5541 ut
1705 5487 1741 5541 ad
1766 5487 1928 5556 synodalem

276 5571 426 5628 conveniat
442 5572 624 5641 audientiam,
642 5593 692 5646 per
709 5576 851 5633 antistites
869 5577 1035 5633 admonetur
1052 5577 1217 5646 nullumque
1235 5576 1369 5647 dignatus
1387 5579 1430 5630 est
1448 5574 1515 5628 dare
1534 5589 1707 5643 responsum.

377 5665 516 5724 Emensus.
1705 5668 1723 5721 8
