4500 6232
708 270 791 326 CCIX
809 270 930 338 (CARM.
948 271 974 335 2,
991 272 1036 337 91)
1054 304 1090 314 -
1108 271 1204 326 ccxfl
1224 269 1343 331 (crull.
1362 271 1388 332 2,
1406 270 1459 337 94).

904 561 1010 630 dclx
1033 563 1139 650 (essu.
1156 569 1186 643 2,
1203 564 1269 645 91).

900 757 1268 831 EPIGRAMMATA.

644 898 706 969 DE
732 894 1054 969 MARMORIBVS
1081 894 1241 968 OPERE
1268 895 1523 970 SARSORIO.

621 1062 811 1126 Visceribus
835 1063 979 1148 lapidum
1003 1063 1167 1149 permixta
1190 1063 1265 1147 lege
1291 1064 1412 1128 coactis

667 1166 826 1230 Naturam
849 1167 973 1233 iaciunt
996 1166 1157 1231 artificum
1181 1166 1299 1231 studia.

622 1269 660 1333 In
685 1269 823 1334 solidum
845 1271 956 1335 fractis
980 1271 1149 1355 riguerunt
1171 1291 1334 1334 marmora
1358 1269 1521 1348 membris,

668 1373 821 1438 Partibus
844 1374 877 1439 in
900 1380 1044 1439 crustam
1067 1373 1233 1459 colligitur
1254 1374 1382 1458 genius.

552 1492 563 1526 ⁵
621 1476 729 1541 Vnam
753 1477 793 1542 de
815 1479 913 1543 variis
937 1478 1083 1565 speciem
1106 1498 1292 1564 conponere
1317 1478 1431 1542 frustis

669 1580 734 1654 Qui
757 1581 873 1667 potuit,
897 1602 1012 1646 sexum
1037 1581 1131 1646 duxit
1153 1582 1187 1646 in
1212 1582 1413 1668 obsequium.

913 1871 998 1942 CCX
1021 1873 1127 1961 (essu.
1144 1877 1174 1954 2,
1191 1873 1258 1960 92).

632 2069 681 2141 ΙΝ
707 2068 935 2144 MISSORIO
962 2069 1043 2142 VBI
1070 2068 1224 2143 IMAGO
1251 2069 1401 2143 IPSIVS
1428 2071 1528 2145 EST.

622 2236 787 2303 Divitibus
809 2236 950 2324 pretinm
974 2243 1023 2301 est
1046 2235 1176 2302 Ennodi
1200 2238 1304 2302 formo
1326 2238 1478 2304 metallis.

896 2525 1002 2596 ccxl
1025 2527 1133 2613 (cusu.
1150 2531 1179 2608 2,
1197 2526 1263 2613 93).

871 2725 920 2797 ΙΝ
948 2722 1108 2797 CONCA
1135 2723 1296 2798 IPSIVS.

622 2892 766 2956 Porturit
789 2891 876 2955 unda
899 2892 996 2973 sitim,
1020 2913 1117 2977 quom
1142 2891 1318 2977 splendens
1342 2912 1444 2955 conen
1468 2893 1638 2956 ministrat.

888 3177 1016 3247 ccxll
1039 3180 1143 3264 (osus.
1160 3183 1190 3261 2,
1207 3180 1274 3267 94).

655 3376 716 3449 DE
743 3374 872 3465 EQVO
900 3374 1033 3464 Quum
1059 3374 1263 3448 ACCEPIT
1290 3373 1510 3449 HVNISCO.

619 3542 767 3628 Belliger
788 3541 912 3627 algenti
936 3541 1068 3628 sonipes
1090 3542 1212 3606 nutrite
1236 3542 1297 3607 sub
1322 3565 1396 3620 axe,

668 3646 733 3710 Por
755 3646 877 3711 Tanais
901 3644 1045 3709 medinm
1068 3651 1204 3731 pectora
1227 3647 1315 3710 sioon
1338 3647 1458 3711 lerons.

622 3747 712 3813 (lona
735 3749 898 3835 pruinosis
923 3748 1131 3813 mandentem
1154 3751 1301 3834 gremino
1324 3751 1448 3832 lustris,

668 3851 783 3915 Virtus
805 3852 879 3936 lege
903 3851 969 3937 poli
994 3872 1090 3937 quem
1115 3852 1177 3917 sibi
1202 3853 1374 3939 percoluit,

551 3969 562 4004 ⁵
622 3954 703 4019 Post
726 3953 867 4020 domitos
890 3961 1018 4039 gentes,
1042 3962 1115 4041 post
1137 3956 1271 4020 flumina
1292 3962 1384 4020 tenta
1408 3956 1541 4020 cruoris.

670 4059 765 4122 Alter
786 4065 818 4123 te
843 4058 1001 4137 dominus,
1025 4060 1081 4125 sod
1104 4067 1216 4124 menet
1238 4060 1309 4146 ipsc
1334 4060 1436 4125 labor.

622 4161 748 4247 Linque
771 4183 887 4248 precor
908 4162 1035 4239 lituum,
1060 4169 1174 4227 cantus
1198 4183 1334 4248 passure
1358 4162 1489 4226 beatos:

670 4264 825 4352 Coptivns
849 4266 938 4351 pacis
961 4266 1100 4332 mitteris
1123 4264 1300 4350 obsequiis.

623 4368 678 4432 Nil
701 4368 759 4433 tibi
783 4389 856 4433 cum
880 4368 991 4433 bellis:
1016 4368 1244 4434 commendent
1267 4368 1384 4433 bucina
1408 4368 1518 4431 lotum.

543 4489 567 4525 ν·
671 4472 756 4546 Quid
781 4473 871 4536 iuvat
894 4480 1047 4559 expertas
1071 4494 1202 4559 semper
1225 4493 1334 4538 amore
1358 4478 1479 4538 neces?

286 4634 382 4641 ——.
397 4635 500 4640 ..u--.n
517 4634 574 4640 0-
585 4634 591 4639 .
603 4634 611 4639 .
630 4635 635 4639 .

361 4732 461 4801 [uum]
497 4735 655 4802 epigramata
667 4733 701 4796 B,
718 4733 791 4799 spisr‘r
807 4730 851 4781 VL
920 4733 982 4798 ope'r
998 4733 1095 4783 orsorio
1112 4730 1141 4794 V,
1158 4735 1237 4798 opsrd
1255 4730 1389 4784 nrsoriob

360 4834 449 4903 [ocul
485 4834 521 4901 in]
539 4837 570 4888 do
583 4835 662 4888 uim.

361 4936 461 5005 [ccxl]
497 4955 523 4989 v.
543 4937 556 4988 l
575 4939 649 4991 sitem
662 4937 687 4987 B

361 5038 473 5108 [ccxu]
500 5043 532 5093 de
547 5039 623 5108 equo]
640 5042 778 5106 dcsoqno
789 5040 830 5090 131
882 5041 977 5108 accipit
987 5037 1028 5090 13¹
1114 5057 1137 5090 v.
1153 5039 1166 5091 l
1185 5039 1319 5108 sonipisB
1405 5040 1460 5091 v.3
1478 5042 1602 5109 pruinosis
1615 5039 1659 5089 Βω
1749 5033 1802 5088 nl
1819 5037 1908 5088 besto·

257 5127 346 5190 Sir-sn„
362 5126 550 5190 bostnsBVL,
567 5128 649 5179 bostis
663 5127 709 5179 ΟΡ
809 5144 833 5178 v.
854 5124 888 5178 10
904 5127 978 5179 iubet
988 5124 1030 5177 131
