4500 6232
688 268 923 339 oxxlv‘mlc‘r.
942 270 995 338 11),
1014 269 1113 324 CXXV
1130 269 1253 338 (urlsr.
1270 270 1296 335 4,
1314 271 1350 338 7).
1783 278 1843 341 133

193 463 345 529 pompam
369 462 465 527 quarn
489 446 598 506 aetate
620 442 758 506 mereari
782 440 951 507 debuisset
971 441 1126 507 ostendit:
1151 448 1252 506 totam
1267 441 1418 506 fiduciam
1434 442 1475 506 de
1492 441 1675 508 auditorum
1693 444 1843 530 benigni-

192 552 261 610 tate
290 545 477 631 concipiens
509 544 661 609 sufficere
694 546 797 610 crodit
826 546 954 610 veniam
983 567 1042 632 pro
1072 545 1198 623 favore,
1231 545 1311 608 satis
1342 566 1416 610 esse
1447 546 1502 630 pia
1524 553 1601 611 vota
1627 569 1687 632 pro
1717 549 1843 611 merito.

191 648 315 714 absiste
346 649 474 734 procul,
505 645 623 712 debilis
651 650 762 724 timor;
795 649 1023 713 insinuandum
1054 649 1204 713 orbitatis
1232 649 1412 728 miseratio,
1445 649 1625 715 orationem
1655 652 1876 736 religiosuml

192 749 396 816 commendat
418 750 570 814 officium.
615 751 691 835 quid
719 751 818 815 faciat
848 772 955 815 sermo
987 752 1124 836 peritiae
1153 751 1328 837 splendore
1356 751 1504 825 dotatas,
1536 753 1591 817 ubi
1620 774 1720 817 causa
1749 754 1845 817 etiam

125 905 131 916 .
192 856 263 919 sine
296 854 516 918 insinuatricis
550 853 683 938 linguae
717 855 827 939 placet
861 854 991 919 officio?
1044 877 1095 919 res
1130 856 1307 940 inpetravit
1341 857 1497 939 gratiam,
1530 855 1648 920 suffieit
1681 861 1717 918 ut
1746 856 1847 920 verba

192 964 380 1022 mereantur
409 957 575 1022 aflectum:
609 964 746 1043 utraque
776 958 929 1022 secundis
957 958 997 1022 ad
1029 958 1228 1023 audientiam
1253 965 1394 1022 vestram
1424 957 1585 1021 ominibus
1616 963 1846 1024 convenerunt.

192 1061 297 1126 dicam
320 1082 401 1126 sane
424 1060 511 1146 quod
534 1066 646 1137 restat,
669 1061 747 1146 quia
769 1068 895 1125 tantum
919 1061 1099 1127 defrudabo
1123 1062 1274 1128 laudibus
1300 1063 1388 1140 meis,
1414 1069 1571 1146 quantum
1597 1063 1791 1126 remanserit
1814 1062 1847 1126 in

192 1166 357 1250 praesenti
391 1184 489 1228 causa
522 1164 672 1228 silentiis.
726 1164 800 1228 huic
832 1163 996 1255 Eusebius
1030 1166 1252 1229 nobilissimus
1287 1165 1426 1250 genitor,
1464 1187 1524 1250 par
1562 1164 1709 1228 moribus
1750 1180 1879 1249 quam5

193 1274 320 1348 natura,
343 1266 420 1331 dum
444 1268 600 1331 extremis
626 1287 760 1353 pressas
784 1267 996 1332 humanitatis
1019 1276 1139 1332 sortem
1163 1268 1331 1354 profuturo
1355 1268 1389 1331 in
1413 1270 1544 1352 longum
1569 1269 1669 1331 vellet
1691 1288 1847 1353 superare

195 1370 346 1447 consilio,
370 1369 445 1435 dum
470 1371 578 1434 vitalis
602 1371 730 1435 animae
754 1371 866 1455 vigore
890 1372 1012 1435 terreni
1036 1372 1176 1435 carceris
1199 1380 1338 1456 angusta
1361 1373 1504 1436 calcaret
1526 1393 1564 1435 ac
1587 1393 1623 1435 se
1647 1371 1848 1457 spiritalibus

194 1473 406 1553 habitaculis,
435 1495 509 1538 cum
533 1496 552 1538 a
575 1473 637 1538 deo
662 1481 844 1554 vocaretur,
877 1474 1067 1539 refunderet
1089 1475 1234 1560 nihilque
1259 1475 1291 1539 in
1314 1483 1423 1539 mente
1448 1477 1517 1539 eius
1541 1482 1630 1538 esset
1652 1474 1692 1538 de
1716 1475 1848 1539 homine

193 1578 357 1643 residuum
385 1579 447 1642 nisi
474 1579 671 1643 inmaculata
698 1578 743 1641 fili
768 1577 954 1663 diligentia,
986 1579 1049 1643 nisi
1079 1577 1157 1642 illud
1188 1577 1272 1662 quod
1296 1600 1357 1641 nec
1381 1579 1466 1642 inter
1489 1578 1647 1642 caelestia
1669 1579 1738 1642 ulla
1761 1578 1849 1642 delet

193 1680 330 1745 oblivio:
367 1682 453 1746 hunc
481 1681 561 1745 milri
591 1682 684 1766 quasi
715 1680 799 1745 benc
832 1682 979 1746 conscius
1007 1681 1198 1761 fovendum,
1231 1691 1327 1766 prout
1356 1683 1440 1744 vires
1470 1681 1632 1759 tribuunt,
1664 1681 1847 1767 dereliquit.

194 1785 329 1849 confusa
352 1793 429 1850 sunt
456 1785 615 1870 supremis
644 1784 840 1870 deponentis
865 1785 965 1848 verba
995 1785 1155 1870 suspiriis.
1201 1785 1312 1849 videro
1342 1784 1416 1870 quid
1450 1785 1523 1849 aliis
1554 1786 1736 1870 reliquerit,
1768 1785 1879 1858 mihie

130 1918 141 1954 .·.
195 1888 255 1952 sub
279 1888 332 1952 dei
355 1888 575 1955 obtestatione
598 1888 720 1953 dimisit
742 1889 909 1954 heredem.
948 1890 999 1952 cui
1024 1910 1173 1974 saporem
1198 1889 1284 1953 vitae
1309 1889 1406 1953 labris
1430 1888 1625 1974 primoribus
1649 1889 1848 1974 contingenti

192 1999 324 2075 gustum
347 1990 504 2078 deprecor
526 1993 689 2057 libertatis
713 1991 849 2065 infandi,
873 1998 908 2055 ut
931 1999 1126 2077 provocatus
1152 1991 1395 2078 disciplinarum
1419 1993 1518 2056 melle
1543 1999 1576 2057 et
1592 1993 1674 2056 favis
1692 1992 1849 2057 scientiae

193 2094 234 2159 de
250 2095 400 2160 domibus
418 2097 524 2160 cereis
540 2095 611 2181 ipse
629 2095 691 2157 sibi
707 2096 862 2180 liquentis
880 2096 1034 2159 elementi
1051 2103 1164 2160 nectar
1179 2096 1339 2160 adsumat.
1376 2096 1486 2173 habet,
1511 2096 1625 2160 doctor
1640 2096 1881 2178 venerabilis,7

192 2199 264 2264 laus
288 2206 344 2263 tua
366 2221 427 2286 per
448 2199 534 2263 hunc
558 2198 600 2263 ad
624 2198 789 2262 cumulum
812 2200 969 2284 perducta
992 2199 1078 2284 quod
1103 2201 1220 2286 capiat.
1267 2222 1308 2263 ex
1339 2199 1452 2262 talium
1481 2201 1631 2284 profectu
1659 2200 1848 2264 meritomm

194 2313 321 2367 tuorum
345 2302 513 2388 plenitudo
536 2322 602 2366 non
625 2301 746 2366 refutat
770 2308 956 2387 augmenta.
980 2303 1056 2388 quia
1080 2302 1229 2388 discipuli
1254 2303 1419 2387 elegantia
1442 2302 1584 2368 adsertio
1609 2305 1752 2367 estsine
1776 2303 1850 2367 labe

116 2436 142 2469 ιι
194 2405 345 2485 doctoris,
370 2407 438 2471 eius
461 2407 616 2485 maxime,
640 2406 732 2469 cuius
755 2408 938 2491 prosapiem
963 2406 1168 2492 splendidam
1192 2412 1321 2491 tempus
1344 2406 1490 2491 postulat
1513 2407 1672 2470 scientiae
1696 2419 1729 2470 te
1753 2406 1850 2471 radiis

194 2509 364 2591 ademare,
389 2516 423 2574 ut
446 2509 547 2574 decus
573 2509 708 2593 originis
733 2509 764 2572 in
788 2507 873 2572 diem
898 2511 1145 2574 serenissimum
1169 2509 1336 2594 procedat,
1365 2508 1495 2593 quando
1519 2510 1583 2573 oris
1606 2510 1639 2572 in
1662 2511 1734 2596 ipso
1758 2510 1852 2574 iubar

194 2613 361 2679 effulserit.

839 2818 964 2886 CXXV
988 2819 1098 2906 (amsa.
1115 2823 1145 2900 4,
1164 2819 1207 2904 7).

675 3013 912 3090 ENNODIVS
939 3014 1136 3089 IVLIANO
1155 3015 1199 3091 V.
1219 3017 1246 3089 l.
1268 3015 1310 3090 C.
1331 3015 1372 3089 P.

316 3159 465 3278 Suscepi
487 3191 615 3256 litteras
638 3191 769 3276 gemino
793 3191 966 3276 splendore
991 3190 1173 3271 radiantes,
1204 3189 1322 3274 quibus
1352 3208 1497 3273 purpura
1527 3188 1696 3253 dictatoris
1719 3195 1877 3265 vestrae1

116 3332 134 3363 ·,
195 3295 305 3359 iuncta
327 3294 507 3379 dignationi
531 3295 635 3360 erevit
664 3294 697 3358 in
721 3295 878 3380 pretium,
908 3296 1032 3380 gratias
1062 3294 1277 3380 omnipotenti
1300 3292 1362 3357 dec
1393 3292 1586 3367 restituens,
1618 3293 1673 3377 qui
1704 3300 1850 3357 votorum

195 3399 332 3462 maciem
362 3397 512 3462 beneficii
546 3398 696 3464 ubertate
728 3397 976 3482 transgreditur,
1010 3405 1046 3462 ut
1077 3396 1207 3482 quando
1237 3397 1269 3460 in
1301 3395 1474 3461 desideriis
1503 3396 1691 3460 meritorum
1729 3396 1851 3459 conscii

197 3508 361 3565 sectamur
383 3502 579 3587 angustiam,
603 3501 712 3566 divitis
737 3501 960 3586 indulgentiae
984 3501 1094 3586 copias
1117 3521 1180 3563 non
1205 3499 1357 3564 refrenat.
1397 3496 1520 3562 credidi
1543 3499 1621 3563 satis
1645 3520 1731 3579 esse,
1754 3500 1781 3562 si
1798 3512 1883 3572 me2

196 3604 340 3669 feceritis
363 3604 566 3690 amplissima
588 3604 763 3691 scriptione
788 3603 975 3671 sublimem:
1009 3603 1067 3668 sed
1090 3625 1146 3667 vos
1170 3624 1235 3666 non
1259 3602 1318 3666 hoe
1343 3606 1469 3666 tantum
1501 3603 1644 3667 contenti
1675 3609 1855 3688 praestare,

197 3706 280 3792 quod
304 3707 405 3773 habet
428 3707 579 3773 mendica
601 3710 788 3795 postulatio,
811 3708 941 3793 linguae
966 3707 1099 3772 idoneas
1117 3715 1152 3771 et
1175 3706 1273 3771 laude
1296 3706 1480 3791 locupletes
1503 3706 1641 3791 paginas
1665 3705 1854 3770 destinastis

197 3812 307 3897 magni
336 3833 427 3876 more
457 3813 616 3893 fluminis,
649 3813 704 3898 qui
733 3812 885 3898 quotiens
913 3811 955 3875 ab
986 3811 1109 3890 alveis,
1142 3818 1177 3874 ut
1204 3808 1389 3875 ariditatem
1413 3808 1581 3872 finitimam
1605 3814 1783 3894 temperet,
1814 3807 1855 3872 ad

197 3914 329 4001 obliqua
351 3916 516 3995 invitatur,
542 3916 668 4001 optanti
691 3921 824 3981 tenuem
849 3914 985 3978 rivulum
1011 3920 1099 3978 totus
1124 3905 1280 3978 inlabitur
1303 3919 1336 3975 ct
1358 3910 1502 3976 marcida
1524 3909 1685 3998 profundo
1703 3912 1855 3997 squalore

196 4023 290 4103 terga
311 4040 372 4104 per
394 4018 588 4083 ebrietatem
612 4017 719 4083 undae
743 4019 896 4082 salutaris
921 4017 1071 4082 infundit.
1118 4018 1248 4082 fortium
1276 4023 1386 4082 tamen
1416 4037 1552 4080 servans
1584 4015 1886 4090 consuetudinem3

196 4141 408 4208 personarum
432 4121 623 4206 magnitudo
647 4127 704 4186 tua
727 4122 813 4185 circa
836 4121 1051 4206 exiguitatem
1083 4141 1190 4185 meam
1224 4120 1308 4184 benc
1337 4126 1455 4205 coepta
1483 4140 1547 4183 non
1576 4118 1725 4200 deserat,
1757 4126 1793 4181 ut
1823 4119 1856 4182 in

197 4224 383 4289 testimonio
407 4222 600 4309 diligentiae
625 4246 704 4289 cura
725 4224 889 4310 paginalis
914 4222 1075 4287 habeatur
1099 4236 1132 4287 et
1154 4224 1225 4309 pari
1250 4224 1369 4287 amoris
1393 4221 1681 4307 adstipulationem
1708 4220 1858 4286 deferant

137 4359 148 4394 ·‚
201 4326 425 4392 blandimenta
450 4327 622 4412 conloquii.
660 4349 812 4393 occasum
836 4327 961 4391 neseiat
978 4327 1107 4407 caritas,
1131 4347 1226 4411 quam
1244 4332 1320 4391 ante
1336 4327 1477 4391 eulmina
1492 4325 1697 4411 promisistis.
1733 4330 1857 4389 tantum

199 4430 286 4494 circa
309 4451 363 4495 me
386 4438 515 4496 creseat
538 4431 661 4518 gratia,
684 4438 841 4517 quantum
865 4431 959 4495 vobis
982 4431 1092 4495 iuncta
1116 4437 1192 4494 sunt
1215 4430 1349 4516 lastigie
1371 4428 1583 4516 dignitatum,
1607 4450 1647 4493 ne
1670 4429 1858 4509 amicitiam,

197 4554 293 4618 quam
327 4533 410 4598 fovit
440 4534 667 4610 mediocritas,
698 4533 852 4598 credatur
881 4533 1052 4598 abiurasse
1075 4533 1234 4621 potentia.
1279 4554 1354 4597 nam
1378 4533 1433 4618 qui
1455 4533 1575 4598 fastum
1599 4532 1632 4596 in
1656 4533 1889 4606 sublimitates

301 4774 318 4827 5
336 4777 468 4844 inperauit
482 4775 505 4841 (t
516 4794 573 4843 αφ.
587 4777 631 4828 lin.
645 4794 677 4828 m.
691 4777 715 4841 1)
728 4775 753 4826 Β
822 4785 853 4828 nt
870 4776 920 4828 iam
938 4776 1018 4828 uerba
1034 4776 1093 4828 Tse
1196 4774 1213 4825 6
1232 4775 1379 4826 hominibus
1395 4773 1466 4838 1⁷11,
1482 4775 1602 4827 omnibus
1615 4773 1640 4824 B
1744 4770 1856 4826 fdelru·

197 4861 265 4913 dabo
282 4860 320 4927 Β,
346 4862 453 4914 defrudo
473 4861 529 4925 Vt,
557 4862 680 4914 defraudo
697 4862 745 4913 rel.
884 4860 901 4911 8
929 4859 1000 4928 huic]
1028 4862 1098 4914 hunc
1115 4862 1181 4928 sort.
1319 4858 1337 4911 9
1359 4861 1439 4912 uellet
1459 4858 1508 4924 ΤΒ,
1533 4861 1607 4912 uellit
1622 4858 1658 4922 B,
1685 4859 1749 4910 uelit
1769 4855 1856 4909 Vw

199 4946 229 4998 ll
248 4947 505 5001 refunderitBVLO
605 4946 637 4998 lt
654 4949 700 4999 filii
720 4947 744 4997 V
804 4949 854 4998 nisi
873 4966 920 4999 orn.
935 4947 1014 4999 Sisara.
1117 4945 1345 5013 13dsreliquid13
1444 4945 1477 4995 15
1495 4944 1632 4998 demisitB
1730 4942 1763 4993 16
1781 4944 1856 4995 liber-

197 5033 303 5098 tatisB,
320 5034 446 5087 ubertatis
463 5035 539 5086 sacri
651 5031 683 5084 lt
702 5035 816 5087 climenti
831 5034 857 5084 B
929 5043 1044 5087 amnmat
1059 5034 1084 5084 V
1194 5032 1226 5084 19
1243 5041 1364 5087 sumente
1377 5031 1418 5083 13¹
1494 5031 1655 5101 eligantiaB
1767 5027 1856 5096 2010]

198 5128 258 5172 tuse
275 5119 334 5172 ePt
437 5116 470 5172 21
489 5118 639 5187 origenisB
706 5120 788 5172 iuba·
807 5119 874 5186 (sup.
888 5121 923 5172 tit.
942 5120 965 5183 r)
983 5121 1099 5173 cfulserit
1116 5120 1210 5171 finitB

238 5270 243 5278 .
304 5221 420 5290 [CXXV]
457 5221 493 5275 24
509 5225 606 5292 suscipi
620 5223 645 5274 Β
727 5224 853 5292 spendore
870 5240 926 5289 sap.
946 5223 991 5274 lin.
1010 5222 1056 5275 lB
1134 5240 1245 5290 pur-pore
1257 5222 1282 5273 Β
1360 5218 1500 5287 dictatoris]
1518 5219 1663 5271 dictationis
1677 5218 1700 5269 θ
1714 5226 1736 5268 et
1754 5218 1858 5270 Iarems

199 5308 233 5361 26
253 5308 292 5377 ut]
310 5317 338 5362 et
351 5308 448 5361 Hartel
587 5306 620 5359 27
639 5310 727 5376 cupias
742 5309 769 5359 B
871 5311 982 5360 refrenat
1000 5310 1037 5372 (re
1055 5325 1111 5376 sup.
1125 5310 1170 5360 tin.
1187 5327 1220 5360 m.
1235 5311 1259 5374 1)
1275 5309 1304 5374 V,
1327 5311 1438 5360 refrenet
1454 5304 1494 5357 1¹²
1511 5316 1534 5357 et
1552 5305 1630 5357 Sim.
1769 5302 1805 5355 28
1822 5308 1858 5357 fa·

199 5398 292 5450 matres
311 5395 356 5461 (-
368 5395 401 5446 tis
413 5395 439 5445 B
447 5394 475 5461 ὁ)
488 5396 514 5446 Β
594 5397 732 5449 scribtione
743 5395 769 5446 Β
890 5392 925 5446 29
942 5392 1029 5461 habet]
1047 5405 1106 5448 avet
1124 5396 1272 5462 Petschenig
1354 5396 1458 5447 idoneas
1475 5403 1501 5445 et
1513 5392 1591 5453 BCP,
1609 5391 1710 5442 indensi
1728 5392 1772 5442 scd
1790 5390 1863 5442 Vm

200 5483 353 5534 destinantes
366 5478 415 5544 13¹,
433 5482 565 5533 destinatis
579 5481 638 5534 ePe
732 5479 765 5532 31
784 5482 896 5533 riuolum
908 5480 934 5531 B
1034 5479 1068 5533 32
1087 5485 1205 5535 intimdet
1217 5483 1262 5534 Ba
1363 5480 1398 5531 35
1415 5481 1536 5545 wlloquii
1552 5478 1576 5526 Γ
1669 5476 1704 5528 36
1720 5476 1858 5545 quautam]

201 5586 279 5636 quam
291 5568 317 5618 Β
324 5565 334 5603 ¹
404 5566 502 5637 insen]
522 5570 622 5621 inuicta
633 5567 712 5619 sem.
816 5565 850 5617 37
868 5567 987 5618 medetur
999 5566 1032 5630 Β,
1049 5571 1168 5622 uirlcctur
1186 5570 1262 5622 ceteri
1331 5566 1483 5634 porentiaj'jj,
1501 5564 1527 5614 Β
