4500 6232
301 295 342 356 9ss
973 284 1073 338 cxxx
1091 283 1280 353 (censeas

302 462 451 526 Ticinum
481 462 537 526 diu
566 459 772 524 desideratus
800 459 991 544 ingreditur,
1023 457 1143 545 Nepoti
1171 458 1326 523 effectum
1355 463 1510 545 peractae
1538 457 1713 543 legationis
1739 457 1899 537 insinuat,
1926 464 1961 523 et

302 571 473 630 crescente
498 563 631 627 laudum
654 562 783 626 cumulo
803 561 968 625 humilitas
991 560 1024 624 in
1048 582 1087 625 eo
1110 561 1232 646 pariter
1254 561 1399 626 sentibat
1422 566 1644 647 augmentum.

248 672 289 733 95
411 668 518 752 Igitur
553 666 630 730 dum
661 665 782 730 talibus
811 685 847 729 se
877 663 1058 750 disciplinis
1092 671 1125 729 et
1154 664 1321 729 laboribus
1352 665 1474 730 Christi
1505 670 1539 729 et
1571 664 1625 729 dei
1654 665 1758 730 nostri
1792 666 1959 751 operarius

302 778 491 850 exerceret,
526 792 603 836 ecce
636 770 691 834 ille
727 770 845 854 quietis
878 768 1008 833 nescius
1040 772 1074 832 et
1102 768 1263 832 scelerum
1297 773 1443 854 patrator
1476 768 1627 832 inimicus
1660 788 1782 853 magna
1813 766 1960 833 dolorum

302 877 506 939 incrementa
537 873 738 958 conglutinat
765 877 798 935 et
830 871 977 955 inquirit,
1008 870 1126 955 quibus
1150 871 1254 935 virum
1283 871 1527 957 integerrimum
1550 871 1758 957 passionibus
1779 871 1960 937 lacessiret.
2016 896 2026 929 s

303 979 483 1042 exereitum
499 976 657 1041 adversus
675 976 827 1039 Orestem
843 973 1015 1060 patricium
1032 974 1127 1059 erigit
1139 981 1177 1050 ‚ot
1197 973 1377 1041 discordiae
1400 974 1536 1039 crimina
1558 972 1781 1038 clandestinus
1803 974 1957 1062 supplan·-
1972 1004 1992 1045 ι».
2003 997 2035 1037 ss

303 1088 390 1146 tator
423 1080 598 1146 interserit.
652 1100 710 1164 spe
745 1099 902 1142 novarum
936 1098 1045 1141 rerum
1076 1077 1275 1162 perditorum
1311 1079 1437 1152 animos
1471 1079 1647 1164 inquietat,
1682 1076 1888 1143 Odovacrem
1919 1078 1961 1145 ad

303 1184 463 1270 regnandi
496 1183 654 1247 ambitum
691 1182 820 1246 extollit
852 1189 901 1253 et,
939 1189 974 1245 ut
1008 1181 1089 1246 haec
1123 1182 1285 1267 pernicies
1317 1183 1351 1247 in
1379 1182 1544 1247 Ticinensi
1579 1182 1711 1247 civitate
1746 1182 1961 1268 contingeret.

250 1293 292 1353 96
306 1288 457 1352 Orestem
481 1287 521 1351 ad
545 1308 617 1351 eam
641 1285 760 1350 fiducia
783 1285 972 1349 munitionis
995 1285 1121 1350 invitat.
1162 1286 1335 1372 episcopus
1352 1307 1425 1350 curn
1442 1286 1594 1351 omnibus
1609 1284 1651 1350 ad
1667 1306 1703 1351 se
1718 1286 1961 1372 pertinentibus

305 1413 464 1477 praesens
481 1392 652 1455 invenitur.
690 1390 726 1454 fit
742 1389 904 1453 maximus
920 1390 952 1452 in
977 1389 1057 1454 urbe
1081 1410 1268 1469 concursus,
1291 1389 1470 1474 praedandi
1492 1389 1600 1454 rabies
1622 1388 1815 1455 inardescit:
1838 1389 1960 1477 ubique
2008 1414 2030 1451 n

155 1493 289 1592 l'gfflggfss·
306 1496 428 1575 luctus,
458 1516 561 1582 pavor
591 1492 710 1578 ubique
739 1500 772 1557 et
794 1492 906 1556 mortis
930 1493 1038 1576 imago
1061 1493 1211 1579 plurima.
1258 1492 1459 1558 discurrebat
1480 1494 1536 1558 ille
1559 1493 1733 1569 sollicitus;
1764 1493 1962 1582 poscebatur

199 1579 205 1599 ’
304 1597 346 1660 ad
362 1618 511 1682 poenam,
536 1596 628 1659 cuius
651 1595 869 1660 substantiam
886 1596 1043 1660 notiorem
1058 1596 1184 1660 fecerat
1200 1596 1416 1660 amicitiarum
1431 1595 1513 1660 fides
1530 1597 1705 1682 antiquior.
1742 1595 1798 1661 alii
1814 1596 1962 1661 flammas

305 1700 435 1763 ruituris
452 1699 590 1763 aedibus
608 1699 848 1784 subponebant,
873 1698 928 1762 alii
944 1698 985 1762 ad
1001 1698 1137 1763 exitium
1160 1700 1340 1785 poscebant
1363 1699 1540 1780 dominum,
1563 1719 1622 1785 pro
1645 1699 1738 1765 cuius
1761 1706 1962 1766 convenerat

251 1804 412 1870 O'lsalute
444 1797 594 1889 pugnari.
640 1807 774 1866 currunt
803 1801 845 1865 ad
874 1802 1035 1867 ecelesiae
1065 1801 1210 1881 domurn,
1241 1804 1318 1868 totis
1351 1802 1542 1889 direptionis
1568 1801 1729 1867 incendiis
1757 1808 1961 1879 aestuantes,

304 1906 381 1969 dum
398 1928 494 1992 quem
511 1905 668 1970 videbant
684 1925 820 1990 erogare
836 1905 986 1990 plurima,
1010 1905 1220 1991 perinmensa
1244 1907 1493 1992 suspicabantur
1516 1905 1730 1972 abscondere.
1768 1926 1829 1994 pro
1852 1905 1960 1972 nefas!
2010 1931 2031 1969 n

305 2010 477 2075 thesauros
500 2010 601 2075 cruda
624 2010 792 2074 barbaries
815 2009 995 2094 quaerebat
1010 2010 1041 2072 in
1059 2015 1156 2086 terra,
1181 2030 1262 2093 quos
1277 2010 1333 2074 ille
1350 2008 1391 2073 ad
1408 2011 1565 2075 caelestia
1580 2015 1708 2074 secreta
1723 2010 1963 2075 transmiserat.

305 2114 454 2198 diripitur
484 2115 582 2177 etiarn
615 2120 729 2178 sancta
760 2114 830 2177 eius
863 2132 1021 2197 germana
1052 2118 1085 2175 et
1115 2133 1259 2175 seorsum
1288 2112 1330 2177 ab
1360 2134 1398 2176 eo
1427 2112 1625 2198 captivitatis
1659 2101 1748 2177 sorte
1780 2110 1963 2179 deducitur.

305 2239 417 2281 omnes
446 2218 605 2282 nobilium
629 2239 649 2281 a
672 2218 738 2281 suis
767 2216 911 2281 familiae
941 2221 1199 2299 sequestrantur.
1244 2215 1422 2279 Luminosa
1452 2215 1689 2300 gloriosissima
1716 2214 1965 2301 femina-parili

252 2322 293 2384 98
307 2320 514 2384 necessitatis
545 2319 734 2384 condicione
764 2319 1007 2403 constringitur.
1052 2317 1199 2382 odolor!
1239 2326 1398 2404 utraeque
1430 2319 1590 2384 ecclesiae
1620 2308 1758 2383 flammis
1787 2317 1965 2385 hostilibus

307 2430 566 2503 concremantur,
589 2430 658 2488 tota
681 2424 796 2487 civitas
820 2423 913 2507 quasi
938 2442 1036 2507 rogus
1060 2421 1246 2507 effulgurat.
1293 2429 1481 2486 cunctorum
1505 2442 1602 2487 voces
1625 2420 1832 2487 sacerdotem
1853 2421 1963 2507 requi·
2011 2446 2034 2485 n

305 2529 446 2591 rentium
473 2527 658 2591 audiuntur.
704 2547 800 2590 nemo
830 2524 965 2612 periculi
993 2526 1043 2589 sui
1074 2526 1283 2605 meminerat,
1314 2525 1391 2589 durn
1419 2526 1522 2591 maior
1549 2526 1590 2591 ab
1621 2525 1685 2589 illis
1714 2525 1831 2591 salutis
1860 2526 1965 2613 portio

282 2630 513 2710 ¹diuideretur.
560 2631 611 2694 cui
636 2631 782 2715 quamvis
807 2630 943 2693 confusa
966 2630 998 2693 in
1022 2629 1222 2713 singulorum
1246 2630 1383 2694 exitium
1408 2629 1504 2693 turba
1526 2629 1696 2707 fremeret,
1726 2628 1830 2694 honor
1852 2634 2040 2701 tamensem

252 2735 293 2795 99
307 2739 341 2797 et
369 2735 454 2797 inter
484 2734 610 2818 gladios
642 2732 889 2818 inpendebatur.
941 2753 1016 2796 narn
1048 2733 1124 2796 ilico
1160 2755 1224 2797 non
1255 2733 1388 2798 luerunt
1417 2754 1497 2819 quos
1525 2733 1630 2818 potuit
1656 2731 1768 2798 videre
1799 2733 1964 2819 captivos:

304 2837 528 2902 venerabilem
551 2858 739 2921 germanam
764 2857 866 2916 suam,
890 2837 1080 2922 priusquam
1104 2837 1136 2900 in
1155 2857 1328 2923 vesperam
1352 2836 1416 2901 diei
1439 2837 1526 2901 illius
1550 2837 1607 2900 lux
1630 2836 1762 2900 lunesto
1784 2835 1964 2918 laberetur,

305 2940 439 3025 cripuit:
469 2941 626 3026 plurimos
649 2941 747 3005 etiarn
771 2940 889 3003 civium
913 2939 1055 3004 absolvit
1077 2945 1212 3024 precatu
1236 2961 1314 3020 suo,
1345 2946 1521 3026 antequam
1544 2938 1738 3004 durissimae
1762 2938 1964 3007 condicionis
2011 2964 2033 3003 a»

305 3042 413 3106 vincla
437 3043 611 3121 sentirent,
640 3050 761 3108 matres
792 3042 932 3107 familias
959 3043 1151 3129 praecipue,
1182 3064 1263 3127 quas
1287 3043 1448 3108 inmanior
1470 3043 1503 3107 in
1527 3043 1588 3107 hac
1612 3042 1813 3109 necessitate
1836 3050 1966 3129 poterat

236 3156 439 3214 lttltmanere
463 3147 686 3211 commoratio.
731 3152 895 3231 postremo
919 3151 1024 3209 status
1048 3145 1204 3223 civitatis,
1233 3166 1329 3230 quem
1357 3145 1532 3209 multitudo
1560 3145 1734 3210 barbarica
1764 3144 1966 3225 succidebat,

307 3251 402 3316 unius
425 3250 622 3315 fortissimae
647 3251 816 3315 columnae
847 3255 1049 3314 sustentatus
1080 3248 1272 3334 resurgebat
1301 3249 1440 3327 auxilio,
1474 3269 1534 3313 nec
1563 3254 1689 3313 tanturn
1719 3247 1761 3312 ad
1788 3248 1965 3314 delendum

307 3353 492 3419 sufficiebat
515 3354 691 3434 exercitus,
715 3361 871 3440 quanturn
895 3352 936 3417 ad
961 3351 1177 3438 reparandum
1201 3353 1298 3416 unius
1321 3374 1461 3438 persona
1483 3352 1655 3440 pontificis.
1701 3351 1831 3417 sublato
1855 3358 1965 3419 tamen

308 3460 428 3522 Oreste
452 3464 486 3522 et
508 3464 642 3543 propter
664 3458 889 3523 l'laeeutiuam
913 3457 1028 3522 urbem
1052 3457 1199 3521 extincto
1223 3455 1489 3542 depraedationis
1512 3457 1651 3542 impetus
1674 3456 1875 3541 conquievit.

237 3566 290 3626 101
415 3559 496 3625 Post
530 3581 626 3645 quem
656 3560 800 3625 adscitus
833 3562 865 3625 in
900 3582 1036 3646 regnum
1068 3559 1248 3624 Odovaeris
1282 3566 1374 3624 tanto
1409 3561 1498 3625 cultu
1530 3559 1691 3645 insignem
1722 3560 1827 3625 virum
1860 3562 1966 3648 coepit

308 3664 480 3745 honorare,
514 3671 550 3728 ut
579 3666 723 3730 omniurn
754 3666 963 3730 decessorum
994 3685 1124 3728 suorum
1154 3665 1241 3728 eirca
1270 3686 1344 3729 eurn
1372 3663 1480 3727 officia
1501 3661 1724 3750 praecederet.
1770 3663 1899 3729 interea
1922 3685 1964 3729 ne

307 3766 364 3832 diu
386 3769 506 3832 favillis
530 3768 695 3833 domicilia
718 3767 827 3832 divina
854 3775 1093 3853 promerentur,
1122 3775 1199 3833 anto
1227 3768 1386 3853 gloriosus
1410 3768 1548 3832 antistes
1572 3765 1805 3832 reaedificandi
1828 3768 1966 3855 sumpsit

306 3872 449 3935 animum
479 3892 577 3956 quarn
612 3894 776 3957 expensas
809 3880 865 3937 aut
897 3872 1114 3937 substantiam
1150 3870 1376 3959 praeparandi.
1423 3871 1567 3956 ingentis
1595 3872 1690 3957 pretii
1721 3869 1864 3935 lubricas
1893 3871 1965 3937 sine

307 3995 512 4039 nummorum
534 3973 693 4039 adtollere
717 3974 848 4040 condito
871 3996 936 4039 non
960 3977 1108 4063 expavit,
1132 3977 1334 4062 apostolieae
1358 3975 1588 4041 admonitionis
1612 3975 1699 4040 haud
1722 3974 1856 4053 inscius,
1879 3974 1964 4061 quod

308 4079 465 4144 caelestia
495 4099 596 4162 regna
623 4079 855 4163 quaerentibus
887 4078 1077 4146 indeficiens
1107 4080 1226 4166 iugiter
1252 4101 1371 4145 census
1401 4079 1563 4145 exuberet
1589 4077 1684 4144 etde
1713 4079 1813 4163 pleno
1837 4098 1966 4165 semper

237 4184 296 4244 102
309 4181 473 4267 inpertiat,
496 4201 593 4266 quern
615 4201 679 4244 non
703 4181 854 4267 opprimit
877 4181 910 4245 in
932 4184 1092 4269 largiendi
1116 4185 1285 4249 voluntate
1309 4190 1495 4270 paupertas.
1542 4182 1673 4248 dicebat
1694 4182 1796 4247 enim:
1819 4180 1888 4248 ‘vix
1903 4188 1965 4263 est,

334 4471 339 4481 ’
412 4490 429 4541 2
447 4493 558 4544 sentibat
575 4491 667 4558 scripsi
681 4509 738 4544 cuns
750 4491 838 4556 Hert,
855 4494 969 4544 seritiuat
980 4493 1013 4557 B,
1030 4496 1156 4547 sentiebat
1169 4497 1244 4547 ceteri
1357 4495 1375 4546 3
1392 4504 1418 4548 et
1435 4495 1537 4547 irrcluait
1549 4494 1628 4545 Hert.
1698 4491 1748 4559 dell
1766 4494 1864 4547 domini
1879 4491 1966 4546 smus

309 4587 332 4630 et
349 4578 418 4630 Bell.
541 4578 558 4629 5
575 4579 688 4645 inquiret
705 4578 730 4628 Β
808 4580 874 4631 inter
890 4580 1031 4645 gerrimum
1047 4579 1073 4630 B
1152 4582 1288 4634 lacesseret
1305 4581 1363 4634 edit.
1484 4579 1501 4631 6
1519 4581 1600 4647 eriget
1612 4579 1638 4630 B
1714 4577 1833 4647 crimina]
1851 4579 1966 4648 germine

309 4666 348 4717 cel
364 4665 462 4716 sennim
479 4664 575 4716 tornac
689 4661 703 4714 7
723 4665 875 4731 perditorem
888 4664 914 4715 Β
1024 4666 1057 4717 10
1075 4666 1222 4735 praedandi]
1241 4668 1390 4735 praedumdi
1403 4666 1498 4717 B⁰V⁰
1567 4667 1709 4719 inardescet
1720 4665 1746 4716 B
1856 4662 1889 4717 12
1905 4666 1966 4718 smi-

308 4752 405 4803 ciarum
420 4750 444 4801 B
559 4748 592 4801 13
609 4752 788 4817 supponebant
803 4750 827 4800 V
944 4750 977 4804 14
995 4770 1024 4805 ec
1035 4751 1047 4817 ΙΙ
1059 4755 1182 4806 eeclesiae
1194 4754 1219 4805 B
1340 4752 1372 4805 15
1390 4754 1566 4821 perinmensae
1582 4752 1608 4804 B
1726 4750 1759 4804 16
1776 4752 1931 4805 thensauros
1942 4750 1967 4802 B

313 4835 344 4887 19
363 4836 550 4889 necessitateeis
569 4835 601 4899 (is
618 4836 668 4887 del.
680 4845 703 4888 et
715 4838 723 4887 i
736 4853 792 4902 sup.
805 4836 865 4902 ser.)
879 4838 905 4887 Β
1003 4836 1039 4890 20
1055 4840 1195 4906 effulgurat
1207 4840 1232 4890 B
1237 4838 1256 4904 ¹,
1273 4841 1409 4908 effulgorat
1421 4837 1495 4891 Bw
1587 4836 1620 4889 21
1640 4838 1748 4906 periculi
1759 4865 1792 4875 -
1804 4838 1966 4905 singulorum

309 4941 358 4975 om.
373 4925 396 4975 0
495 4920 529 4973 24
548 4924 589 4976 die
603 4923 627 4973 B
756 4922 791 4975 25
808 4925 908 4992 eripuet
925 4924 950 4976 Β
957 4923 967 4961 ¹
1096 4924 1130 4976 26
1148 4927 1254 4978 uincula
1272 4926 1330 4979 Tt'b
1455 4922 1489 4976 27
1507 4925 1633 4978 ciuitastis
1645 4924 1671 4975 Β
1675 4932 1690 4962 ⁶
1775 4924 1931 4977 suceedelrat
1942 4920 1967 4975 Β

309 5007 344 5061 33
360 5010 461 5062 sutisth
474 5007 551 5059 BVL
654 5006 688 5059 35
706 5010 821 5061 attollere
840 5009 864 5059 V
963 5009 997 5063 3'l
1016 5014 1143 5079 opprimet
1154 5013 1180 5064 B

415 5249 531 5302 aPou.
550 5247 608 5301 aun.
631 5247 661 5301 X
668 5248 719 5302 Vo
740 5247 785 5314 (X
791 5247 835 5301 VI
849 5255 881 5304 ιο
903 5250 1009 5319 Eyssen
1037 5248 1161 5320 ingresso
1185 5268 1252 5320 ergo
1276 5250 1387 5306 Italiam
1407 5250 1549 5305 Odovacre
1573 5249 1670 5305 statim
1692 5249 1719 5304 ei
1741 5249 1816 5319 apud
1837 5248 1967 5322 Liguriae

312 5335 444 5390 terminos
464 5334 574 5389 Orestes
598 5334 732 5404 patricius
756 5334 888 5399 occurrit,
912 5334 960 5405 qui
982 5335 1114 5390 adversus
1137 5335 1316 5391 tortissimam
1339 5337 1550 5392 multitudinem
1575 5335 1647 5391 nihil
1669 5352 1699 5391 ae
1719 5336 1881 5406 praevalere
1903 5354 1967 5393 oon·

312 5421 438 5489 spiciens,
456 5420 578 5476 nranime
596 5438 658 5476 cum
677 5438 740 5475 eum
758 5420 815 5475 iam
834 5420 949 5490 quidam
965 5438 1077 5477 suorum
1090 5421 1285 5487 deseruissent,
1304 5426 1380 5478 metu
1393 5423 1519 5494 trepidus
1531 5422 1608 5478 intra
1619 5421 1749 5478 'licinum
1761 5439 1791 5478 se
1802 5422 1968 5481 munitionis

312 5506 414 5562 fidncia
432 5507 582 5562 concludit.

415 5595 450 5645 30
469 5592 567 5647 Oleros.
587 5594 697 5663 Ortopla.
716 5593 754 5648 ed
770 5611 816 5648 an.
830 5600 896 5649 476:
923 5593 1028 5651 occisus
1046 5596 1089 5651 cst
1107 5594 1218 5649 Orestes
1236 5594 1371 5667 patricius
1390 5593 1549 5658 Placentia3
1566 5594 1600 5665 cf.
1617 5592 1700 5649 Paul.
1715 5594 1777 5653 tiss
1791 5594 1809 5655 l.
1824 5610 1846 5653 t.
