4500 6232
129 258 274 316 XXXVIII
716 252 752 307 ΙΙ.
777 249 825 306 DE
844 251 1033 308 CODICIBUS
1050 249 1200 307 ENNODI.

130 442 234 499 mento
255 439 382 496 ornatos
404 451 481 509 esse,
503 429 559 493 vix
578 450 598 494 a
618 435 649 492 te
671 426 880 513 suspicionem
902 425 1087 506 removebis,
1108 425 1238 492 alteram
1259 425 1326 491 folii
1343 427 1385 494 64
1407 423 1609 511 ραςίιιιιιῐιξίη
1626 423 1661 493 V
1684 425 1789 512 primo

129 546 228 603 totam
257 557 390 600 vacuam
420 533 518 598 fuisse
545 530 685 596 relictam
706 541 739 595 et
766 540 876 617 postea
902 529 1110 617 supplementi
1132 528 1202 594 loco
1231 529 1286 594 illa
1306 537 1455 615 quattuor
1475 529 1628 612 carmiua,
1653 552 1790 617 quornm

130 639 194 705 duo
216 640 249 704 in
271 639 300 704 B
323 637 385 704 alio
408 638 477 702 loco
499 637 616 701 inserta
637 634 701 700 dno
729 634 856 699 omnino
878 634 996 698 omissa
1022 641 1111 711 sunt,
1138 654 1207 698 esse
1234 631 1351 698 addita
1374 672 1416 681 -
1438 633 1574 699 Restant
1595 656 1670 699 sane
1691 636 1790 712 varia,

130 766 209 830 quae
231 741 271 808 ad
287 741 425 806 codicem
439 739 475 808 V
498 738 737 805 describendum
759 747 914 826 spectant,
937 746 1012 802 sunt
1033 747 1137 802 tarnerr
1159 735 1325 815 eiusmodi,
1347 746 1383 801 nt
1403 737 1466 803 nisi
1487 736 1528 802 ad
1550 746 1669 803 ceteros
1690 738 1789 805 libros

131 871 169 912 ex
193 846 228 914 V
251 853 394 932 sumptos
418 842 628 909 aestimandos
652 867 762 930 panun
786 843 918 909 valcant.
961 864 1056 927 ‹prare
1078 840 1201 925 singula
1223 839 1452 919 adnotabimus,
1473 864 1536 927 qno
1558 864 1698 930 quaeque
1719 843 1790 907 loeo

135 949 264 1015 maximi
286 949 435 1014 momenti
458 957 540 1013 sunt,

81 1119 110 1183 1,
237 1108 266 1170 2.
288 1101 640 1169 LAMBETHANVS
668 1105 731 1170 325
758 1100 857 1166 codex
881 1101 1133 1167 membranaceus
1161 1099 1191 1164 in
1222 1101 1264 1164 4⁰
1286 1098 1401 1163 saeculi
1425 1099 1473 1177 X,
1500 1102 1630 1188 propior
1657 1126 1677 1168 a
1707 1126 1791 1169 nono

132 1231 227 1295 quarn
249 1208 289 1272 ab
304 1206 469 1271 undecimo
484 1205 618 1285 saeculo,
640 1206 689 1270 cui
712 1228 783 1270 curn
798 1205 941 1270 attribuit
955 1204 1115 1290 catalogus
1131 1201 1336 1268 bibliothecae
1351 1201 1593 1286 lambethense,
1616 1205 1791 1295 descriptus

132 1312 239 1376 estin
267 1310 369 1375 Pertzi
401 1310 553 1375 Ambivio
582 1309 656 1376 VII
683 1333 713 1397 p.
734 1312 903 1375 237-241
941 1317 972 1372 et
1004 1309 1036 1371 in
1066 1305 1306 1391 Zangerncisteri
1339 1304 1488 1371 relatione
1519 1306 1559 1372 de
1593 1309 1792 1377 bibliothecis

133 1415 268 1501 Angliae
290 1439 320 1502 p.
336 1420 377 1482 56
404 1424 436 1479 ct
463 1416 494 1479 iu
517 1413 639 1478 Harteli
667 1412 803 1477 editione
832 1410 958 1476 Ennodi
980 1435 1011 1498 p.
1026 1410 1090 1476 IV.
1134 1409 1251 1474 contuli
1281 1409 1347 1496 ipsc
1377 1408 1527 1475 Londini:
1557 1435 1628 1477 enm
1656 1413 1793 1502 plurima

133 1541 213 1605 (puae
234 1518 279 1583 illi
304 1519 549 1583 observaverunt
569 1541 640 1582 curn
663 1518 741 1582 meis
764 1515 1019 1582 adnotationibus
1035 1523 1220 1599 congruant,
1248 1512 1386 1578 codicem
1410 1523 1512 1581 tamen
1536 1526 1711 1605 temporum
1735 1519 1793 1583 iui-

134 1621 252 1707 quitate
265 1623 403 1706 grauiter
417 1621 574 1686 adflictum
591 1643 659 1686 csse
677 1643 764 1707 nego.
799 1642 898 1707 pauca
912 1619 995 1683 enirn
1009 1618 1085 1682 folia
1103 1619 1146 1681 ita
1161 1617 1272 1682 abrasa
1287 1627 1370 1697 srrnt,
1390 1627 1425 1683 nt
1436 1618 1557 1706 aliquot
1571 1621 1667 1686 verba
1681 1644 1793 1708 parum

134 1733 216 1789 certe
243 1724 304 1810 legi
330 1726 460 1811 possint.
505 1726 604 1811 magis
633 1748 669 1789 en
691 1747 724 1789 re
752 1724 855 1790 laesus
878 1735 941 1802 est,
970 1721 1056 1808 qnod
1083 1722 1137 1807 qui
1160 1721 1190 1785 L
1212 1719 1253 1786 ad
1275 1721 1434 1809 exemplar
1455 1724 1601 1803 correxit,
1629 1726 1794 1813 scripturis

135 1828 252 1914 primae
274 1851 385 1893 manus
407 1852 468 1893 non
486 1829 632 1916 pepercit.
669 1828 870 1915 inscriptione
891 1828 1020 1913 antiqua
1041 1835 1133 1905 caret,
1155 1847 1261 1889 recens
1284 1847 1394 1889 uranus
1418 1824 1599 1913 adscripsit:
1622 1828 1795 1894 Enncdircs

129 1937 233 2012 poete,
256 1942 348 2018 atque
370 1933 463 1997 etiam
486 1933 654 1997 recentiore
676 1955 769 1997 uranu
793 1933 825 1997 in
848 1932 924 1997 folio
945 1932 1046 2018 primo
1069 1931 1219 2017 scriptum
1241 1939 1290 1994 est
1311 1952 1437 1994 nomen:
1461 1930 1638 1995 LFocius.

238 2034 376 2114 ,Codicis
400 2035 429 2098 L
450 2037 644 2122 scripturas‘,
672 2035 773 2121 iuquit
794 2034 956 2100 Hartelius
980 2034 1000 2098 l.
1015 2057 1055 2114 c.,
1083 2042 1220 2121 ,propter
1248 2031 1457 2097 venerandam
1483 2034 1563 2099 inter
1589 2034 1795 2100 Ennodianm

136 2137 259 2203 codices
282 2147 414 2203 aetatem
437 2161 498 2201 non
522 2138 716 2225 seponendus
739 2161 808 2203 esse
829 2137 915 2203 duxi.
959 2138 1025 2202 eins
1049 2137 1146 2200 solius
1169 2159 1264 2222 opera
1294 2158 1348 2199 nec
1371 2135 1453 2201 ullus
1480 2136 1564 2223 quod
1587 2137 1683 2202 seiam
1706 2138 1795 2202 loeus

135 2243 262 2327 gravior
277 2242 441 2327 corrigitur
463 2240 554 2305 etad
577 2242 703 2306 alterius
724 2242 860 2307 familiae
882 2242 1013 2306 fonnnnr
1037 2240 1203 2326 genuinam
1219 2239 1442 2326 explorandam
1459 2240 1609 2307 Vaticani
1633 2242 1796 2328 integritas

137 2344 271 2409 sufficit!
303 2344 379 2409 haec
400 2343 526 2431 quidem
549 2367 624 2410 vera
646 2355 728 2425 srrnt,
751 2346 831 2410 ultra
854 2356 957 2410 tamen
980 2342 1240 2432 progrediendum
1267 2354 1322 2408 est.
1367 2343 1465 2408 codex
1488 2344 1518 2408 L
1539 2356 1671 2410 estnon
1694 2346 1797 2411 solunr

138 2450 314 2535 propinquo
336 2449 529 2533 cogitationis
551 2447 650 2534 gradu
674 2472 745 2513 cum
763 2448 922 2515 Vaticano
945 2448 1137 2525 coniunctus,
1160 2456 1194 2510 ut
1216 2457 1319 2511 censet
1342 2447 1514 2527 Hartelius,
1535 2447 1592 2513 sed
1613 2472 1652 2513 ex
1673 2448 1734 2514 boc
1756 2448 1798 2514 ad

139 2551 268 2616 verbum
291 2550 477 2638 descriptus.
516 2551 601 2637 quod
624 2551 665 2616 ad
687 2552 954 2638 comprobandum
977 2575 1040 2615 non
1063 2560 1133 2615 utar
1154 2550 1339 2615 lectionibus
1362 2573 1484 2637 semper·
1505 2551 1621 2638 ubique
1642 2552 1798 2638 congruis,

139 2677 201 2719 non
223 2664 350 2719 extenra
371 2654 585 2735 similitudine,
607 2679 687 2741 quac
709 2667 796 2721 tento
818 2667 874 2735 est,
897 2666 932 2720 ut
955 2658 984 2720 in
1008 2656 1117 2742 primis
1135 2663 1258 2718 centum
1277 2654 1371 2734 foliis,
1393 2677 1473 2741 quae
1494 2655 1617 2741 singula
1639 2655 1797 2742 quaternis

139 2758 292 2822 columnis
315 2759 527 2838 continentur,
550 2760 581 2822 in
606 2768 736 2846 utroque
763 2759 870 2825 codiee
892 2783 949 2848 par
971 2782 1098 2847 operuur
1122 2782 1268 2823 numerus
1292 2759 1425 2846 scriptus
1453 2759 1495 2824 sit
1522 2759 1607 2824 etin
1638 2761 1799 2847 utriusque

140 2863 242 2949 prima
277 2862 422 2927 coluuma
449 2863 607 2927 centesimi
643 2863 709 2928 folii
742 2865 929 2951 principium
965 2863 1141 2950 panegyrici
1172 2872 1290 2941 exstet;
1323 2885 1385 2927 non
1420 2864 1451 2927 in
1480 2862 1616 2927 medium
1643 2863 1798 2949 proferam

141 2964 265 3031 casdem
288 2966 450 3052 utriusque
472 2967 588 3032 librarii
611 2968 706 3032 miras
729 2978 918 3033 correcturas
947 2978 978 3033 et
1000 2967 1065 3031 stili
1088 2967 1212 3054 lapsus,
1241 2966 1374 3054 denique
1397 2990 1458 3032 non
1486 2968 1632 3033 omnibus
1654 2967 1801 3032 similitu·

142 3068 284 3148 dinibus,
311 3091 389 3154 quas
412 3069 612 3135 fortefortes
635 3093 703 3135 esse
730 3094 768 3136 nc
791 3071 908 3136 creduli
931 3070 1056 3158 quidem
1080 3069 1218 3149 credant,
1246 3071 1432 3136 enumeratis
1460 3073 1626 3157 legentium
1650 3072 1800 3159 patientia

144 3173 264 3253 abutar,
287 3174 442 3238 sufficient
464 3173 556 3239 lraec:

246 3277 492 3343 Memoravimns
515 3301 610 3365 supra
632 3280 664 3343 iu
687 3278 794 3343 codiee
811 3280 846 3346 V
868 3279 977 3344 folium
995 3281 1036 3343 64
1059 3279 1145 3342 nriris
1170 3278 1254 3343 lriarc
1277 3278 1412 3344 lacunis:
1436 3280 1492 3344 has
1514 3279 1659 3345 librarius
1682 3277 1799 3343 codicis

144 3384 172 3447 L
201 3382 334 3447 ridicula
361 3405 431 3446 curn
460 3381 620 3467 diligentia
650 3384 682 3447 in
717 3383 869 3449 columnis
898 3384 988 3448 aliter
1018 3381 1194 3446 distributis
1224 3381 1374 3462 reddidit,
1406 3394 1439 3448 ut
1471 3381 1614 3447 ‹ondicio
1641 3383 1801 3469 utriusque

144 3486 216 3552 libri
239 3486 315 3551 haec
338 3487 395 3550 sit:

886 3639 983 3704 ‹olex
1009 3639 1058 3706 V:

271 3760 324 3842 sol.
342 3764 383 3823 64
406 3760 502 3825 0062
557 3760 612 3824 col.
628 3765 650 3823 3
999 3761 1090 3824 0064
1437 3761 1665 3841 [06660061

273 3887 323 3950 op.
339 3863 440 3930 XCV
558 3888 608 3951 op.
624 3863 805 3928 CDLXIX
1439 3888 1489 3951 op
1504 3865 1622 3932 XCVI

274 3971 315 4033 22
338 3968 436 4031 lineae
461 3991 533 4032 exa-
560 3972 580 4031 3
603 3967 655 4032 liu.
680 3991 747 4032 vae.
999 3971 1040 4032 25
1065 3966 1118 4030 liu.
1141 3989 1207 4030 vae.
1503 3980 1560 4035 ete.

339 4079 423 4134 ratae
559 4093 609 4155 op.
625 4068 789 4134 CDLXII
999 4093 1049 4156 op.
1065 4069 1226 4133 CDLXX

277 4176 435 4241 Vvaenae
559 4172 655 4237 llio.
678 4196 746 4238 rae.

560 4300 610 4363 op.
627 4276 790 4343 CDLXV

558 4388 577 4449 3
600 4381 653 4446 lin.
677 4404 743 4448 vae.

894 4503 992 4569 codex
1015 4504 1057 4570 lr:

278 4623 331 4705 sol.
348 4625 389 4687 64
412 4624 467 4690 eol.
483 4630 504 4687 3
562 4624 653 4692 cota
1002 4623 1229 4708 sol.6:icol.1
1443 4631 1538 4697 col2

279 4752 329 4817 op.
345 4726 444 4795 XCV
563 4733 581 4795 7
605 4730 657 4795 liu.
680 4753 746 4795 vac.
1002 4754 1051 4817 op.
1067 4729 1231 4796 CDLXV
1255 4755 1284 4796 ι’.
1299 4734 1319 4797 4
1332 4737 1383 4800 --6
1443 4761 1493 4825 up.
1509 4736 1626 4804 XCV]

279 4843 343 4897 totu
365 4832 509 4897 colunum
563 4858 613 4920 op.
628 4832 806 4898 CDLXIX
1002 4838 1040 4900 21
1066 4835 1119 4900 liu.
1143 4859 1209 4900 vac.
1507 4853 1563 4907 ete.

343 4946 468 5002 exarata
563 4943 582 5002 :l
605 4937 658 5002 lin.
681 4961 747 5003 vac.
1003 4961 1052 5023 op.
1068 4938 1227 5003 CDLXX

563 5064 612 5128 op.
628 5039 791 5106 CDLXII

564 5144 656 5209 llio.
680 5167 746 5209 voc.

563 5247 946 5334 mmmmm

255 5418 295 5483 Ιιι
317 5419 393 5485 folio
415 5421 456 5487 67
480 5418 599 5484 codicis
623 5420 657 5487 V
681 5420 761 5485 duae
783 5376 935 5508 epistulae
957 5420 1070 5502 (CVII
1089 5434 1120 5486 et
1135 5421 1267 5501 CVIII)
1290 5421 1428 5509 undique
1451 5426 1574 5511 punctis
1597 5426 1806 5494 circumdatae

154 5536 234 5605 sunt,
256 5523 342 5611 quod
363 5525 516 5609 sagrreiter
538 5525 716 5590 observavit
740 5524 863 5591 Usener
889 5523 1005 5605 (00006.
1028 5525 1124 5612 Hold
1140 5551 1169 5614 p.
1188 5529 1251 5607 13),
1282 5524 1406 5591 Harteli
1428 5527 1603 5595 arlrniuistri
1625 5532 1806 5599 omiscurnt.
