<?xml version="1.0" encoding="UTF-8"?>
<!DOCTYPE html PUBLIC "-//W3C//DTD XHTML 1.0 Transitional//EN"
    "http://www.w3.org/TR/xhtml1/DTD/xhtml1-transitional.dtd">
<html xmlns="http://www.w3.org/1999/xhtml" xml:lang="en" lang="en">
 <head>
  <title>
</title>
<meta http-equiv="Content-Type" content="text/html;charset=utf-8" />
  <meta name='ocr-system' content='tesseract 3.04.00' />
  <meta name='ocr-capabilities' content='ocr_page ocr_carea ocr_par ocr_line ocrx_word'/>
</head>
<body>
  <div class='ocr_page' id='page_1' title='image "./magnifelicisenn00vogegoog_0280.png"; bbox 0 0 4500 6232; ppageno 0'>
   <div class='ocr_carea' id='block_1_1' title="bbox 300 269 1300 345">
    <p class='ocr_par' dir='ltr' id='par_1_1' title="bbox 300 269 1300 345">
     <span class='ocr_line' id='line_1_1' title="bbox 300 269 1300 345; baseline -0.013 -8"><span class='ocrx_word' id='word_1_1' title='bbox 300 280 363 345; x_wconf 82' lang='lat'><strong>208</strong></span> <span class='ocrx_word' id='word_1_2' title='bbox 958 271 1093 329; x_wconf 82' lang='lat' dir='ltr'><strong>OOthll</strong></span> <span class='ocrx_word' id='word_1_3' title='bbox 1111 269 1245 339; x_wconf 79' lang='lat' dir='ltr'><strong>(OPUSG.</strong></span> <span class='ocrx_word' id='word_1_4' title='bbox 1265 270 1300 337; x_wconf 90' lang='grc'><strong>1).</strong></span> 
     </span>
    </p>
   </div>
   <div class='ocr_carea' id='block_1_2' title="bbox 246 442 2053 3537">
    <p class='ocr_par' dir='ltr' id='par_1_2' title="bbox 246 442 2053 3537">
     <span class='ocr_line' id='line_1_2' title="bbox 300 442 1965 535; baseline -0.004 -19"><span class='ocrx_word' id='word_1_5' title='bbox 300 452 467 518; x_wconf 82' lang='lat' dir='ltr'><strong>Veronam</strong></span> <span class='ocrx_word' id='word_1_6' title='bbox 497 456 584 515; x_wconf 90' lang='lat' dir='ltr'><strong>tuam</strong></span> <span class='ocrx_word' id='word_1_7' title='bbox 615 453 775 535; x_wconf 88' lang='lat' dir='ltr'><strong>apparatu</strong></span> <span class='ocrx_word' id='word_1_8' title='bbox 804 445 908 512; x_wconf 91' lang='lat' dir='ltr'><strong>nobili</strong></span> <span class='ocrx_word' id='word_1_9' title='bbox 939 446 1024 510; x_wconf 86' lang='lat' dir='ltr'><strong>laxis</strong></span> <span class='ocrx_word' id='word_1_10' title='bbox 1058 443 1210 509; x_wconf 90' lang='lat' dir='ltr'><strong>manibus</strong></span> <span class='ocrx_word' id='word_1_11' title='bbox 1247 462 1358 529; x_wconf 89' lang='lat' dir='ltr'><strong>pugna</strong></span> <span class='ocrx_word' id='word_1_12' title='bbox 1395 442 1618 509; x_wconf 76' lang='lat' dir='ltr'>instruebatur</span> <span class='ocrx_word' id='word_1_13' title='bbox 1651 442 1827 532; x_wconf 87' lang='lat' dir='ltr'><strong>inpendiis.</strong></span> <span class='ocrx_word' id='word_1_14' title='bbox 1876 442 1965 509; x_wconf 89' lang='lat' dir='ltr'><strong>nihil</strong></span> 
     </span>
     <span class='ocr_line' id='line_1_3' title="bbox 299 546 1963 629; baseline -0.003 -9"><span class='ocrx_word' id='word_1_15' title='bbox 299 554 416 620; x_wconf 87' lang='lat' dir='ltr'><strong>lortius</strong></span> <span class='ocrx_word' id='word_1_16' title='bbox 439 552 636 618; x_wconf 89' lang='lat' dir='ltr'><strong>adversariis</strong></span> <span class='ocrx_word' id='word_1_17' title='bbox 659 551 724 617; x_wconf 91' lang='lat' dir='ltr'><strong>tuis</strong></span> <span class='ocrx_word' id='word_1_18' title='bbox 740 555 816 615; x_wconf 90' lang='lat' dir='ltr'><strong>ante</strong></span> <span class='ocrx_word' id='word_1_19' title='bbox 832 552 945 629; x_wconf 88' lang='lat' dir='ltr'><strong>aciem,</strong></span> <span class='ocrx_word' id='word_1_20' title='bbox 971 546 1028 614; x_wconf 90' lang='lat' dir='ltr'><strong>sed</strong></span> <span class='ocrx_word' id='word_1_21' title='bbox 1046 568 1120 613; x_wconf 91' lang='lat' dir='ltr'><strong>cum</strong></span> <span class='ocrx_word' id='word_1_22' title='bbox 1135 547 1291 613; x_wconf 89' lang='lat' dir='ltr'><strong>bellicum</strong></span> <span class='ocrx_word' id='word_1_23' title='bbox 1309 547 1499 611; x_wconf 89' lang='lat' dir='ltr'><strong>cecinerunt</strong></span> <span class='ocrx_word' id='word_1_24' title='bbox 1514 546 1665 629; x_wconf 88' lang='lat' dir='ltr'><strong>classica,</strong></span> <span class='ocrx_word' id='word_1_25' title='bbox 1687 546 1771 613; x_wconf 85' lang='lat' dir='ltr'><strong>nihil</strong></span> <span class='ocrx_word' id='word_1_26' title='bbox 1786 547 1963 615; x_wconf 83' lang='lat' dir='ltr'><strong>infirmius.</strong></span> 
     </span>
     <span class='ocr_line' id='line_1_4' title="bbox 300 649 1962 740; baseline -0.004 -16"><span class='ocrx_word' id='word_1_27' title='bbox 300 658 445 724; x_wconf 89' lang='lat' dir='ltr'><strong>maxima</strong></span> <span class='ocrx_word' id='word_1_28' title='bbox 472 657 505 720; x_wconf 90' lang='lat' dir='ltr'><strong>iu</strong></span> <span class='ocrx_word' id='word_1_29' title='bbox 532 656 717 721; x_wconf 90' lang='lat' dir='ltr'><strong>luctaminis</strong></span> <span class='ocrx_word' id='word_1_30' title='bbox 747 653 963 740; x_wconf 79' lang='lat' dir='ltr'>promissione</span> <span class='ocrx_word' id='word_1_31' title='bbox 991 653 1092 717; x_wconf 88' lang='lat' dir='ltr'><strong>virtus</strong></span> <span class='ocrx_word' id='word_1_32' title='bbox 1121 658 1168 729; x_wconf 90' lang='lat' dir='ltr'><strong>et,</strong></span> <span class='ocrx_word' id='word_1_33' title='bbox 1200 652 1228 715; x_wconf 92' lang='lat' dir='ltr'><strong>si</strong></span> <span class='ocrx_word' id='word_1_34' title='bbox 1257 650 1423 715; x_wconf 86' lang='lat' dir='ltr'><strong>sufficeret</strong></span> <span class='ocrx_word' id='word_1_35' title='bbox 1451 650 1564 737; x_wconf 90' lang='lat' dir='ltr'><strong>lingua</strong></span> <span class='ocrx_word' id='word_1_36' title='bbox 1585 671 1645 737; x_wconf 93' lang='lat' dir='ltr'><strong>pro</strong></span> <span class='ocrx_word' id='word_1_37' title='bbox 1669 649 1831 733; x_wconf 89' lang='lat' dir='ltr'><strong>dexteris,</strong></span> <span class='ocrx_word' id='word_1_38' title='bbox 1862 652 1962 739; x_wconf 88' lang='lat' dir='ltr'><strong>copia</strong></span> 
     </span>
     <span class='ocr_line' id='line_1_5' title="bbox 246 754 1961 841; baseline -0.003 -16"><span class='ocrx_word' id='word_1_39' title='bbox 246 763 427 827; x_wconf 77' lang='lat' dir='ltr'><strong>ltlsumma</strong></span> <span class='ocrx_word' id='word_1_40' title='bbox 454 760 637 824; x_wconf 89' lang='lat' dir='ltr'><strong>verbomm.</strong></span> <span class='ocrx_word' id='word_1_41' title='bbox 682 759 806 823; x_wconf 89' lang='lat' dir='ltr'><strong>electus</strong></span> <span class='ocrx_word' id='word_1_42' title='bbox 835 762 887 821; x_wconf 90' lang='lat' dir='ltr'><strong>est</strong></span> <span class='ocrx_word' id='word_1_43' title='bbox 909 758 1053 820; x_wconf 88' lang='lat' dir='ltr'><strong>locorum</strong></span> <span class='ocrx_word' id='word_1_44' title='bbox 1078 754 1175 833; x_wconf 91' lang='lat' dir='ltr'><strong>situs,</strong></span> <span class='ocrx_word' id='word_1_45' title='bbox 1204 774 1267 818; x_wconf 93' lang='lat' dir='ltr'><strong>nou</strong></span> <span class='ocrx_word' id='word_1_46' title='bbox 1291 760 1357 818; x_wconf 90' lang='lat' dir='ltr'><strong>tam</strong></span> <span class='ocrx_word' id='word_1_47' title='bbox 1381 754 1574 839; x_wconf 88' lang='lat' dir='ltr'><strong>congressui</strong></span> <span class='ocrx_word' id='word_1_48' title='bbox 1595 754 1686 819; x_wconf 94' lang='lat' dir='ltr'><strong>utilis</strong></span> <span class='ocrx_word' id='word_1_49' title='bbox 1709 774 1807 840; x_wconf 91' lang='lat' dir='ltr'><strong>quam</strong></span> <span class='ocrx_word' id='word_1_50' title='bbox 1830 754 1961 841; x_wconf 87' lang='lat' dir='ltr'><strong>pavori,</strong></span> 
     </span>
     <span class='ocr_line' id='line_1_6' title="bbox 298 856 2040 951; baseline -0.005 -21"><span class='ocrx_word' id='word_1_51' title='bbox 298 863 510 951; x_wconf 82' lang='lat' dir='ltr'><strong>providentes</strong></span> <span class='ocrx_word' id='word_1_52' title='bbox 538 883 579 926; x_wconf 93' lang='lat' dir='ltr'><strong>ne</strong></span> <span class='ocrx_word' id='word_1_53' title='bbox 608 861 828 925; x_wconf 75' lang='lat' dir='ltr'><strong>ascriberetur</strong></span> <span class='ocrx_word' id='word_1_54' title='bbox 859 861 950 925; x_wconf 92' lang='lat' dir='ltr'><strong>casui</strong></span> <span class='ocrx_word' id='word_1_55' title='bbox 978 859 1083 946; x_wconf 91' lang='lat' dir='ltr'><strong>prima</strong></span> <span class='ocrx_word' id='word_1_56' title='bbox 1110 865 1143 922; x_wconf 92' lang='lat' dir='ltr'><strong>et</strong></span> <span class='ocrx_word' id='word_1_57' title='bbox 1171 856 1330 922; x_wconf 88' lang='lat' dir='ltr'><strong>discessio</strong></span> <span class='ocrx_word' id='word_1_58' title='bbox 1359 857 1580 943; x_wconf 77' lang='lat' dir='ltr'><strong>perfugarum.</strong></span> <span class='ocrx_word' id='word_1_59' title='bbox 1625 864 1659 923; x_wconf 93' lang='lat' dir='ltr'><strong>et</strong></span> <span class='ocrx_word' id='word_1_60' title='bbox 1683 866 1792 925; x_wconf 89' lang='lat' dir='ltr'><strong>tamen</strong></span> <span class='ocrx_word' id='word_1_61' title='bbox 1814 856 1960 923; x_wconf 89' lang='lat' dir='ltr'><strong>candida</strong></span> <span class='ocrx_word' id='word_1_62' title='bbox 2027 879 2040 915; x_wconf 65' lang='grc' dir='ltr'>ι</span> 
     </span>
     <span class='ocr_line' id='line_1_7' title="bbox 299 960 1962 1053; baseline -0.004 -20"><span class='ocrx_word' id='word_1_63' title='bbox 299 967 500 1053; x_wconf 88' lang='lat' dir='ltr'><strong>reipublicae</strong></span> <span class='ocrx_word' id='word_1_64' title='bbox 522 966 655 1029; x_wconf 86' lang='lat' dir='ltr'><strong>fortuna</strong></span> <span class='ocrx_word' id='word_1_65' title='bbox 677 964 911 1050; x_wconf 90' lang='lat' dir='ltr'><strong>perurguebat‚</strong></span> <span class='ocrx_word' id='word_1_66' title='bbox 935 984 976 1028; x_wconf 92' lang='lat' dir='ltr'><strong>ue</strong></span> <span class='ocrx_word' id='word_1_67' title='bbox 1001 968 1118 1047; x_wconf 89' lang='lat' dir='ltr'><strong>coepto</strong></span> <span class='ocrx_word' id='word_1_68' title='bbox 1142 960 1331 1026; x_wconf 88' lang='lat' dir='ltr'><strong>desisteres.</strong></span> <span class='ocrx_word' id='word_1_69' title='bbox 1367 960 1494 1026; x_wconf 90' lang='lat' dir='ltr'><strong>itineris</strong></span> <span class='ocrx_word' id='word_1_70' title='bbox 1511 963 1559 1025; x_wconf 89' lang='lat' dir='ltr'><strong>tui</strong></span> <span class='ocrx_word' id='word_1_71' title='bbox 1574 981 1767 1048; x_wconf 88' lang='lat' dir='ltr'><strong>permensus</strong></span> <span class='ocrx_word' id='word_1_72' title='bbox 1783 961 1962 1027; x_wconf 86' lang='lat' dir='ltr'><strong>intervalla</strong></span> 
     </span>
     <span class='ocr_line' id='line_1_8' title="bbox 300 1064 1961 1156; baseline -0.004 -20"><span class='ocrx_word' id='word_1_73' title='bbox 300 1069 503 1156; x_wconf 79' lang='lat' dir='ltr'><strong>conspexisti</strong></span> <span class='ocrx_word' id='word_1_74' title='bbox 525 1069 618 1153; x_wconf 91' lang='lat' dir='ltr'><strong>ignes</strong></span> <span class='ocrx_word' id='word_1_75' title='bbox 647 1067 790 1131; x_wconf 90' lang='lat' dir='ltr'><strong>hostium</strong></span> <span class='ocrx_word' id='word_1_76' title='bbox 819 1074 979 1132; x_wconf 87' lang='lat' dir='ltr'><strong>astrorum</strong></span> <span class='ocrx_word' id='word_1_77' title='bbox 1007 1086 1098 1129; x_wconf 92' lang='lat' dir='ltr'><strong>more</strong></span> <span class='ocrx_word' id='word_1_78' title='bbox 1126 1064 1312 1135; x_wconf 78' lang='lat' dir='ltr'><strong>rutilantes,</strong></span> <span class='ocrx_word' id='word_1_79' title='bbox 1343 1073 1378 1128; x_wconf 92' lang='lat' dir='ltr'><strong>ut</strong></span> <span class='ocrx_word' id='word_1_80' title='bbox 1401 1064 1427 1128; x_wconf 92' lang='lat' dir='ltr'><strong>si</strong></span> <span class='ocrx_word' id='word_1_81' title='bbox 1451 1064 1627 1149; x_wconf 87' lang='lat' dir='ltr'><strong>aliquando</strong></span> <span class='ocrx_word' id='word_1_82' title='bbox 1650 1065 1711 1131; x_wconf 92' lang='lat' dir='ltr'><strong>tibi</strong></span> <span class='ocrx_word' id='word_1_83' title='bbox 1733 1065 1853 1131; x_wconf 82' lang='lat' dir='ltr'><strong>luisset</strong></span> <span class='ocrx_word' id='word_1_84' title='bbox 1877 1070 1961 1131; x_wconf 92' lang='lat' dir='ltr'><strong>nota</strong></span> 
     </span>
     <span class='ocr_line' id='line_1_9' title="bbox 246 1168 1960 1257; baseline 0 -24"><span class='ocrx_word' id='word_1_85' title='bbox 246 1174 281 1233; x_wconf 82' lang='lat' dir='ltr'><strong>ll</strong></span> <span class='ocrx_word' id='word_1_86' title='bbox 299 1173 449 1253; x_wconf 83' lang='lat' dir='ltr'><strong>formido,</strong></span> <span class='ocrx_word' id='word_1_87' title='bbox 473 1173 505 1236; x_wconf 90' lang='lat' dir='ltr'><strong>in</strong></span> <span class='ocrx_word' id='word_1_88' title='bbox 529 1171 701 1257; x_wconf 90' lang='lat' dir='ltr'><strong>abmptum</strong></span> <span class='ocrx_word' id='word_1_89' title='bbox 725 1178 758 1234; x_wconf 91' lang='lat' dir='ltr'><strong>te</strong></span> <span class='ocrx_word' id='word_1_90' title='bbox 782 1168 927 1256; x_wconf 90' lang='lat' dir='ltr'><strong>pendere</strong></span> <span class='ocrx_word' id='word_1_91' title='bbox 950 1168 1136 1233; x_wconf 79' lang='lat' dir='ltr'><strong>didicisses.</strong></span> <span class='ocrx_word' id='word_1_92' title='bbox 1173 1188 1350 1253; x_wconf 89' lang='lat' dir='ltr'><strong>numquam</strong></span> <span class='ocrx_word' id='word_1_93' title='bbox 1366 1168 1466 1232; x_wconf 88' lang='lat' dir='ltr'><strong>animi</strong></span> <span class='ocrx_word' id='word_1_94' title='bbox 1484 1169 1531 1231; x_wconf 92' lang='lat' dir='ltr'><strong>tui</strong></span> <span class='ocrx_word' id='word_1_95' title='bbox 1548 1173 1652 1233; x_wconf 88' lang='lat' dir='ltr'><strong>status</strong></span> <span class='ocrx_word' id='word_1_96' title='bbox 1667 1176 1724 1233; x_wconf 91' lang='lat' dir='ltr'><strong>aut</strong></span> <span class='ocrx_word' id='word_1_97' title='bbox 1739 1168 1960 1234; x_wconf 88' lang='lat' dir='ltr'><strong>secundarum</strong></span> 
     </span>
     <span class='ocr_line' id='line_1_10' title="bbox 300 1261 2052 1357; baseline -0.003 -16"><span class='ocrx_word' id='word_1_98' title='bbox 300 1297 409 1343; x_wconf 89' lang='lat' dir='ltr'><strong>rerum</strong></span> <span class='ocrx_word' id='word_1_99' title='bbox 439 1283 566 1340; x_wconf 90' lang='lat' dir='ltr'><strong>tumore</strong></span> <span class='ocrx_word' id='word_1_100' title='bbox 596 1276 703 1338; x_wconf 85' lang='lat' dir='ltr'><strong>elatus</strong></span> <span class='ocrx_word' id='word_1_101' title='bbox 726 1281 778 1338; x_wconf 92' lang='lat' dir='ltr'><strong>est</strong></span> <span class='ocrx_word' id='word_1_102' title='bbox 799 1283 856 1338; x_wconf 90' lang='lat' dir='ltr'><strong>aut</strong></span> <span class='ocrx_word' id='word_1_103' title='bbox 878 1273 984 1337; x_wconf 90' lang='lat' dir='ltr'><strong>dubiis</strong></span> <span class='ocrx_word' id='word_1_104' title='bbox 1008 1272 1185 1357; x_wconf 89' lang='lat' dir='ltr'><strong>adquievit.</strong></span> <span class='ocrx_word' id='word_1_105' title='bbox 1231 1271 1377 1336; x_wconf 89' lang='lat' dir='ltr'><strong>instabat</strong></span> <span class='ocrx_word' id='word_1_106' title='bbox 1400 1270 1548 1336; x_wconf 90' lang='lat' dir='ltr'><strong>certandi</strong></span> <span class='ocrx_word' id='word_1_107' title='bbox 1571 1271 1642 1337; x_wconf 89' lang='lat' dir='ltr'><strong>dies</strong></span> <span class='ocrx_word' id='word_1_108' title='bbox 1666 1273 1776 1337; x_wconf 90' lang='lat' dir='ltr'><strong>multis</strong></span> <span class='ocrx_word' id='word_1_109' title='bbox 1799 1261 1958 1338; x_wconf 79' lang='lat' dir='ltr'><strong>tenebras</strong></span> <span class='ocrx_word' id='word_1_110' title='bbox 1972 1300 1997 1343; x_wconf 74' lang='lat' dir='ltr'><strong>n</strong></span> <span class='ocrx_word' id='word_1_111' title='bbox 2011 1294 2052 1335; x_wconf 78' lang='lat' dir='ltr'><strong>aas</strong></span> 
     </span>
     <span class='ocr_line' id='line_1_11' title="bbox 300 1374 2043 1464; baseline -0.005 -18"><span class='ocrx_word' id='word_1_112' title='bbox 300 1379 462 1446; x_wconf 82' lang='lat' dir='ltr'><strong>adlatura.</strong></span> <span class='ocrx_word' id='word_1_113' title='bbox 505 1399 578 1443; x_wconf 91' lang='lat' dir='ltr'><strong>cum</strong></span> <span class='ocrx_word' id='word_1_114' title='bbox 602 1378 741 1464; x_wconf 92' lang='lat' dir='ltr'><strong>primum</strong></span> <span class='ocrx_word' id='word_1_115' title='bbox 763 1399 882 1443; x_wconf 91' lang='lat' dir='ltr'><strong>aurora</strong></span> <span class='ocrx_word' id='word_1_116' title='bbox 903 1375 990 1462; x_wconf 84' lang='lat' dir='ltr'><strong>bigis</strong></span> <span class='ocrx_word' id='word_1_117' title='bbox 1013 1377 1045 1439; x_wconf 89' lang='lat' dir='ltr'><strong>in</strong></span> <span class='ocrx_word' id='word_1_118' title='bbox 1068 1377 1193 1440; x_wconf 89' lang='lat' dir='ltr'><strong>croceis</strong></span> <span class='ocrx_word' id='word_1_119' title='bbox 1217 1384 1324 1440; x_wconf 91' lang='lat' dir='ltr'><strong>ortum</strong></span> <span class='ocrx_word' id='word_1_120' title='bbox 1347 1375 1470 1440; x_wconf 88' lang='lat' dir='ltr'><strong>iubaris</strong></span> <span class='ocrx_word' id='word_1_121' title='bbox 1494 1374 1657 1451; x_wconf 90' lang='lat' dir='ltr'><strong>indicavit,</strong></span> <span class='ocrx_word' id='word_1_122' title='bbox 1680 1397 1753 1441; x_wconf 91' lang='lat' dir='ltr'><strong>cum</strong></span> <span class='ocrx_word' id='word_1_123' title='bbox 1775 1375 1816 1441; x_wconf 89' lang='lat' dir='ltr'><strong>de</strong></span> <span class='ocrx_word' id='word_1_124' title='bbox 1840 1375 1959 1441; x_wconf 88' lang='lat' dir='ltr'><strong>oceani</strong></span> <span class='ocrx_word' id='word_1_125' title='bbox 2017 1404 2043 1441; x_wconf 75' lang='lat' dir='ltr'><strong>ro</strong></span> 
     </span>
     <span class='ocr_line' id='line_1_12' title="bbox 300 1478 1961 1569; baseline -0.002 -22"><span class='ocrx_word' id='word_1_126' title='bbox 300 1482 443 1569; x_wconf 86' lang='lat' dir='ltr'><strong>lymphis</strong></span> <span class='ocrx_word' id='word_1_127' title='bbox 472 1482 551 1547; x_wconf 91' lang='lat' dir='ltr'><strong>solis</strong></span> <span class='ocrx_word' id='word_1_128' title='bbox 582 1482 713 1547; x_wconf 88' lang='lat' dir='ltr'><strong>flamma</strong></span> <span class='ocrx_word' id='word_1_129' title='bbox 743 1481 899 1553; x_wconf 83' lang='lat' dir='ltr'><strong>surrexit,</strong></span> <span class='ocrx_word' id='word_1_130' title='bbox 929 1480 995 1543; x_wconf 89' lang='lat' dir='ltr'><strong>iam</strong></span> <span class='ocrx_word' id='word_1_131' title='bbox 1023 1499 1156 1544; x_wconf 89' lang='lat' dir='ltr'><strong>raucum</strong></span> <span class='ocrx_word' id='word_1_132' title='bbox 1188 1480 1308 1545; x_wconf 89' lang='lat' dir='ltr'><strong>bucina</strong></span> <span class='ocrx_word' id='word_1_133' title='bbox 1337 1478 1568 1551; x_wconf 87' lang='lat' dir='ltr'><strong>concinebant,</strong></span> <span class='ocrx_word' id='word_1_134' title='bbox 1596 1479 1662 1543; x_wconf 91' lang='lat' dir='ltr'><strong>iam</strong></span> <span class='ocrx_word' id='word_1_135' title='bbox 1689 1487 1722 1544; x_wconf 89' lang='lat' dir='ltr'><strong>te</strong></span> <span class='ocrx_word' id='word_1_136' title='bbox 1753 1479 1802 1543; x_wconf 93' lang='lat' dir='ltr'><strong>sui</strong></span> <span class='ocrx_word' id='word_1_137' title='bbox 1833 1478 1961 1544; x_wconf 90' lang='lat' dir='ltr'><strong>oblitus</strong></span> 
     </span>
     <span class='ocr_line' id='line_1_13' title="bbox 247 1579 1961 1672; baseline -0.002 -22"><span class='ocrx_word' id='word_1_138' title='bbox 247 1586 481 1672; x_wconf 62' lang='lat' dir='ltr'><strong>liquescebat</strong></span> <span class='ocrx_word' id='word_1_139' title='bbox 513 1584 690 1653; x_wconf 86' lang='lat' dir='ltr'><strong>exercitus.</strong></span> <span class='ocrx_word' id='word_1_140' title='bbox 741 1585 795 1670; x_wconf 92' lang='lat' dir='ltr'><strong>qui</strong></span> <span class='ocrx_word' id='word_1_141' title='bbox 830 1582 907 1647; x_wconf 93' lang='lat' dir='ltr'><strong>dum</strong></span> <span class='ocrx_word' id='word_1_142' title='bbox 941 1582 1151 1647; x_wconf 90' lang='lat' dir='ltr'><strong>munimentis</strong></span> <span class='ocrx_word' id='word_1_143' title='bbox 1181 1580 1330 1667; x_wconf 84' lang='lat' dir='ltr'><strong>chalybis</strong></span> <span class='ocrx_word' id='word_1_144' title='bbox 1360 1587 1476 1667; x_wconf 90' lang='lat' dir='ltr'><strong>pectus</strong></span> <span class='ocrx_word' id='word_1_145' title='bbox 1511 1580 1711 1661; x_wconf 80' lang='lat' dir='ltr'><strong>includeres,</strong></span> <span class='ocrx_word' id='word_1_146' title='bbox 1748 1579 1826 1646; x_wconf 92' lang='lat' dir='ltr'><strong>dum</strong></span> <span class='ocrx_word' id='word_1_147' title='bbox 1853 1581 1961 1649; x_wconf 89' lang='lat' dir='ltr'><strong>ocreis</strong></span> 
     </span>
     <span class='ocr_line' id='line_1_14' title="bbox 299 1683 1961 1771; baseline -0.002 -17"><span class='ocrx_word' id='word_1_148' title='bbox 299 1710 480 1765; x_wconf 91' lang='lat' dir='ltr'><strong>armarere,</strong></span> <span class='ocrx_word' id='word_1_149' title='bbox 515 1687 592 1753; x_wconf 90' lang='lat' dir='ltr'><strong>dum</strong></span> <span class='ocrx_word' id='word_1_150' title='bbox 626 1689 722 1754; x_wconf 92' lang='lat' dir='ltr'><strong>lateri</strong></span> <span class='ocrx_word' id='word_1_151' title='bbox 757 1693 813 1751; x_wconf 91' lang='lat' dir='ltr'><strong>tuo</strong></span> <span class='ocrx_word' id='word_1_152' title='bbox 843 1684 965 1750; x_wconf 88' lang='lat' dir='ltr'><strong>vindex</strong></span> <span class='ocrx_word' id='word_1_153' title='bbox 999 1684 1159 1749; x_wconf 90' lang='lat' dir='ltr'><strong>libertatis</strong></span> <span class='ocrx_word' id='word_1_154' title='bbox 1194 1683 1322 1771; x_wconf 77' lang='lat' dir='ltr'><strong>gladius</strong></span> <span class='ocrx_word' id='word_1_155' title='bbox 1355 1690 1534 1771; x_wconf 89' lang='lat' dir='ltr'><strong>aptaretur,</strong></span> <span class='ocrx_word' id='word_1_156' title='bbox 1570 1692 1717 1751; x_wconf 87' lang='lat' dir='ltr'><strong>sanctam</strong></span> <span class='ocrx_word' id='word_1_157' title='bbox 1751 1690 1890 1751; x_wconf 88' lang='lat' dir='ltr'><strong>matrem</strong></span> <span class='ocrx_word' id='word_1_158' title='bbox 1925 1692 1961 1750; x_wconf 93' lang='lat' dir='ltr'><strong>et</strong></span> 
     </span>
     <span class='ocr_line' id='line_1_15' title="bbox 301 1787 1962 1876; baseline -0.002 -19"><span class='ocrx_word' id='word_1_159' title='bbox 301 1793 525 1859; x_wconf 89' lang='lat' dir='ltr'><strong>venerabilem</strong></span> <span class='ocrx_word' id='word_1_160' title='bbox 553 1812 713 1865; x_wconf 88' lang='lat' dir='ltr'><strong>sororem,</strong></span> <span class='ocrx_word' id='word_1_161' title='bbox 746 1811 830 1876; x_wconf 90' lang='lat' dir='ltr'><strong>quae</strong></span> <span class='ocrx_word' id='word_1_162' title='bbox 857 1789 899 1855; x_wconf 88' lang='lat' dir='ltr'><strong>ad</strong></span> <span class='ocrx_word' id='word_1_163' title='bbox 927 1797 961 1853; x_wconf 91' lang='lat' dir='ltr'><strong>te</strong></span> <span class='ocrx_word' id='word_1_164' title='bbox 992 1788 1184 1873; x_wconf 76' lang='lat' dir='ltr'><strong>diligentiae</strong></span> <span class='ocrx_word' id='word_1_165' title='bbox 1212 1808 1313 1853; x_wconf 89' lang='lat' dir='ltr'><strong>causa</strong></span> <span class='ocrx_word' id='word_1_166' title='bbox 1335 1795 1571 1871; x_wconf 88' lang='lat' dir='ltr'><strong>couvenerant,</strong></span> <span class='ocrx_word' id='word_1_167' title='bbox 1600 1787 1678 1853; x_wconf 91' lang='lat' dir='ltr'><strong>dum</strong></span> <span class='ocrx_word' id='word_1_168' title='bbox 1699 1789 1785 1854; x_wconf 87' lang='lat' dir='ltr'><strong>inter</strong></span> <span class='ocrx_word' id='word_1_169' title='bbox 1807 1808 1902 1875; x_wconf 89' lang='lat' dir='ltr'><strong>spem</strong></span> <span class='ocrx_word' id='word_1_170' title='bbox 1924 1794 1962 1855; x_wconf 90' lang='lat' dir='ltr'><strong>et</strong></span> 
     </span>
     <span class='ocr_line' id='line_1_16' title="bbox 301 1891 2044 1983; baseline -0.002 -22"><span class='ocrx_word' id='word_1_171' title='bbox 301 1902 424 1961; x_wconf 89' lang='lat' dir='ltr'><strong>metum</strong></span> <span class='ocrx_word' id='word_1_172' title='bbox 458 1897 602 1961; x_wconf 87' lang='lat' dir='ltr'><strong>feminea</strong></span> <span class='ocrx_word' id='word_1_173' title='bbox 640 1893 826 1960; x_wconf 90' lang='lat' dir='ltr'><strong>sollicitudo</strong></span> <span class='ocrx_word' id='word_1_174' title='bbox 864 1891 1039 1979; x_wconf 90' lang='lat' dir='ltr'><strong>penderet,</strong></span> <span class='ocrx_word' id='word_1_175' title='bbox 1082 1891 1158 1957; x_wconf 93' lang='lat' dir='ltr'><strong>dum</strong></span> <span class='ocrx_word' id='word_1_176' title='bbox 1193 1892 1234 1957; x_wconf 88' lang='lat' dir='ltr'><strong>de</strong></span> <span class='ocrx_word' id='word_1_177' title='bbox 1268 1898 1390 1957; x_wconf 90' lang='lat' dir='ltr'><strong>eventu</strong></span> <span class='ocrx_word' id='word_1_178' title='bbox 1422 1891 1588 1958; x_wconf 82' lang='lat' dir='ltr'><strong>adtonitas</strong></span> <span class='ocrx_word' id='word_1_179' title='bbox 1623 1893 1732 1958; x_wconf 88' lang='lat' dir='ltr'><strong>vultus</strong></span> <span class='ocrx_word' id='word_1_180' title='bbox 1765 1893 1814 1957; x_wconf 90' lang='lat' dir='ltr'><strong>tui</strong></span> <span class='ocrx_word' id='word_1_181' title='bbox 1832 1891 1959 1983; x_wconf 29' lang='lat' dir='ltr'><strong>‘sidere</strong></span> <span class='ocrx_word' id='word_1_182' title='bbox 2018 1918 2044 1957; x_wconf 82' lang='lat' dir='ltr'><strong>u</strong></span> 
     </span>
     <span class='ocr_line' id='line_1_17' title="bbox 247 1996 1959 2086; baseline -0.001 -23"><span class='ocrx_word' id='word_1_183' title='bbox 247 2002 288 2065; x_wconf 76' lang='grc'><strong>43</strong></span> <span class='ocrx_word' id='word_1_184' title='bbox 301 2006 526 2086; x_wconf 90' lang='lat' dir='ltr'><strong>pascerentur,</strong></span> <span class='ocrx_word' id='word_1_185' title='bbox 556 1998 678 2064; x_wconf 89' lang='lat' dir='ltr'><strong>talibus</strong></span> <span class='ocrx_word' id='word_1_186' title='bbox 702 1999 855 2083; x_wconf 92' lang='lat' dir='ltr'><strong>alloquiis</strong></span> <span class='ocrx_word' id='word_1_187' title='bbox 879 1997 1092 2062; x_wconf 90' lang='lat' dir='ltr'><strong>confirmasti:</strong></span> <span class='ocrx_word' id='word_1_188' title='bbox 1127 1997 1215 2074; x_wconf 90' lang='lat' dir='ltr'><strong>‘scis,</strong></span> <span class='ocrx_word' id='word_1_189' title='bbox 1246 1996 1412 2082; x_wconf 87' lang='lat' dir='ltr'><strong>genetrix,</strong></span> <span class='ocrx_word' id='word_1_190' title='bbox 1437 2002 1551 2082; x_wconf 91' lang='lat' dir='ltr'><strong>partus</strong></span> <span class='ocrx_word' id='word_1_191' title='bbox 1572 1996 1622 2060; x_wconf 92' lang='lat' dir='ltr'><strong>tui</strong></span> <span class='ocrx_word' id='word_1_192' title='bbox 1645 1997 1771 2062; x_wconf 88' lang='lat' dir='ltr'><strong>honore</strong></span> <span class='ocrx_word' id='word_1_193' title='bbox 1792 1998 1959 2063; x_wconf 88' lang='lat' dir='ltr'><strong>universis</strong></span> 
     </span>
     <span class='ocr_line' id='line_1_18' title="bbox 299 2098 1961 2187; baseline -0.002 -19"><span class='ocrx_word' id='word_1_194' title='bbox 299 2109 380 2168; x_wconf 87' lang='lat' dir='ltr'><strong>nota</strong></span> <span class='ocrx_word' id='word_1_195' title='bbox 402 2102 600 2183; x_wconf 81' lang='lat' dir='ltr'><strong>nationibus,</strong></span> <span class='ocrx_word' id='word_1_196' title='bbox 636 2102 723 2187; x_wconf 90' lang='lat' dir='ltr'><strong>quod</strong></span> <span class='ocrx_word' id='word_1_197' title='bbox 745 2101 864 2167; x_wconf 61' lang='lat' dir='ltr'><strong>naulis</strong></span> <span class='ocrx_word' id='word_1_198' title='bbox 887 2101 951 2165; x_wconf 93' lang='lat' dir='ltr'><strong>mci</strong></span> <span class='ocrx_word' id='word_1_199' title='bbox 973 2105 1122 2187; x_wconf 87' lang='lat' dir='ltr'><strong>tempore</strong></span> <span class='ocrx_word' id='word_1_200' title='bbox 1145 2100 1251 2164; x_wconf 90' lang='lat' dir='ltr'><strong>virum</strong></span> <span class='ocrx_word' id='word_1_201' title='bbox 1274 2098 1415 2164; x_wconf 83' lang='lat' dir='ltr'><strong>fecunda</strong></span> <span class='ocrx_word' id='word_1_202' title='bbox 1437 2100 1591 2185; x_wconf 85' lang='lat' dir='ltr'><strong>genuisti.</strong></span> <span class='ocrx_word' id='word_1_203' title='bbox 1634 2099 1706 2165; x_wconf 92' lang='lat' dir='ltr'><strong>dies</strong></span> <span class='ocrx_word' id='word_1_204' title='bbox 1730 2105 1794 2181; x_wconf 87' lang='lat' dir='ltr'><strong>est,</strong></span> <span class='ocrx_word' id='word_1_205' title='bbox 1823 2120 1888 2187; x_wconf 91' lang='lat' dir='ltr'><strong>quo</strong></span> <span class='ocrx_word' id='word_1_206' title='bbox 1912 2100 1961 2165; x_wconf 88' lang='lat' dir='ltr'><strong>lili</strong></span> 
     </span>
     <span class='ocr_line' id='line_1_19' title="bbox 300 2202 1960 2292; baseline -0.001 -21"><span class='ocrx_word' id='word_1_207' title='bbox 300 2206 350 2271; x_wconf 91' lang='lat' dir='ltr'><strong>tui</strong></span> <span class='ocrx_word' id='word_1_208' title='bbox 373 2228 490 2273; x_wconf 86' lang='lat' dir='ltr'><strong>sexum</strong></span> <span class='ocrx_word' id='word_1_209' title='bbox 514 2227 647 2292; x_wconf 88' lang='lat' dir='ltr'><strong>campus</strong></span> <span class='ocrx_word' id='word_1_210' title='bbox 671 2205 858 2273; x_wconf 86' lang='lat' dir='ltr'><strong>adnuntiet:</strong></span> <span class='ocrx_word' id='word_1_211' title='bbox 881 2204 956 2269; x_wconf 92' lang='lat' dir='ltr'><strong>telis</strong></span> <span class='ocrx_word' id='word_1_212' title='bbox 980 2202 1142 2289; x_wconf 86' lang='lat' dir='ltr'><strong>agendum</strong></span> <span class='ocrx_word' id='word_1_213' title='bbox 1165 2209 1225 2283; x_wconf 85' lang='lat' dir='ltr'><strong>est,</strong></span> <span class='ocrx_word' id='word_1_214' title='bbox 1250 2211 1286 2267; x_wconf 92' lang='lat' dir='ltr'><strong>ut</strong></span> <span class='ocrx_word' id='word_1_215' title='bbox 1300 2223 1434 2267; x_wconf 88' lang='lat' dir='ltr'><strong>avorum</strong></span> <span class='ocrx_word' id='word_1_216' title='bbox 1450 2223 1510 2289; x_wconf 91' lang='lat' dir='ltr'><strong>per</strong></span> <span class='ocrx_word' id='word_1_217' title='bbox 1527 2223 1578 2268; x_wconf 90' lang='lat' dir='ltr'><strong>me</strong></span> <span class='ocrx_word' id='word_1_218' title='bbox 1594 2202 1714 2269; x_wconf 88' lang='lat' dir='ltr'><strong>decora</strong></span> <span class='ocrx_word' id='word_1_219' title='bbox 1729 2224 1794 2269; x_wconf 91' lang='lat' dir='ltr'><strong>non</strong></span> <span class='ocrx_word' id='word_1_220' title='bbox 1809 2211 1960 2290; x_wconf 87' lang='lat' dir='ltr'><strong>pereant.</strong></span> 
     </span>
     <span class='ocr_line' id='line_1_20' title="bbox 300 2306 1960 2395; baseline 0.001 -22"><span class='ocrx_word' id='word_1_221' title='bbox 300 2308 372 2374; x_wconf 87' lang='lat' dir='ltr'><strong>sine</strong></span> <span class='ocrx_word' id='word_1_222' title='bbox 399 2329 501 2374; x_wconf 89' lang='lat' dir='ltr'><strong>causa</strong></span> <span class='ocrx_word' id='word_1_223' title='bbox 530 2317 703 2395; x_wconf 88' lang='lat' dir='ltr'><strong>parentum</strong></span> <span class='ocrx_word' id='word_1_224' title='bbox 731 2309 836 2373; x_wconf 90' lang='lat' dir='ltr'><strong>titulis</strong></span> <span class='ocrx_word' id='word_1_225' title='bbox 866 2307 1008 2381; x_wconf 82' lang='lat' dir='ltr'><strong>nitimur,</strong></span> <span class='ocrx_word' id='word_1_226' title='bbox 1040 2307 1104 2372; x_wconf 90' lang='lat' dir='ltr'><strong>nisi</strong></span> <span class='ocrx_word' id='word_1_227' title='bbox 1133 2308 1272 2394; x_wconf 89' lang='lat' dir='ltr'><strong>propriis</strong></span> <span class='ocrx_word' id='word_1_228' title='bbox 1295 2306 1496 2371; x_wconf 91' lang='lat' dir='ltr'><strong>adiuvemur.</strong></span> <span class='ocrx_word' id='word_1_229' title='bbox 1542 2313 1608 2372; x_wconf 90' lang='lat' dir='ltr'><strong>stat</strong></span> <span class='ocrx_word' id='word_1_230' title='bbox 1631 2313 1708 2372; x_wconf 91' lang='lat' dir='ltr'><strong>ante</strong></span> <span class='ocrx_word' id='word_1_231' title='bbox 1731 2308 1843 2373; x_wconf 91' lang='lat' dir='ltr'><strong>oculos</strong></span> <span class='ocrx_word' id='word_1_232' title='bbox 1865 2328 1960 2374; x_wconf 89' lang='lat' dir='ltr'><strong>meos</strong></span> 
     </span>
     <span class='ocr_line' id='line_1_21' title="bbox 299 2410 2044 2498; baseline -0.001 -22"><span class='ocrx_word' id='word_1_233' title='bbox 299 2412 439 2496; x_wconf 89' lang='lat' dir='ltr'><strong>genitor,</strong></span> <span class='ocrx_word' id='word_1_234' title='bbox 466 2411 507 2477; x_wconf 90' lang='lat' dir='ltr'><strong>ds</strong></span> <span class='ocrx_word' id='word_1_235' title='bbox 531 2433 595 2497; x_wconf 95' lang='lat' dir='ltr'><strong>quo</strong></span> <span class='ocrx_word' id='word_1_236' title='bbox 618 2432 794 2498; x_wconf 86' lang='lat' dir='ltr'><strong>numquam</strong></span> <span class='ocrx_word' id='word_1_237' title='bbox 818 2412 897 2476; x_wconf 83' lang='lat' dir='ltr'><strong>lecit</strong></span> <span class='ocrx_word' id='word_1_238' title='bbox 920 2412 953 2476; x_wconf 91' lang='lat' dir='ltr'><strong>in</strong></span> <span class='ocrx_word' id='word_1_239' title='bbox 978 2412 1157 2478; x_wconf 87' lang='lat' dir='ltr'><strong>certamine</strong></span> <span class='ocrx_word' id='word_1_240' title='bbox 1179 2411 1310 2476; x_wconf 81' lang='lat' dir='ltr'><strong>fortuna</strong></span> <span class='ocrx_word' id='word_1_241' title='bbox 1332 2410 1525 2491; x_wconf 88' lang='lat' dir='ltr'><strong>ludibrium,</strong></span> <span class='ocrx_word' id='word_1_242' title='bbox 1549 2412 1604 2497; x_wconf 93' lang='lat' dir='ltr'><strong>qui</strong></span> <span class='ocrx_word' id='word_1_243' title='bbox 1627 2411 1778 2476; x_wconf 86' lang='lat' dir='ltr'><strong>dextram</strong></span> <span class='ocrx_word' id='word_1_244' title='bbox 1800 2411 1959 2498; x_wconf 85' lang='lat' dir='ltr'><strong>sibiipsa</strong></span> <span class='ocrx_word' id='word_1_245' title='bbox 2016 2436 2044 2475; x_wconf 78' lang='lat' dir='ltr'><strong>:e</strong></span> 
     </span>
     <span class='ocr_line' id='line_1_22' title="bbox 302 2514 1962 2602; baseline 0.001 -22"><span class='ocrx_word' id='word_1_246' title='bbox 302 2515 432 2602; x_wconf 88' lang='lat' dir='ltr'><strong>peperit</strong></span> <span class='ocrx_word' id='word_1_247' title='bbox 454 2514 632 2580; x_wconf 86' lang='lat' dir='ltr'><strong>valitudine</strong></span> <span class='ocrx_word' id='word_1_248' title='bbox 662 2516 817 2602; x_wconf 87' lang='lat' dir='ltr'><strong>exigente</strong></span> <span class='ocrx_word' id='word_1_249' title='bbox 849 2536 1031 2579; x_wconf 89' lang='lat' dir='ltr'><strong>successus.</strong></span> <span class='ocrx_word' id='word_1_250' title='bbox 1079 2514 1140 2579; x_wconf 88' lang='lat' dir='ltr'><strong>hoo</strong></span> <span class='ocrx_word' id='word_1_251' title='bbox 1163 2520 1295 2601; x_wconf 89' lang='lat' dir='ltr'><strong>oportet</strong></span> <span class='ocrx_word' id='word_1_252' title='bbox 1318 2514 1401 2579; x_wconf 91' lang='lat' dir='ltr'><strong>duce</strong></span> <span class='ocrx_word' id='word_1_253' title='bbox 1426 2514 1594 2590; x_wconf 90' lang='lat' dir='ltr'><strong>contendi,</strong></span> <span class='ocrx_word' id='word_1_254' title='bbox 1623 2515 1679 2601; x_wconf 90' lang='lat' dir='ltr'><strong>qui</strong></span> <span class='ocrx_word' id='word_1_255' title='bbox 1702 2515 1810 2580; x_wconf 88' lang='lat' dir='ltr'><strong>omina</strong></span> <span class='ocrx_word' id='word_1_256' title='bbox 1833 2515 1962 2581; x_wconf 88' lang='lat' dir='ltr'><strong>incerta</strong></span> 
     </span>
     <span class='ocr_line' id='line_1_23' title="bbox 248 2617 1962 2703; baseline 0.002 -21"><span class='ocrx_word' id='word_1_257' title='bbox 248 2631 367 2693; x_wconf 60' lang='lat' dir='ltr'><strong>utnon</strong></span> <span class='ocrx_word' id='word_1_258' title='bbox 389 2619 512 2698; x_wconf 82' lang='lat' dir='ltr'><strong>timuit,</strong></span> <span class='ocrx_word' id='word_1_259' title='bbox 542 2618 601 2684; x_wconf 92' lang='lat' dir='ltr'><strong>sed</strong></span> <span class='ocrx_word' id='word_1_260' title='bbox 631 2619 701 2703; x_wconf 88' lang='lat' dir='ltr'><strong>ipse</strong></span> <span class='ocrx_word' id='word_1_261' title='bbox 726 2618 788 2683; x_wconf 89' lang='lat' dir='ltr'><strong>sibi</strong></span> <span class='ocrx_word' id='word_1_262' title='bbox 812 2617 956 2683; x_wconf 89' lang='lat' dir='ltr'><strong>secunda</strong></span> <span class='ocrx_word' id='word_1_263' title='bbox 979 2619 1147 2684; x_wconf 91' lang='lat' dir='ltr'><strong>conscivit.</strong></span> <span class='ocrx_word' id='word_1_264' title='bbox 1193 2639 1251 2683; x_wconf 88' lang='lat' dir='ltr'><strong>vos</strong></span> <span class='ocrx_word' id='word_1_265' title='bbox 1275 2625 1387 2683; x_wconf 89' lang='lat' dir='ltr'><strong>tamen</strong></span> <span class='ocrx_word' id='word_1_266' title='bbox 1411 2618 1598 2683; x_wconf 88' lang='lat' dir='ltr'><strong>elaboratas</strong></span> <span class='ocrx_word' id='word_1_267' title='bbox 1621 2623 1732 2683; x_wconf 89' lang='lat' dir='ltr'><strong>vestes</strong></span> <span class='ocrx_word' id='word_1_268' title='bbox 1755 2625 1790 2683; x_wconf 92' lang='lat' dir='ltr'><strong>et</strong></span> <span class='ocrx_word' id='word_1_269' title='bbox 1811 2619 1962 2685; x_wconf 86' lang='lat' dir='ltr'><strong>liciorum</strong></span> 
     </span>
     <span class='ocr_line' id='line_1_24' title="bbox 300 2720 1962 2808; baseline 0.001 -22"><span class='ocrx_word' id='word_1_270' title='bbox 300 2727 465 2787; x_wconf 88' lang='lat' dir='ltr'><strong>tormenta</strong></span> <span class='ocrx_word' id='word_1_271' title='bbox 488 2721 651 2787; x_wconf 85' lang='lat' dir='ltr'><strong>devehite.</strong></span> <span class='ocrx_word' id='word_1_272' title='bbox 696 2722 868 2786; x_wconf 89' lang='lat' dir='ltr'><strong>cultiorem</strong></span> <span class='ocrx_word' id='word_1_273' title='bbox 891 2744 945 2786; x_wconf 91' lang='lat' dir='ltr'><strong>me</strong></span> <span class='ocrx_word' id='word_1_274' title='bbox 969 2722 1057 2787; x_wconf 90' lang='lat' dir='ltr'><strong>acies</strong></span> <span class='ocrx_word' id='word_1_275' title='bbox 1082 2722 1254 2808; x_wconf 88' lang='lat' dir='ltr'><strong>suscipiat,</strong></span> <span class='ocrx_word' id='word_1_276' title='bbox 1277 2742 1374 2807; x_wconf 91' lang='lat' dir='ltr'><strong>quam</strong></span> <span class='ocrx_word' id='word_1_277' title='bbox 1399 2723 1486 2787; x_wconf 86' lang='lat' dir='ltr'><strong>leste</strong></span> <span class='ocrx_word' id='word_1_278' title='bbox 1510 2730 1719 2787; x_wconf 89' lang='lat' dir='ltr'><strong>consuerunt.</strong></span> <span class='ocrx_word' id='word_1_279' title='bbox 1764 2722 1819 2807; x_wconf 93' lang='lat' dir='ltr'><strong>qui</strong></span> <span class='ocrx_word' id='word_1_280' title='bbox 1842 2743 1894 2787; x_wconf 93' lang='lat' dir='ltr'><strong>me</strong></span> <span class='ocrx_word' id='word_1_281' title='bbox 1918 2720 1962 2789; x_wconf 90' lang='lat' dir='ltr'><strong>de</strong></span> 
     </span>
     <span class='ocr_line' id='line_1_25' title="bbox 300 2824 1961 2911; baseline 0.001 -23"><span class='ocrx_word' id='word_1_282' title='bbox 300 2824 426 2911; x_wconf 88' lang='lat' dir='ltr'><strong>impetu</strong></span> <span class='ocrx_word' id='word_1_283' title='bbox 448 2846 513 2890; x_wconf 90' lang='lat' dir='ltr'><strong>non</strong></span> <span class='ocrx_word' id='word_1_284' title='bbox 537 2826 738 2910; x_wconf 85' lang='lat' dir='ltr'><strong>cognoverit.</strong></span> <span class='ocrx_word' id='word_1_285' title='bbox 763 2826 916 2890; x_wconf 88' lang='lat' dir='ltr'><strong>aestimet</strong></span> <span class='ocrx_word' id='word_1_286' title='bbox 939 2824 1121 2891; x_wconf 87' lang='lat' dir='ltr'><strong>deuitare.</strong></span> <span class='ocrx_word' id='word_1_287' title='bbox 1159 2825 1276 2890; x_wconf 90' lang='lat' dir='ltr'><strong>invitet</strong></span> <span class='ocrx_word' id='word_1_288' title='bbox 1299 2824 1489 2911; x_wconf 90' lang='lat' dir='ltr'><strong>cupidorum</strong></span> <span class='ocrx_word' id='word_1_289' title='bbox 1512 2826 1624 2893; x_wconf 86' lang='lat' dir='ltr'><strong>oculos</strong></span> <span class='ocrx_word' id='word_1_290' title='bbox 1640 2826 1746 2890; x_wconf 91' lang='lat' dir='ltr'><strong>honor</strong></span> <span class='ocrx_word' id='word_1_291' title='bbox 1760 2824 1961 2892; x_wconf 87' lang='lat' dir='ltr'><strong>indumenti:</strong></span> 
     </span>
     <span class='ocr_line' id='line_1_26' title="bbox 300 2928 2044 3014; baseline -0.002 -21"><span class='ocrx_word' id='word_1_292' title='bbox 300 2928 476 3014; x_wconf 88' lang='lat' dir='ltr'><strong>pretiosior</strong></span> <span class='ocrx_word' id='word_1_293' title='bbox 503 2929 632 3014; x_wconf 90' lang='lat' dir='ltr'><strong>species</strong></span> <span class='ocrx_word' id='word_1_294' title='bbox 658 2928 824 2994; x_wconf 79' lang='lat' dir='ltr'><strong>feriendos</strong></span> <span class='ocrx_word' id='word_1_295' title='bbox 853 2930 1019 2996; x_wconf 86' lang='lat' dir='ltr'><strong>exhibeat.</strong></span> <span class='ocrx_word' id='word_1_296' title='bbox 1064 2928 1185 2995; x_wconf 90' lang='lat' dir='ltr'><strong>habeat</strong></span> <span class='ocrx_word' id='word_1_297' title='bbox 1214 2930 1336 2994; x_wconf 88' lang='lat' dir='ltr'><strong>laboris</strong></span> <span class='ocrx_word' id='word_1_298' title='bbox 1368 2930 1542 3010; x_wconf 87' lang='lat' dir='ltr'><strong>solacium,</strong></span> <span class='ocrx_word' id='word_1_299' title='bbox 1577 2930 1629 2994; x_wconf 91' lang='lat' dir='ltr'><strong>eui</strong></span> <span class='ocrx_word' id='word_1_300' title='bbox 1659 2930 1807 3014; x_wconf 90' lang='lat' dir='ltr'><strong>iugulum</strong></span> <span class='ocrx_word' id='word_1_301' title='bbox 1837 2950 1961 3011; x_wconf 90' lang='lat' dir='ltr'><strong>meum,</strong></span> <span class='ocrx_word' id='word_1_302' title='bbox 2018 2952 2044 2992; x_wconf 74' lang='lat' dir='ltr'><strong>es</strong></span> 
     </span>
     <span class='ocr_line' id='line_1_27' title="bbox 300 3030 1961 3120; baseline 0.001 -25"><span class='ocrx_word' id='word_1_303' title='bbox 300 3032 441 3113; x_wconf 86' lang='lat' dir='ltr'><strong>fortuna,</strong></span> <span class='ocrx_word' id='word_1_304' title='bbox 465 3033 688 3119; x_wconf 87' lang='lat' dir='ltr'><strong>praestiteris!</strong></span> <span class='ocrx_word' id='word_1_305' title='bbox 726 3033 853 3098; x_wconf 90' lang='lat' dir='ltr'><strong>inhient</strong></span> <span class='ocrx_word' id='word_1_306' title='bbox 875 3034 1013 3098; x_wconf 91' lang='lat' dir='ltr'><strong>iacentis</strong></span> <span class='ocrx_word' id='word_1_307' title='bbox 1037 3033 1214 3120; x_wconf 82' lang='lat' dir='ltr'><strong>splendori.</strong></span> <span class='ocrx_word' id='word_1_308' title='bbox 1238 3055 1320 3120; x_wconf 90' lang='lat' dir='ltr'><strong>quos</strong></span> <span class='ocrx_word' id='word_1_309' title='bbox 1336 3055 1401 3100; x_wconf 92' lang='lat' dir='ltr'><strong>nen</strong></span> <span class='ocrx_word' id='word_1_310' title='bbox 1418 3035 1594 3120; x_wconf 88' lang='lat' dir='ltr'><strong>contigerit</strong></span> <span class='ocrx_word' id='word_1_311' title='bbox 1607 3032 1719 3098; x_wconf 85' lang='lat' dir='ltr'><strong>videre</strong></span> <span class='ocrx_word' id='word_1_312' title='bbox 1735 3030 1961 3119; x_wconf 60' lang='lat' dir='ltr'><strong>pugnantem?</strong></span> 
     </span>
     <span class='ocr_line' id='line_1_28' title="bbox 248 3134 2053 3224; baseline -0.003 -20"><span class='ocrx_word' id='word_1_313' title='bbox 248 3135 353 3204; x_wconf 75' lang='lat' dir='ltr'><strong>athis</strong></span> <span class='ocrx_word' id='word_1_314' title='bbox 381 3135 475 3200; x_wconf 88' lang='lat' dir='ltr'><strong>dictis</strong></span> <span class='ocrx_word' id='word_1_315' title='bbox 503 3137 636 3223; x_wconf 87' lang='lat' dir='ltr'><strong>excepit</strong></span> <span class='ocrx_word' id='word_1_316' title='bbox 665 3144 697 3201; x_wconf 90' lang='lat' dir='ltr'><strong>te</strong></span> <span class='ocrx_word' id='word_1_317' title='bbox 722 3143 814 3223; x_wconf 88' lang='lat' dir='ltr'><strong>tergo</strong></span> <span class='ocrx_word' id='word_1_318' title='bbox 838 3138 986 3224; x_wconf 85' lang='lat' dir='ltr'><strong>sonipes,</strong></span> <span class='ocrx_word' id='word_1_319' title='bbox 1017 3139 1171 3203; x_wconf 92' lang='lat' dir='ltr'><strong>lituorum</strong></span> <span class='ocrx_word' id='word_1_320' title='bbox 1194 3137 1367 3204; x_wconf 91' lang='lat' dir='ltr'><strong>desideriis</strong></span> <span class='ocrx_word' id='word_1_321' title='bbox 1391 3138 1567 3222; x_wconf 86' lang='lat' dir='ltr'><strong>inquietus.</strong></span> <span class='ocrx_word' id='word_1_322' title='bbox 1613 3137 1672 3203; x_wconf 88' lang='lat' dir='ltr'><strong>sed</strong></span> <span class='ocrx_word' id='word_1_323' title='bbox 1696 3136 1772 3201; x_wconf 89' lang='lat' dir='ltr'><strong>dum</strong></span> <span class='ocrx_word' id='word_1_324' title='bbox 1794 3134 1960 3202; x_wconf 90' lang='lat' dir='ltr'><strong>indulsisti</strong></span> <span class='ocrx_word' id='word_1_325' title='bbox 1975 3158 2053 3207; x_wconf 79' lang='lat' dir='ltr'><strong>r-su</strong></span> 
     </span>
     <span class='ocr_line' id='line_1_29' title="bbox 303 3238 1962 3329; baseline 0.001 -25"><span class='ocrx_word' id='word_1_326' title='bbox 303 3239 481 3315; x_wconf 81' lang='lat' dir='ltr'><strong>adfatibus,</strong></span> <span class='ocrx_word' id='word_1_327' title='bbox 504 3241 635 3305; x_wconf 90' lang='lat' dir='ltr'><strong>inimica</strong></span> <span class='ocrx_word' id='word_1_328' title='bbox 658 3241 805 3326; x_wconf 91' lang='lat' dir='ltr'><strong>legiones</strong></span> <span class='ocrx_word' id='word_1_329' title='bbox 829 3250 906 3307; x_wconf 91' lang='lat' dir='ltr'><strong>tuae</strong></span> <span class='ocrx_word' id='word_1_330' title='bbox 929 3242 1162 3329; x_wconf 89' lang='lat' dir='ltr'><strong>premebantur</strong></span> <span class='ocrx_word' id='word_1_331' title='bbox 1178 3244 1346 3308; x_wconf 87' lang='lat' dir='ltr'><strong>instantia.</strong></span> <span class='ocrx_word' id='word_1_332' title='bbox 1384 3240 1503 3306; x_wconf 90' lang='lat' dir='ltr'><strong>dedisti</strong></span> <span class='ocrx_word' id='word_1_333' title='bbox 1521 3241 1682 3306; x_wconf 89' lang='lat' dir='ltr'><strong>inertibus</strong></span> <span class='ocrx_word' id='word_1_334' title='bbox 1698 3240 1861 3322; x_wconf 89' lang='lat' dir='ltr'><strong>fiduciam,</strong></span> <span class='ocrx_word' id='word_1_335' title='bbox 1880 3238 1962 3305; x_wconf 89' lang='lat' dir='ltr'><strong>dum</strong></span> 
     </span>
     <span class='ocr_line' id='line_1_30' title="bbox 302 3342 1962 3431; baseline 0.001 -23"><span class='ocrx_word' id='word_1_336' title='bbox 302 3344 455 3417; x_wconf 86' lang='lat' dir='ltr'><strong>moraris,</strong></span> <span class='ocrx_word' id='word_1_337' title='bbox 487 3350 521 3409; x_wconf 90' lang='lat' dir='ltr'><strong>et</strong></span> <span class='ocrx_word' id='word_1_338' title='bbox 548 3343 609 3408; x_wconf 91' lang='lat' dir='ltr'><strong>hoc</strong></span> <span class='ocrx_word' id='word_1_339' title='bbox 641 3344 739 3410; x_wconf 93' lang='lat' dir='ltr'><strong>credo</strong></span> <span class='ocrx_word' id='word_1_340' title='bbox 768 3345 956 3431; x_wconf 77' lang='lat' dir='ltr'><strong>provisione</strong></span> <span class='ocrx_word' id='word_1_341' title='bbox 984 3346 1191 3427; x_wconf 88' lang='lat' dir='ltr'><strong>caelicolum,</strong></span> <span class='ocrx_word' id='word_1_342' title='bbox 1225 3369 1266 3413; x_wconf 93' lang='lat' dir='ltr'><strong>ue</strong></span> <span class='ocrx_word' id='word_1_343' title='bbox 1296 3346 1472 3413; x_wconf 88' lang='lat' dir='ltr'><strong>deberetur</strong></span> <span class='ocrx_word' id='word_1_344' title='bbox 1501 3344 1700 3410; x_wconf 86' lang='lat' dir='ltr'><strong>multitudini</strong></span> <span class='ocrx_word' id='word_1_345' title='bbox 1732 3342 1818 3430; x_wconf 90' lang='lat' dir='ltr'><strong>qued</strong></span> <span class='ocrx_word' id='word_1_346' title='bbox 1841 3343 1962 3411; x_wconf 87' lang='lat' dir='ltr'><strong>vicisti.</strong></span> 
     </span>
     <span class='ocr_line' id='line_1_31' title="bbox 302 3445 2047 3537; baseline -0.001 -26"><span class='ocrx_word' id='word_1_347' title='bbox 302 3448 450 3533; x_wconf 88' lang='lat' dir='ltr'><strong>protinus</strong></span> <span class='ocrx_word' id='word_1_348' title='bbox 479 3447 657 3512; x_wconf 88' lang='lat' dir='ltr'><strong>adventum</strong></span> <span class='ocrx_word' id='word_1_349' title='bbox 689 3455 780 3513; x_wconf 89' lang='lat' dir='ltr'><strong>tuum</strong></span> <span class='ocrx_word' id='word_1_350' title='bbox 808 3449 963 3515; x_wconf 89' lang='lat' dir='ltr'><strong>indicavit</strong></span> <span class='ocrx_word' id='word_1_351' title='bbox 992 3451 1140 3515; x_wconf 91' lang='lat' dir='ltr'><strong>hostibus</strong></span> <span class='ocrx_word' id='word_1_352' title='bbox 1173 3452 1314 3537; x_wconf 88' lang='lat' dir='ltr'><strong>populus</strong></span> <span class='ocrx_word' id='word_1_353' title='bbox 1344 3451 1542 3515; x_wconf 89' lang='lat' dir='ltr'><strong>occisorum:</strong></span> <span class='ocrx_word' id='word_1_354' title='bbox 1578 3454 1789 3515; x_wconf 85' lang='lat' dir='ltr'><strong>executorem</strong></span> <span class='ocrx_word' id='word_1_355' title='bbox 1816 3445 1964 3533; x_wconf 90' lang='lat' dir='ltr'><strong>prodidit</strong></span> <span class='ocrx_word' id='word_1_356' title='bbox 2018 3470 2047 3509; x_wconf 79' lang='lat' dir='ltr'><strong>sc</strong></span> 
     </span>
    </p>
   </div>
   <div class='ocr_carea' id='block_1_3' title="bbox 209 3549 1965 3655">
    <p class='ocr_par' dir='ltr' id='par_1_3' title="bbox 209 3549 1965 3655">
     <span class='ocr_line' id='line_1_32' title="bbox 209 3549 1965 3655; baseline 0.001 -40"><span class='ocrx_word' id='word_1_357' title='bbox 209 3558 283 3655; x_wconf 52' lang='lat' dir='ltr'><strong>ff·</strong></span> <span class='ocrx_word' id='word_1_358' title='bbox 304 3549 416 3616; x_wconf 91' lang='lat' dir='ltr'><strong>caedis</strong></span> <span class='ocrx_word' id='word_1_359' title='bbox 447 3551 635 3618; x_wconf 87' lang='lat' dir='ltr'><strong>enormitas.</strong></span> <span class='ocrx_word' id='word_1_360' title='bbox 679 3549 737 3615; x_wconf 90' lang='lat' dir='ltr'><strong>sed</strong></span> <span class='ocrx_word' id='word_1_361' title='bbox 760 3573 822 3617; x_wconf 92' lang='lat' dir='ltr'><strong>uec</strong></span> <span class='ocrx_word' id='word_1_362' title='bbox 845 3552 909 3617; x_wconf 90' lang='lat' dir='ltr'><strong>illis</strong></span> <span class='ocrx_word' id='word_1_363' title='bbox 933 3553 1079 3618; x_wconf 89' lang='lat' dir='ltr'><strong>remedia</strong></span> <span class='ocrx_word' id='word_1_364' title='bbox 1102 3553 1238 3619; x_wconf 82' lang='lat' dir='ltr'><strong>deluere</strong></span> <span class='ocrx_word' id='word_1_365' title='bbox 1261 3560 1426 3619; x_wconf 88' lang='lat' dir='ltr'><strong>consueta.</strong></span> <span class='ocrx_word' id='word_1_366' title='bbox 1472 3554 1626 3618; x_wconf 91' lang='lat' dir='ltr'><strong>contiuuo</strong></span> <span class='ocrx_word' id='word_1_367' title='bbox 1650 3555 1719 3618; x_wconf 91' lang='lat' dir='ltr'><strong>alas</strong></span> <span class='ocrx_word' id='word_1_368' title='bbox 1742 3572 1823 3638; x_wconf 88' lang='lat' dir='ltr'><strong>quas</strong></span> <span class='ocrx_word' id='word_1_369' title='bbox 1845 3551 1965 3617; x_wconf 89' lang='lat' dir='ltr'><strong>tribuit</strong></span> 
     </span>
    </p>
   </div>
   <div class='ocr_carea' id='block_1_4' title="bbox 148 3557 2045 4160">
    <p class='ocr_par' dir='ltr' id='par_1_4' title="bbox 148 3557 2045 4160">
     <span class='ocr_line' id='line_1_33' title="bbox 148 3557 208 3612; baseline 0.033 -13"><span class='ocrx_word' id='word_1_370' title='bbox 148 3557 208 3612; x_wconf 75' lang='lat' dir='ltr'><strong>Vcrg</strong></span> 
     </span>
     <span class='ocr_line' id='line_1_34' title="bbox 175 3615 1962 3744; baseline 0.002 -25"><span class='ocrx_word' id='word_1_371' title='bbox 175 3615 196 3663; x_wconf 41' lang='grc' dir='ltr'><strong>δ’</strong></span> <span class='ocrx_word' id='word_1_372' title='bbox 249 3640 291 3728; x_wconf 67' lang='lat'><strong>216</strong></span> <span class='ocrx_word' id='word_1_373' title='bbox 302 3653 442 3719; x_wconf 76' lang='lat' dir='ltr'><strong>formido</strong></span> <span class='ocrx_word' id='word_1_374' title='bbox 466 3662 689 3743; x_wconf 83' lang='lat' dir='ltr'><strong>sumpserunt,</strong></span> <span class='ocrx_word' id='word_1_375' title='bbox 719 3677 816 3721; x_wconf 89' lang='lat' dir='ltr'><strong>eursu</strong></span> <span class='ocrx_word' id='word_1_376' title='bbox 840 3658 988 3744; x_wconf 88' lang='lat' dir='ltr'><strong>praepeti</strong></span> <span class='ocrx_word' id='word_1_377' title='bbox 1011 3658 1179 3724; x_wconf 91' lang='lat' dir='ltr'><strong>interitum</strong></span> <span class='ocrx_word' id='word_1_378' title='bbox 1203 3664 1293 3725; x_wconf 92' lang='lat' dir='ltr'><strong>metu</strong></span> <span class='ocrx_word' id='word_1_379' title='bbox 1315 3658 1430 3723; x_wconf 89' lang='lat' dir='ltr'><strong>mortis</strong></span> <span class='ocrx_word' id='word_1_380' title='bbox 1454 3658 1630 3743; x_wconf 88' lang='lat' dir='ltr'><strong>eligentes.</strong></span> <span class='ocrx_word' id='word_1_381' title='bbox 1674 3658 1729 3742; x_wconf 90' lang='lat' dir='ltr'><strong>qui</strong></span> <span class='ocrx_word' id='word_1_382' title='bbox 1752 3677 1804 3722; x_wconf 90' lang='lat' dir='ltr'><strong>me</strong></span> <span class='ocrx_word' id='word_1_383' title='bbox 1829 3656 1962 3723; x_wconf 86' lang='lat' dir='ltr'><strong>veritati</strong></span> 
     </span>
     <span class='ocr_line' id='line_1_35' title="bbox 303 3757 1963 3849; baseline 0.001 -25"><span class='ocrx_word' id='word_1_384' title='bbox 303 3758 410 3824; x_wconf 91' lang='lat' dir='ltr'><strong>nescit</strong></span> <span class='ocrx_word' id='word_1_385' title='bbox 432 3757 637 3837; x_wconf 88' lang='lat' dir='ltr'><strong>obsecutum,</strong></span> <span class='ocrx_word' id='word_1_386' title='bbox 660 3760 773 3825; x_wconf 87' lang='lat' dir='ltr'><strong>Atesis</strong></span> <span class='ocrx_word' id='word_1_387' title='bbox 796 3759 902 3825; x_wconf 90' lang='lat' dir='ltr'><strong>undas</strong></span> <span class='ocrx_word' id='word_1_388' title='bbox 918 3760 1028 3826; x_wconf 88' lang='lat' dir='ltr'><strong>videat</strong></span> <span class='ocrx_word' id='word_1_389' title='bbox 1052 3768 1109 3828; x_wconf 91' lang='lat' dir='ltr'><strong>tua</strong></span> <span class='ocrx_word' id='word_1_390' title='bbox 1125 3764 1195 3827; x_wconf 87' lang='lat' dir='ltr'><strong>vice</strong></span> <span class='ocrx_word' id='word_1_391' title='bbox 1220 3763 1393 3849; x_wconf 89' lang='lat' dir='ltr'><strong>opulentas</strong></span> <span class='ocrx_word' id='word_1_392' title='bbox 1417 3761 1568 3827; x_wconf 88' lang='lat' dir='ltr'><strong>extitisse</strong></span> <span class='ocrx_word' id='word_1_393' title='bbox 1585 3760 1810 3841; x_wconf 90' lang='lat' dir='ltr'><strong>cadaveribus,</strong></span> <span class='ocrx_word' id='word_1_394' title='bbox 1833 3766 1868 3827; x_wconf 90' lang='lat' dir='ltr'><strong>et</strong></span> <span class='ocrx_word' id='word_1_395' title='bbox 1881 3758 1963 3826; x_wconf 89' lang='lat' dir='ltr'><strong>dum</strong></span> 
     </span>
     <span class='ocr_line' id='line_1_36' title="bbox 301 3862 1961 3953; baseline 0.003 -26"><span class='ocrx_word' id='word_1_396' title='bbox 301 3862 520 3928; x_wconf 77' lang='lat' dir='ltr'><strong>tumefaceres</strong></span> <span class='ocrx_word' id='word_1_397' title='bbox 551 3863 699 3948; x_wconf 89' lang='lat' dir='ltr'><strong>gurgites</strong></span> <span class='ocrx_word' id='word_1_398' title='bbox 728 3862 769 3928; x_wconf 89' lang='lat' dir='ltr'><strong>de</strong></span> <span class='ocrx_word' id='word_1_399' title='bbox 799 3885 932 3941; x_wconf 89' lang='lat' dir='ltr'><strong>cruore,</strong></span> <span class='ocrx_word' id='word_1_400' title='bbox 964 3865 997 3929; x_wconf 93' lang='lat' dir='ltr'><strong>in</strong></span> <span class='ocrx_word' id='word_1_401' title='bbox 1021 3872 1114 3952; x_wconf 91' lang='lat' dir='ltr'><strong>parte</strong></span> <span class='ocrx_word' id='word_1_402' title='bbox 1142 3866 1207 3931; x_wconf 87' lang='lat' dir='ltr'><strong>alia</strong></span> <span class='ocrx_word' id='word_1_403' title='bbox 1230 3866 1408 3931; x_wconf 87' lang='lat' dir='ltr'><strong>sistebatur</strong></span> <span class='ocrx_word' id='word_1_404' title='bbox 1431 3866 1574 3953; x_wconf 88' lang='lat' dir='ltr'><strong>impetus</strong></span> <span class='ocrx_word' id='word_1_405' title='bbox 1597 3865 1801 3930; x_wconf 85' lang='lat' dir='ltr'><strong>fluentorum.</strong></span> <span class='ocrx_word' id='word_1_406' title='bbox 1847 3864 1961 3950; x_wconf 86' lang='lat' dir='ltr'><strong>itaque</strong></span> 
     </span>
     <span class='ocr_line' id='line_1_37' title="bbox 303 3966 2045 4056; baseline 0.003 -27"><span class='ocrx_word' id='word_1_407' title='bbox 303 3986 345 4030; x_wconf 90' lang='lat' dir='ltr'><strong>ne</strong></span> <span class='ocrx_word' id='word_1_408' title='bbox 369 3966 505 4031; x_wconf 89' lang='lat' dir='ltr'><strong>ensibus</strong></span> <span class='ocrx_word' id='word_1_409' title='bbox 528 3987 592 4031; x_wconf 92' lang='lat' dir='ltr'><strong>non</strong></span> <span class='ocrx_word' id='word_1_410' title='bbox 617 3966 795 4042; x_wconf 85' lang='lat' dir='ltr'><strong>sufficeres,</strong></span> <span class='ocrx_word' id='word_1_411' title='bbox 818 3989 876 4055; x_wconf 91' lang='lat' dir='ltr'><strong>pro</strong></span> <span class='ocrx_word' id='word_1_412' title='bbox 900 3976 933 4034; x_wconf 90' lang='lat' dir='ltr'><strong>te</strong></span> <span class='ocrx_word' id='word_1_413' title='bbox 957 3975 991 4034; x_wconf 92' lang='lat' dir='ltr'><strong>et</strong></span> <span class='ocrx_word' id='word_1_414' title='bbox 1012 3969 1146 4056; x_wconf 87' lang='lat' dir='ltr'><strong>lympha</strong></span> <span class='ocrx_word' id='word_1_415' title='bbox 1168 3970 1329 4035; x_wconf 90' lang='lat' dir='ltr'><strong>militavit.</strong></span> <span class='ocrx_word' id='word_1_416' title='bbox 1368 3970 1468 4050; x_wconf 90' lang='lat' dir='ltr'><strong>salve,</strong></span> <span class='ocrx_word' id='word_1_417' title='bbox 1491 3970 1663 4035; x_wconf 89' lang='lat' dir='ltr'><strong>fluviorum</strong></span> <span class='ocrx_word' id='word_1_418' title='bbox 1683 3966 1960 4055; x_wconf 90' lang='lat' dir='ltr'><strong>splendidissime,</strong></span> <span class='ocrx_word' id='word_1_419' title='bbox 2017 3995 2045 4035; x_wconf 79' lang='lat' dir='ltr'><strong>ss</strong></span> 
     </span>
     <span class='ocr_line' id='line_1_38' title="bbox 302 4068 1961 4160; baseline 0.002 -27"><span class='ocrx_word' id='word_1_420' title='bbox 302 4068 358 4153; x_wconf 93' lang='lat' dir='ltr'><strong>qui</strong></span> <span class='ocrx_word' id='word_1_421' title='bbox 387 4091 430 4134; x_wconf 87' lang='lat' dir='ltr'><strong>ex</strong></span> <span class='ocrx_word' id='word_1_422' title='bbox 459 4070 581 4134; x_wconf 87' lang='lat' dir='ltr'><strong>maiore</strong></span> <span class='ocrx_word' id='word_1_423' title='bbox 613 4076 706 4155; x_wconf 90' lang='lat' dir='ltr'><strong>parte</strong></span> <span class='ocrx_word' id='word_1_424' title='bbox 736 4070 850 4137; x_wconf 89' lang='lat' dir='ltr'><strong>sordes</strong></span> <span class='ocrx_word' id='word_1_425' title='bbox 874 4071 989 4138; x_wconf 90' lang='lat' dir='ltr'><strong>Italiae</strong></span> <span class='ocrx_word' id='word_1_426' title='bbox 1020 4072 1158 4156; x_wconf 87' lang='lat' dir='ltr'><strong>diluisti,</strong></span> <span class='ocrx_word' id='word_1_427' title='bbox 1191 4074 1303 4140; x_wconf 91' lang='lat' dir='ltr'><strong>mundi</strong></span> <span class='ocrx_word' id='word_1_428' title='bbox 1329 4074 1457 4140; x_wconf 83' lang='lat' dir='ltr'><strong>faecem</strong></span> <span class='ocrx_word' id='word_1_429' title='bbox 1485 4074 1668 4160; x_wconf 90' lang='lat' dir='ltr'><strong>suscipiens</strong></span> <span class='ocrx_word' id='word_1_430' title='bbox 1693 4074 1764 4139; x_wconf 92' lang='lat' dir='ltr'><strong>sine</strong></span> <span class='ocrx_word' id='word_1_431' title='bbox 1786 4071 1961 4159; x_wconf 88' lang='lat' dir='ltr'><strong>dispendio</strong></span> 
     </span>
    </p>
   </div>
   <div class='ocr_carea' id='block_1_5' title="bbox 301 4291 2083 5663">
    <p class='ocr_par' dir='ltr' id='par_1_5' title="bbox 301 4291 2083 5663">
     <span class='ocr_line' id='line_1_39' title="bbox 409 4291 1965 4363; baseline 0.005 -20"><span class='ocrx_word' id='word_1_432' title='bbox 409 4291 421 4343; x_wconf 94' lang='grc'><strong>1</strong></span> <span class='ocrx_word' id='word_1_433' title='bbox 445 4305 570 4362; x_wconf 84' lang='lat' dir='ltr'><strong>apparatu</strong></span> <span class='ocrx_word' id='word_1_434' title='bbox 594 4296 676 4347; x_wconf 86' lang='lat' dir='ltr'><strong>nobili</strong></span> <span class='ocrx_word' id='word_1_435' title='bbox 694 4295 797 4361; x_wconf 71' lang='lat' dir='ltr'><strong>militi,</strong></span> <span class='ocrx_word' id='word_1_436' title='bbox 820 4306 971 4363; x_wconf 80' lang='lat' dir='ltr'><strong>apparatum</strong></span> <span class='ocrx_word' id='word_1_437' title='bbox 992 4298 1081 4350; x_wconf 76' lang='lat' dir='ltr'><strong>rrubdi</strong></span> <span class='ocrx_word' id='word_1_438' title='bbox 1098 4297 1208 4363; x_wconf 82' lang='lat' dir='ltr'><strong>BVLT,</strong></span> <span class='ocrx_word' id='word_1_439' title='bbox 1230 4318 1252 4351; x_wconf 85' lang='lat' dir='ltr'><strong>a</strong></span> <span class='ocrx_word' id='word_1_440' title='bbox 1273 4301 1299 4351; x_wconf 89' lang='lat' dir='ltr'><strong>iu</strong></span> <span class='ocrx_word' id='word_1_441' title='bbox 1322 4300 1383 4351; x_wconf 85' lang='lat' dir='ltr'><strong>belli</strong></span> <span class='ocrx_word' id='word_1_442' title='bbox 1401 4299 1459 4363; x_wconf 84' lang='lat' dir='ltr'><strong>UD,</strong></span> <span class='ocrx_word' id='word_1_443' title='bbox 1481 4318 1504 4351; x_wconf 84' lang='lat' dir='ltr'><strong>a.</strong></span> <span class='ocrx_word' id='word_1_444' title='bbox 1524 4298 1688 4361; x_wconf 76' lang='lat' dir='ltr'><strong>imbelidlh&#39;,</strong></span> <span class='ocrx_word' id='word_1_445' title='bbox 1709 4316 1733 4350; x_wconf 82' lang='lat' dir='ltr'><strong>a.</strong></span> <span class='ocrx_word' id='word_1_446' title='bbox 1751 4298 1849 4350; x_wconf 85' lang='lat' dir='ltr'><strong>imbelli</strong></span> <span class='ocrx_word' id='word_1_447' title='bbox 1865 4298 1965 4363; x_wconf 71' lang='lat' dir='ltr'><strong>&amp;aaa</strong></span> 
     </span>
     <span class='ocr_line' id='line_1_40' title="bbox 302 4381 1963 4453; baseline 0.004 -23"><span class='ocrx_word' id='word_1_448' title='bbox 302 4388 472 4447; x_wconf 83' lang='lat' dir='ltr'><strong>apparatuum</strong></span> <span class='ocrx_word' id='word_1_449' title='bbox 490 4381 580 4433; x_wconf 91' lang='lat' dir='ltr'><strong>nubilo</strong></span> <span class='ocrx_word' id='word_1_450' title='bbox 592 4381 695 4443; x_wconf 78' lang='lat' dir='ltr'><strong>Manae,</strong></span> <span class='ocrx_word' id='word_1_451' title='bbox 714 4390 838 4448; x_wconf 84' lang='lat' dir='ltr'><strong>apparatu</strong></span> <span class='ocrx_word' id='word_1_452' title='bbox 857 4382 965 4434; x_wconf 84' lang='lat' dir='ltr'><strong>inhabili</strong></span> <span class='ocrx_word' id='word_1_453' title='bbox 978 4384 1075 4451; x_wconf 61' lang='lat' dir='ltr'><strong>hbrtiq,</strong></span> <span class='ocrx_word' id='word_1_454' title='bbox 1092 4395 1201 4453; x_wconf 84' lang='lat' dir='ltr'><strong>apparat</strong></span> <span class='ocrx_word' id='word_1_455' title='bbox 1217 4386 1302 4437; x_wconf 92' lang='lat' dir='ltr'><strong>locum</strong></span> <span class='ocrx_word' id='word_1_456' title='bbox 1314 4385 1497 4445; x_wconf 66' lang='lat' dir='ltr'><strong>trutinaret·</strong></span> <span class='ocrx_word' id='word_1_457' title='bbox 1514 4388 1548 4452; x_wconf 81' lang='lat' dir='ltr'><strong>cs.</strong></span> <span class='ocrx_word' id='word_1_458' title='bbox 1562 4384 1639 4435; x_wconf 78' lang='lat' dir='ltr'><strong>Paul.</strong></span> <span class='ocrx_word' id='word_1_459' title='bbox 1652 4384 1708 4437; x_wconf 75' lang='lat' dir='ltr'><strong>hiat.</strong></span> <span class='ocrx_word' id='word_1_460' title='bbox 1721 4382 1816 4435; x_wconf 75' lang='lat' dir='ltr'><strong>Xt&#39;rs</strong></span> <span class='ocrx_word' id='word_1_461' title='bbox 1826 4382 1963 4451; x_wconf 61' lang='lat' dir='ltr'><strong>(Brome</strong></span> 
     </span>
     <span class='ocr_line' id='line_1_41' title="bbox 307 4464 1963 4538; baseline 0.004 -23"><span class='ocrx_word' id='word_1_462' title='bbox 307 4464 479 4518; x_wconf 65' lang='lat' dir='ltr'><strong>Theodericum</strong></span> <span class='ocrx_word' id='word_1_463' title='bbox 496 4484 553 4517; x_wconf 82' lang='lat' dir='ltr'><strong>aum</strong></span> <span class='ocrx_word' id='word_1_464' title='bbox 569 4467 696 4519; x_wconf 72' lang='lat' dir='ltr'><strong>Veronam</strong></span> <span class='ocrx_word' id='word_1_465' title='bbox 713 4468 819 4519; x_wconf 73' lang='lat' dir='ltr'><strong>ccuiaaet</strong></span> <span class='ocrx_word' id='word_1_466' title='bbox 836 4469 927 4519; x_wconf 72' lang='lat' dir='ltr'><strong>lteram</strong></span> <span class='ocrx_word' id='word_1_467' title='bbox 944 4469 1068 4521; x_wconf 58' lang='lat' dir='ltr'><strong>merula</strong></span> <span class='ocrx_word' id='word_1_468' title='bbox 1085 4487 1143 4521; x_wconf 81' lang='lat' dir='ltr'><strong>eum</strong></span> <span class='ocrx_word' id='word_1_469' title='bbox 1159 4471 1290 4523; x_wconf 78' lang='lat' dir='ltr'><strong>Odtmaccr</strong></span> <span class='ocrx_word' id='word_1_470' title='bbox 1309 4490 1362 4523; x_wconf 81' lang='lat' dir='ltr'><strong>nort</strong></span> <span class='ocrx_word' id='word_1_471' title='bbox 1379 4472 1474 4522; x_wconf 78' lang='lat' dir='ltr'><strong>minori</strong></span> <span class='ocrx_word' id='word_1_472' title='bbox 1496 4489 1574 4537; x_wconf 80' lang='lat' dir='ltr'><strong>quom</strong></span> <span class='ocrx_word' id='word_1_473' title='bbox 1592 4472 1669 4537; x_wconf 80' lang='lat' dir='ltr'><strong>priua</strong></span> <span class='ocrx_word' id='word_1_474' title='bbox 1687 4470 1749 4522; x_wconf 86' lang='lat' dir='ltr'><strong>belli</strong></span> <span class='ocrx_word' id='word_1_475' title='bbox 1766 4486 1819 4521; x_wconf 76' lang='lat' dir='ltr'><strong>atae</strong></span> <span class='ocrx_word' id='word_1_476' title='bbox 1834 4478 1963 4538; x_wconf 75' lang='lat' dir='ltr'><strong>apparatu</strong></span> 
     </span>
     <span class='ocr_line' id='line_1_42' title="bbox 302 4553 1963 4621; baseline 0.002 -18"><span class='ocrx_word' id='word_1_477' title='bbox 302 4553 407 4619; x_wconf 62' lang='lat' dir='ltr'><strong>oppetat</strong></span> <span class='ocrx_word' id='word_1_478' title='bbox 476 4570 577 4621; x_wconf 79' lang='lat' dir='ltr'><strong>pugnas</strong></span> <span class='ocrx_word' id='word_1_479' title='bbox 589 4553 615 4604; x_wconf 88' lang='lat' dir='ltr'><em>B</em></span> <span class='ocrx_word' id='word_1_480' title='bbox 683 4555 811 4621; x_wconf 88' lang='lat' dir='ltr'><strong>inpendiis</strong></span> <span class='ocrx_word' id='word_1_481' title='bbox 822 4556 889 4621; x_wconf 82' lang='lat' dir='ltr'><strong>fort</strong></span> <span class='ocrx_word' id='word_1_482' title='bbox 908 4554 1046 4607; x_wconf 61' lang='lat' dir='ltr'><strong>&amp;lendum</strong></span> <span class='ocrx_word' id='word_1_483' title='bbox 1152 4554 1257 4610; x_wconf 70' lang='lat' dir='ltr'><strong>tacius</strong></span> <span class='ocrx_word' id='word_1_484' title='bbox 1270 4556 1295 4607; x_wconf 88' lang='grc' dir='ltr'><em>Β</em></span> <span class='ocrx_word' id='word_1_485' title='bbox 1363 4558 1485 4610; x_wconf 89' lang='lat' dir='ltr'><strong>bellicum</strong></span> <span class='ocrx_word' id='word_1_486' title='bbox 1504 4559 1623 4609; x_wconf 88' lang='lat' dir='ltr'><strong>cinerunt</strong></span> <span class='ocrx_word' id='word_1_487' title='bbox 1635 4556 1668 4620; x_wconf 88' lang='lat' dir='ltr'><strong>B,</strong></span> <span class='ocrx_word' id='word_1_488' title='bbox 1684 4556 1747 4608; x_wconf 86' lang='lat' dir='ltr'><strong>belli</strong></span> <span class='ocrx_word' id='word_1_489' title='bbox 1763 4555 1963 4608; x_wconf 76' lang='lat' dir='ltr'><strong>wncinmunth</strong></span> 
     </span>
     <span class='ocr_line' id='line_1_43' title="bbox 301 4636 1964 4710; baseline 0.002 -21"><span class='ocrx_word' id='word_1_490' title='bbox 301 4636 320 4689; x_wconf 86' lang='lat'>3</span> <span class='ocrx_word' id='word_1_491' title='bbox 337 4636 368 4703; x_wconf 90' lang='lat' dir='ltr'><strong>si]</strong></span> <span class='ocrx_word' id='word_1_492' title='bbox 387 4639 460 4705; x_wconf 88' lang='lat' dir='ltr'><strong>quasi</strong></span> <span class='ocrx_word' id='word_1_493' title='bbox 472 4657 552 4706; x_wconf 78' lang='lat' dir='ltr'><strong>prop.</strong></span> <span class='ocrx_word' id='word_1_494' title='bbox 566 4639 663 4692; x_wconf 77' lang='lat' dir='ltr'><strong>Hartel</strong></span> <span class='ocrx_word' id='word_1_495' title='bbox 731 4641 827 4692; x_wconf 86' lang='lat' dir='ltr'><strong>dextris</strong></span> <span class='ocrx_word' id='word_1_496' title='bbox 842 4639 919 4690; x_wconf 70' lang='lat' dir='ltr'><strong>Ver</strong></span> <span class='ocrx_word' id='word_1_497' title='bbox 988 4643 1065 4708; x_wconf 79' lang='lat' dir='ltr'><strong>cupis</strong></span> <span class='ocrx_word' id='word_1_498' title='bbox 1077 4642 1102 4692; x_wconf 98' lang='grc' dir='ltr'><em>Β</em></span> <span class='ocrx_word' id='word_1_499' title='bbox 1216 4641 1232 4694; x_wconf 85' lang='grc'><strong>4</strong></span> <span class='ocrx_word' id='word_1_500' title='bbox 1251 4644 1327 4695; x_wconf 90' lang='lat' dir='ltr'><strong>utiles</strong></span> <span class='ocrx_word' id='word_1_501' title='bbox 1339 4644 1364 4694; x_wconf 90' lang='lat' dir='ltr'><em>B</em></span> <span class='ocrx_word' id='word_1_502' title='bbox 1476 4642 1493 4693; x_wconf 79' lang='lat'>5</span> <span class='ocrx_word' id='word_1_503' title='bbox 1511 4644 1660 4710; x_wconf 81' lang='lat' dir='ltr'><strong>prouidenta</strong></span> <span class='ocrx_word' id='word_1_504' title='bbox 1668 4660 1698 4709; x_wconf 80' lang='lat' dir='ltr'><strong>p,</strong></span> <span class='ocrx_word' id='word_1_505' title='bbox 1716 4640 1852 4709; x_wconf 85' lang='lat' dir='ltr'><strong>prouident</strong></span> <span class='ocrx_word' id='word_1_506' title='bbox 1864 4639 1964 4693; x_wconf 62' lang='lat' dir='ltr'><strong>limat</strong></span> 
     </span>
     <span class='ocr_line' id='line_1_44' title="bbox 302 4724 2083 4797; baseline 0.003 -21"><span class='ocrx_word' id='word_1_507' title='bbox 302 4724 493 4778; x_wconf 82' lang='lat' dir='ltr'><strong>nscrueriturB</strong></span> <span class='ocrx_word' id='word_1_508' title='bbox 556 4725 638 4792; x_wconf 85' lang='lat' dir='ltr'><strong>prima</strong></span> <span class='ocrx_word' id='word_1_509' title='bbox 655 4726 731 4778; x_wconf 81' lang='lat' dir='ltr'><strong>etiam</strong></span> <span class='ocrx_word' id='word_1_510' title='bbox 748 4727 772 4778; x_wconf 88' lang='lat' dir='ltr'><strong>d.</strong></span> <span class='ocrx_word' id='word_1_511' title='bbox 787 4725 866 4777; x_wconf 76' lang='lat' dir='ltr'><strong>Sim.</strong></span> <span class='ocrx_word' id='word_1_512' title='bbox 932 4736 957 4779; x_wconf 89' lang='lat' dir='ltr'><strong>te</strong></span> <span class='ocrx_word' id='word_1_513' title='bbox 975 4738 1060 4780; x_wconf 64' lang='lat' dir='ltr'><strong>umen</strong></span> <span class='ocrx_word' id='word_1_514' title='bbox 1076 4730 1165 4781; x_wconf 84' lang='lat' dir='ltr'><strong>malim</strong></span> <span class='ocrx_word' id='word_1_515' title='bbox 1235 4731 1344 4783; x_wconf 86' lang='lat' dir='ltr'><strong>candida</strong></span> <span class='ocrx_word' id='word_1_516' title='bbox 1361 4731 1422 4797; x_wconf 89' lang='lat' dir='ltr'><strong>reip.</strong></span> <span class='ocrx_word' id='word_1_517' title='bbox 1436 4730 1469 4793; x_wconf 84' lang='lat' dir='ltr'><strong>B,</strong></span> <span class='ocrx_word' id='word_1_518' title='bbox 1486 4731 1549 4796; x_wconf 88' lang='lat' dir='ltr'><strong>reip.</strong></span> <span class='ocrx_word' id='word_1_519' title='bbox 1567 4729 1675 4780; x_wconf 87' lang='lat' dir='ltr'><strong>candida</strong></span> <span class='ocrx_word' id='word_1_520' title='bbox 1692 4728 1767 4781; x_wconf 64' lang='lat' dir='ltr'><strong>mari</strong></span> <span class='ocrx_word' id='word_1_521' title='bbox 1868 4725 1963 4795; x_wconf 83' lang='lat' dir='ltr'><strong>liper-</strong></span> <span class='ocrx_word' id='word_1_522' title='bbox 2071 4772 2083 4781; x_wconf 79' lang='lat'><strong>.</strong></span> 
     </span>
     <span class='ocr_line' id='line_1_45' title="bbox 302 4810 1962 4881; baseline 0.001 -18"><span class='ocrx_word' id='word_1_523' title='bbox 302 4810 454 4877; x_wconf 83' lang='lat' dir='ltr'><strong>urgebatV</strong></span> <span class='ocrx_word' id='word_1_524' title='bbox 552 4813 682 4865; x_wconf 69' lang='lat' dir='ltr'><strong>desbmrie</strong></span> <span class='ocrx_word' id='word_1_525' title='bbox 702 4813 807 4864; x_wconf 89' lang='lat' dir='ltr'><strong>iteneris</strong></span> <span class='ocrx_word' id='word_1_526' title='bbox 826 4812 851 4862; x_wconf 98' lang='grc' dir='ltr'><em>Β</em></span> <span class='ocrx_word' id='word_1_527' title='bbox 995 4810 1098 4880; x_wconf 78' lang='lat' dir='ltr'><strong>‘liguis</strong></span> <span class='ocrx_word' id='word_1_528' title='bbox 1116 4812 1141 4862; x_wconf 93' lang='lat' dir='ltr'><em>B</em></span> <span class='ocrx_word' id='word_1_529' title='bbox 1245 4815 1373 4866; x_wconf 80' lang='lat' dir='ltr'><strong>rutilantis</strong></span> <span class='ocrx_word' id='word_1_530' title='bbox 1390 4814 1415 4864; x_wconf 97' lang='grc' dir='ltr'><em>Β</em></span> <span class='ocrx_word' id='word_1_531' title='bbox 1552 4812 1570 4865; x_wconf 89' lang='grc'>8</span> <span class='ocrx_word' id='word_1_532' title='bbox 1593 4815 1621 4865; x_wconf 89' lang='lat' dir='ltr'><strong>in</strong></span> <span class='ocrx_word' id='word_1_533' title='bbox 1643 4815 1754 4880; x_wconf 84' lang='lat' dir='ltr'><strong>abrupto</strong></span> <span class='ocrx_word' id='word_1_534' title='bbox 1776 4820 1831 4867; x_wconf 81' lang='lat' dir='ltr'><strong>tum</strong></span> <span class='ocrx_word' id='word_1_535' title='bbox 1854 4820 1881 4866; x_wconf 80' lang='lat' dir='ltr'><strong>te</strong></span> <span class='ocrx_word' id='word_1_536' title='bbox 1890 4814 1962 4881; x_wconf 80' lang='lat' dir='ltr'><strong>sort.</strong></span> 
     </span>
     <span class='ocr_line' id='line_1_46' title="bbox 301 4896 1963 4966; baseline 0.003 -19"><span class='ocrx_word' id='word_1_537' title='bbox 301 4897 435 4950; x_wconf 86' lang='lat' dir='ltr'><strong>dedicissis</strong></span> <span class='ocrx_word' id='word_1_538' title='bbox 447 4897 472 4947; x_wconf 91' lang='grc' dir='ltr'><em>Β</em></span> <span class='ocrx_word' id='word_1_539' title='bbox 579 4897 596 4949; x_wconf 86' lang='lat'>9</span> <span class='ocrx_word' id='word_1_540' title='bbox 613 4897 679 4966; x_wconf 85' lang='lat' dir='ltr'><strong>dies]</strong></span> <span class='ocrx_word' id='word_1_541' title='bbox 697 4900 737 4950; x_wconf 91' lang='lat' dir='ltr'><strong>dis</strong></span> <span class='ocrx_word' id='word_1_542' title='bbox 750 4897 863 4949; x_wconf 69' lang='lat' dir='ltr'><strong>311²!st</strong></span> <span class='ocrx_word' id='word_1_543' title='bbox 973 4897 1008 4950; x_wconf 86' lang='lat'><strong>10</strong></span> <span class='ocrx_word' id='word_1_544' title='bbox 1025 4900 1136 4953; x_wconf 84' lang='lat' dir='ltr'><strong>allatura</strong></span> <span class='ocrx_word' id='word_1_545' title='bbox 1152 4900 1176 4949; x_wconf 89' lang='lat' dir='ltr'><em>V</em></span> <span class='ocrx_word' id='word_1_546' title='bbox 1246 4902 1344 4953; x_wconf 89' lang='lat' dir='ltr'><strong>cruceis</strong></span> <span class='ocrx_word' id='word_1_547' title='bbox 1356 4901 1381 4951; x_wconf 92' lang='lat' dir='ltr'><em>B</em></span> <span class='ocrx_word' id='word_1_548' title='bbox 1450 4901 1538 4952; x_wconf 78' lang='lat' dir='ltr'><strong>coeam</strong></span> <span class='ocrx_word' id='word_1_549' title='bbox 1556 4899 1593 4963; x_wconf 83' lang='lat' dir='ltr'><strong>(ui</strong></span> <span class='ocrx_word' id='word_1_550' title='bbox 1610 4900 1639 4950; x_wconf 82' lang='lat' dir='ltr'><strong>iu</strong></span> <span class='ocrx_word' id='word_1_551' title='bbox 1651 4898 1697 4962; x_wconf 85' lang='lat' dir='ltr'><strong>lit.)</strong></span> <span class='ocrx_word' id='word_1_552' title='bbox 1710 4898 1735 4949; x_wconf 90' lang='lat' dir='ltr'><strong><em>B</em></strong></span> <span class='ocrx_word' id='word_1_553' title='bbox 1847 4896 1880 4949; x_wconf 94' lang='lat' dir='ltr'><strong>ll</strong></span> <span class='ocrx_word' id='word_1_554' title='bbox 1898 4898 1963 4952; x_wconf 89' lang='lat' dir='ltr'><strong>buc·</strong></span> 
     </span>
     <span class='ocr_line' id='line_1_47' title="bbox 302 4980 1965 5050; baseline 0.002 -16"><span class='ocrx_word' id='word_1_555' title='bbox 302 4983 376 5034; x_wconf 83' lang='lat' dir='ltr'><strong>cinae</strong></span> <span class='ocrx_word' id='word_1_556' title='bbox 386 5000 405 5049; x_wconf 84' lang='lat' dir='ltr'><strong>p</strong></span> <span class='ocrx_word' id='word_1_557' title='bbox 503 4981 536 5034; x_wconf 74' lang='lat' dir='ltr'><strong>l‘d</strong></span> <span class='ocrx_word' id='word_1_558' title='bbox 555 4986 650 5037; x_wconf 75' lang='lat' dir='ltr'><strong>salebia</strong></span> <span class='ocrx_word' id='word_1_559' title='bbox 662 4984 695 5048; x_wconf 89' lang='lat' dir='ltr'><strong>B,</strong></span> <span class='ocrx_word' id='word_1_560' title='bbox 712 4986 801 5036; x_wconf 78' lang='lat' dir='ltr'><strong>calibis</strong></span> <span class='ocrx_word' id='word_1_561' title='bbox 817 4985 841 5034; x_wconf 86' lang='lat' dir='ltr'><strong><em>V</em></strong></span> <span class='ocrx_word' id='word_1_562' title='bbox 936 4983 967 5037; x_wconf 88' lang='grc'><strong>13</strong></span> <span class='ocrx_word' id='word_1_563' title='bbox 984 4986 1076 5037; x_wconf 77' lang='lat' dir='ltr'><strong>uindix</strong></span> <span class='ocrx_word' id='word_1_564' title='bbox 1137 4987 1261 5038; x_wconf 83' lang='lat' dir='ltr'><strong>libertatis</strong></span> <span class='ocrx_word' id='word_1_565' title='bbox 1280 4985 1330 5048; x_wconf 83' lang='lat' dir='ltr'><strong>(rta</strong></span> <span class='ocrx_word' id='word_1_566' title='bbox 1341 4987 1370 5036; x_wconf 80' lang='lat' dir='ltr'><strong>iu</strong></span> <span class='ocrx_word' id='word_1_567' title='bbox 1382 4984 1430 5050; x_wconf 82' lang='lat' dir='ltr'><strong>lit.)</strong></span> <span class='ocrx_word' id='word_1_568' title='bbox 1443 4985 1469 5035; x_wconf 91' lang='grc' dir='ltr'><em>Β</em></span> <span class='ocrx_word' id='word_1_569' title='bbox 1565 4982 1598 5035; x_wconf 84' lang='grc'><strong>15</strong></span> <span class='ocrx_word' id='word_1_570' title='bbox 1616 4992 1726 5037; x_wconf 87' lang='lat' dir='ltr'><strong>euentus</strong></span> <span class='ocrx_word' id='word_1_571' title='bbox 1742 4980 1965 5037; x_wconf 70' lang='lat' dir='ltr'><strong>VlthdlUFD</strong></span> 
     </span>
     <span class='ocr_line' id='line_1_48' title="bbox 302 5067 1964 5139; baseline 0.002 -20"><span class='ocrx_word' id='word_1_572' title='bbox 302 5068 425 5121; x_wconf 81' lang='lat' dir='ltr'><strong>attonitae</strong></span> <span class='ocrx_word' id='word_1_573' title='bbox 441 5068 465 5118; x_wconf 86' lang='lat' dir='ltr'><em>V</em></span> <span class='ocrx_word' id='word_1_574' title='bbox 595 5067 626 5121; x_wconf 87' lang='lat' dir='ltr'><strong>l&#39;l</strong></span> <span class='ocrx_word' id='word_1_575' title='bbox 644 5070 681 5121; x_wconf 87' lang='lat' dir='ltr'><strong>tili</strong></span> <span class='ocrx_word' id='word_1_576' title='bbox 694 5070 727 5133; x_wconf 91' lang='lat' dir='ltr'><strong>B,</strong></span> <span class='ocrx_word' id='word_1_577' title='bbox 744 5071 791 5122; x_wconf 86' lang='lat' dir='ltr'><strong>tilii</strong></span> <span class='ocrx_word' id='word_1_578' title='bbox 808 5072 884 5124; x_wconf 79' lang='lat' dir='ltr'><strong>catari</strong></span> <span class='ocrx_word' id='word_1_579' title='bbox 1016 5068 1051 5121; x_wconf 71' lang='lat'><strong>20</strong></span> <span class='ocrx_word' id='word_1_580' title='bbox 1068 5072 1182 5124; x_wconf 82' lang='lat' dir='ltr'><strong>dextram</strong></span> <span class='ocrx_word' id='word_1_581' title='bbox 1202 5073 1267 5135; x_wconf 83' lang='lat' dir='ltr'><strong>(scil.</strong></span> <span class='ocrx_word' id='word_1_582' title='bbox 1286 5072 1424 5133; x_wconf 80' lang='lat' dir='ltr'><strong>fortunam)</strong></span> <span class='ocrx_word' id='word_1_583' title='bbox 1443 5072 1543 5137; x_wconf 68' lang='lat' dir='ltr'><strong>scripta,</strong></span> <span class='ocrx_word' id='word_1_584' title='bbox 1564 5072 1683 5123; x_wconf 88' lang='lat' dir='ltr'><strong>dextrum</strong></span> <span class='ocrx_word' id='word_1_585' title='bbox 1701 5071 1807 5135; x_wconf 77' lang='lat' dir='ltr'><strong>codices,</strong></span> <span class='ocrx_word' id='word_1_586' title='bbox 1828 5070 1934 5123; x_wconf 79' lang='lat' dir='ltr'><strong>dextros</strong></span> <span class='ocrx_word' id='word_1_587' title='bbox 1943 5090 1964 5139; x_wconf 81' lang='lat' dir='ltr'><strong>p</strong></span> 
     </span>
     <span class='ocr_line' id='line_1_49' title="bbox 302 5152 1963 5226; baseline 0.004 -23"><span class='ocrx_word' id='word_1_588' title='bbox 302 5152 334 5203; x_wconf 73' lang='lat' dir='ltr'><strong>‘tl</strong></span> <span class='ocrx_word' id='word_1_589' title='bbox 354 5155 440 5206; x_wconf 86' lang='lat' dir='ltr'><strong>omina</strong></span> <span class='ocrx_word' id='word_1_590' title='bbox 459 5154 518 5219; x_wconf 77' lang='lat' dir='ltr'><strong>VM,</strong></span> <span class='ocrx_word' id='word_1_591' title='bbox 535 5156 621 5207; x_wconf 85' lang='lat' dir='ltr'><strong>emnia</strong></span> <span class='ocrx_word' id='word_1_592' title='bbox 638 5157 714 5208; x_wconf 74' lang='lat' dir='ltr'><strong>catari</strong></span> <span class='ocrx_word' id='word_1_593' title='bbox 851 5154 885 5208; x_wconf 76' lang='lat'><strong>‘23</strong></span> <span class='ocrx_word' id='word_1_594' title='bbox 904 5154 1038 5224; x_wconf 84' lang='lat' dir='ltr'><strong>tormenta]</strong></span> <span class='ocrx_word' id='word_1_595' title='bbox 1056 5167 1207 5212; x_wconf 85' lang='lat' dir='ltr'><strong>ornamenta</strong></span> <span class='ocrx_word' id='word_1_596' title='bbox 1218 5178 1240 5226; x_wconf 82' lang='lat' dir='ltr'><strong>p</strong></span> <span class='ocrx_word' id='word_1_597' title='bbox 1253 5160 1340 5226; x_wconf 72' lang='lat' dir='ltr'><strong>lasney.</strong></span> <span class='ocrx_word' id='word_1_598' title='bbox 1480 5156 1515 5208; x_wconf 75' lang='lat'><strong>25</strong></span> <span class='ocrx_word' id='word_1_599' title='bbox 1533 5160 1659 5211; x_wconf 78' lang='lat' dir='ltr'><strong>feriendos</strong></span> <span class='ocrx_word' id='word_1_600' title='bbox 1670 5156 1710 5226; x_wconf 74' lang='lat' dir='ltr'><strong>p⁴</strong></span> <span class='ocrx_word' id='word_1_601' title='bbox 1727 5158 1754 5209; x_wconf 87' lang='lat' dir='ltr'><strong>iu</strong></span> <span class='ocrx_word' id='word_1_602' title='bbox 1776 5175 1825 5225; x_wconf 78' lang='lat' dir='ltr'><strong>mg.</strong></span> <span class='ocrx_word' id='word_1_603' title='bbox 1843 5166 1869 5209; x_wconf 78' lang='lat' dir='ltr'><strong>ct</strong></span> <span class='ocrx_word' id='word_1_604' title='bbox 1880 5156 1963 5209; x_wconf 75' lang='lat' dir='ltr'><strong>Sim.</strong></span> 
     </span>
     <span class='ocr_line' id='line_1_50' title="bbox 305 5241 1965 5313; baseline 0.004 -23"><span class='ocrx_word' id='word_1_605' title='bbox 305 5242 349 5303; x_wconf 75' lang='lat' dir='ltr'><strong>(cf.</strong></span> <span class='ocrx_word' id='word_1_606' title='bbox 365 5259 392 5307; x_wconf 87' lang='lat' dir='ltr'><strong>p.</strong></span> <span class='ocrx_word' id='word_1_607' title='bbox 407 5246 464 5299; x_wconf 79' lang='lat'><strong>150,</strong></span> <span class='ocrx_word' id='word_1_608' title='bbox 477 5241 526 5305; x_wconf 88' lang='lat'><strong>11),</strong></span> <span class='ocrx_word' id='word_1_609' title='bbox 544 5243 673 5295; x_wconf 82' lang='lat' dir='ltr'><strong>feriendus</strong></span> <span class='ocrx_word' id='word_1_610' title='bbox 686 5243 718 5307; x_wconf 92' lang='lat' dir='ltr'><strong>B,</strong></span> <span class='ocrx_word' id='word_1_611' title='bbox 737 5242 837 5295; x_wconf 84' lang='lat' dir='ltr'><strong>leriend</strong></span> <span class='ocrx_word' id='word_1_612' title='bbox 850 5244 903 5307; x_wconf 84' lang='lat' dir='ltr'><strong>VL,</strong></span> <span class='ocrx_word' id='word_1_613' title='bbox 921 5245 1065 5296; x_wconf 80' lang='lat' dir='ltr'><strong>feriendum</strong></span> <span class='ocrx_word' id='word_1_614' title='bbox 1083 5246 1129 5297; x_wconf 82' lang='lat' dir='ltr'><strong>rel.</strong></span> <span class='ocrx_word' id='word_1_615' title='bbox 1226 5244 1261 5297; x_wconf 73' lang='lat'><strong>‘26</strong></span> <span class='ocrx_word' id='word_1_616' title='bbox 1278 5248 1390 5298; x_wconf 77' lang='lat' dir='ltr'><strong>iacentes</strong></span> <span class='ocrx_word' id='word_1_617' title='bbox 1408 5245 1476 5309; x_wconf 82' lang='lat' dir='ltr'><strong>libri,</strong></span> <span class='ocrx_word' id='word_1_618' title='bbox 1492 5246 1590 5297; x_wconf 77' lang='lat' dir='ltr'><strong>cmcrrd</strong></span> <span class='ocrx_word' id='word_1_619' title='bbox 1604 5244 1682 5296; x_wconf 74' lang='lat' dir='ltr'><strong>Sim.</strong></span> <span class='ocrx_word' id='word_1_620' title='bbox 1776 5242 1810 5295; x_wconf 78' lang='grc'><strong>21</strong></span> <span class='ocrx_word' id='word_1_621' title='bbox 1828 5245 1926 5313; x_wconf 82' lang='lat' dir='ltr'><strong>exeipit</strong></span> <span class='ocrx_word' id='word_1_622' title='bbox 1938 5245 1965 5297; x_wconf 87' lang='grc' dir='ltr'><em>Β</em></span> 
     </span>
     <span class='ocr_line' id='line_1_51' title="bbox 303 5325 1966 5399; baseline 0.004 -20"><span class='ocrx_word' id='word_1_623' title='bbox 303 5325 384 5394; x_wconf 80' lang='lat' dir='ltr'><strong>tergo]</strong></span> <span class='ocrx_word' id='word_1_624' title='bbox 402 5345 464 5395; x_wconf 84' lang='lat' dir='ltr'><strong>ergo</strong></span> <span class='ocrx_word' id='word_1_625' title='bbox 482 5327 560 5379; x_wconf 77' lang='lat' dir='ltr'><strong>Sir-m</strong></span> <span class='ocrx_word' id='word_1_626' title='bbox 657 5330 782 5381; x_wconf 88' lang='lat' dir='ltr'><strong>lituorum</strong></span> <span class='ocrx_word' id='word_1_627' title='bbox 800 5328 868 5395; x_wconf 80' lang='lat' dir='ltr'><strong>T²p,</strong></span> <span class='ocrx_word' id='word_1_628' title='bbox 890 5330 993 5383; x_wconf 89' lang='lat' dir='ltr'><strong>litorum</strong></span> <span class='ocrx_word' id='word_1_629' title='bbox 1012 5332 1087 5383; x_wconf 82' lang='lat' dir='ltr'><strong>ceteri</strong></span> <span class='ocrx_word' id='word_1_630' title='bbox 1218 5330 1252 5382; x_wconf 72' lang='lat' dir='ltr'><strong>at</strong></span> <span class='ocrx_word' id='word_1_631' title='bbox 1275 5332 1397 5384; x_wconf 79' lang='lat' dir='ltr'><strong>affatibus</strong></span> <span class='ocrx_word' id='word_1_632' title='bbox 1417 5331 1442 5380; x_wconf 80' lang='lat' dir='ltr'><strong><em>V</em></strong></span> <span class='ocrx_word' id='word_1_633' title='bbox 1532 5332 1646 5398; x_wconf 85' lang='lat' dir='ltr'><strong>legiones</strong></span> <span class='ocrx_word' id='word_1_634' title='bbox 1668 5328 1735 5397; x_wconf 60' lang='lat' dir='ltr'><strong>Ttp,</strong></span> <span class='ocrx_word' id='word_1_635' title='bbox 1760 5331 1869 5399; x_wconf 81' lang='lat' dir='ltr'><strong>legionis</strong></span> <span class='ocrx_word' id='word_1_636' title='bbox 1885 5333 1966 5385; x_wconf 71' lang='lat' dir='ltr'><strong>meri</strong></span> 
     </span>
     <span class='ocr_line' id='line_1_52' title="bbox 303 5410 1965 5480; baseline 0.005 -19"><span class='ocrx_word' id='word_1_637' title='bbox 303 5410 338 5461; x_wconf 76' lang='lat'><strong>⁸29</strong></span> <span class='ocrx_word' id='word_1_638' title='bbox 355 5415 505 5466; x_wconf 83' lang='lat' dir='ltr'><strong>caelicolum</strong></span> <span class='ocrx_word' id='word_1_639' title='bbox 526 5413 567 5480; x_wconf 91' lang='lat' dir='ltr'><strong>ne]</strong></span> <span class='ocrx_word' id='word_1_640' title='bbox 592 5416 657 5468; x_wconf 90' lang='lat' dir='ltr'><strong>caeli</strong></span> <span class='ocrx_word' id='word_1_641' title='bbox 678 5416 814 5467; x_wconf 86' lang='lat' dir='ltr'><strong>columnae</strong></span> <span class='ocrx_word' id='word_1_642' title='bbox 829 5415 855 5466; x_wconf 89' lang='lat' dir='ltr'><em>B</em></span> <span class='ocrx_word' id='word_1_643' title='bbox 958 5417 1129 5469; x_wconf 87' lang='lat' dir='ltr'><strong>multitudinis</strong></span> <span class='ocrx_word' id='word_1_644' title='bbox 1146 5415 1187 5467; x_wconf 75' lang='grc' dir='ltr'><strong>Β1</strong></span> <span class='ocrx_word' id='word_1_645' title='bbox 1324 5415 1361 5469; x_wconf 88' lang='grc'><strong>30</strong></span> <span class='ocrx_word' id='word_1_646' title='bbox 1383 5425 1559 5469; x_wconf 83' lang='lat' dir='ltr'><strong>exsecutorem</strong></span> <span class='ocrx_word' id='word_1_647' title='bbox 1574 5416 1600 5465; x_wconf 84' lang='lat' dir='ltr'><em>V</em></span> <span class='ocrx_word' id='word_1_648' title='bbox 1731 5413 1765 5468; x_wconf 85' lang='grc'><strong>31</strong></span> <span class='ocrx_word' id='word_1_649' title='bbox 1788 5417 1922 5471; x_wconf 68' lang='lat' dir='ltr'><strong>inunitae</strong></span> <span class='ocrx_word' id='word_1_650' title='bbox 1936 5418 1965 5469; x_wconf 89' lang='lat' dir='ltr'><em>B</em></span> 
     </span>
     <span class='ocr_line' id='line_1_53' title="bbox 303 5494 1965 5569; baseline 0.007 -22"><span class='ocrx_word' id='word_1_651' title='bbox 303 5494 338 5547; x_wconf 69' lang='grc'><strong>33</strong></span> <span class='ocrx_word' id='word_1_652' title='bbox 356 5500 463 5567; x_wconf 86' lang='lat' dir='ltr'><strong>praepiti</strong></span> <span class='ocrx_word' id='word_1_653' title='bbox 476 5499 501 5550; x_wconf 92' lang='grc' dir='ltr'><em>Β</em></span> <span class='ocrx_word' id='word_1_654' title='bbox 596 5498 631 5551; x_wconf 86' lang='grc'><strong>33</strong></span> <span class='ocrx_word' id='word_1_655' title='bbox 648 5499 714 5567; x_wconf 89' lang='lat' dir='ltr'><strong>uice]</strong></span> <span class='ocrx_word' id='word_1_656' title='bbox 727 5518 790 5553; x_wconf 67' lang='lat' dir='ltr'><strong>neta</strong></span> <span class='ocrx_word' id='word_1_657' title='bbox 802 5500 899 5553; x_wconf 78' lang='lat' dir='ltr'><strong>Hartcl</strong></span> <span class='ocrx_word' id='word_1_658' title='bbox 994 5499 1030 5553; x_wconf 78' lang='lat'><strong>34</strong></span> <span class='ocrx_word' id='word_1_659' title='bbox 1047 5503 1194 5555; x_wconf 83' lang='lat' dir='ltr'><strong>tumlaoeris</strong></span> <span class='ocrx_word' id='word_1_660' title='bbox 1206 5502 1231 5553; x_wconf 90' lang='lat' dir='ltr'><em>B</em></span> <span class='ocrx_word' id='word_1_661' title='bbox 1325 5500 1361 5554; x_wconf 81' lang='lat'><strong>35</strong></span> <span class='ocrx_word' id='word_1_662' title='bbox 1377 5503 1504 5556; x_wconf 72' lang='lat' dir='ltr'><strong>sufficerit</strong></span> <span class='ocrx_word' id='word_1_663' title='bbox 1516 5503 1541 5553; x_wconf 90' lang='lat' dir='ltr'><em>B</em></span> <span class='ocrx_word' id='word_1_664' title='bbox 1635 5500 1671 5554; x_wconf 83' lang='grc'><strong>36</strong></span> <span class='ocrx_word' id='word_1_665' title='bbox 1687 5502 1762 5556; x_wconf 78' lang='lat' dir='ltr'><strong>sorde</strong></span> <span class='ocrx_word' id='word_1_666' title='bbox 1775 5500 1782 5569; x_wconf 92' lang='grc' dir='ltr'>Ι</span> <span class='ocrx_word' id='word_1_667' title='bbox 1795 5504 1831 5557; x_wconf 79' lang='lat' dir='ltr'><strong>n&#39;t</strong></span> <span class='ocrx_word' id='word_1_668' title='bbox 1840 5504 1908 5557; x_wconf 76' lang='lat' dir='ltr'><strong>alise</strong></span> <span class='ocrx_word' id='word_1_669' title='bbox 1920 5502 1965 5559; x_wconf 67' lang='lat' dir='ltr'><strong>B!</strong></span> 
     </span>
     <span class='ocr_line' id='line_1_54' title="bbox 303 5581 1779 5663; baseline 0.009 -29"><span class='ocrx_word' id='word_1_670' title='bbox 303 5581 400 5636; x_wconf 82' lang='lat' dir='ltr'><strong>diluisti</strong></span> <span class='ocrx_word' id='word_1_671' title='bbox 413 5582 501 5636; x_wconf 74' lang='lat' dir='ltr'><strong>Sabou</strong></span> <span class='ocrx_word' id='word_1_672' title='bbox 519 5584 565 5649; x_wconf 76' lang='lat' dir='ltr'><strong>(cf.</strong></span> <span class='ocrx_word' id='word_1_673' title='bbox 584 5584 831 5651; x_wconf 77' lang='lat' dir='ltr'><strong>186,19),deluisti</strong></span> <span class='ocrx_word' id='word_1_674' title='bbox 849 5585 909 5639; x_wconf 77' lang='lat' dir='ltr'><strong>libri</strong></span> <span class='ocrx_word' id='word_1_675' title='bbox 978 5587 1068 5638; x_wconf 87' lang='lat' dir='ltr'><strong>mundi</strong></span> <span class='ocrx_word' id='word_1_676' title='bbox 1086 5590 1222 5656; x_wconf 70' lang='lat' dir='ltr'><strong>hecernp,</strong></span> <span class='ocrx_word' id='word_1_677' title='bbox 1239 5588 1404 5644; x_wconf 80' lang='lat' dir='ltr'><strong>mundificari</strong></span> <span class='ocrx_word' id='word_1_678' title='bbox 1421 5588 1520 5645; x_wconf 72' lang='lat' dir='ltr'><strong>cadim</strong></span> <span class='ocrx_word' id='word_1_679' title='bbox 1588 5589 1724 5663; x_wconf 84' lang='lat' dir='ltr'><strong>dispendia</strong></span> <span class='ocrx_word' id='word_1_680' title='bbox 1736 5586 1779 5647; x_wconf 78' lang='lat' dir='ltr'><strong>B¹</strong></span> 
     </span>
    </p>
   </div>
   <div class='ocr_carea' id='block_1_6' title="bbox 0 0 2254 6228">
    <p class='ocr_par' dir='ltr' id='par_1_6' title="bbox 0 0 2254 6228">
     <span class='ocr_line' id='line_1_55' title="bbox 0 0 2254 6228; baseline 0 0"><span class='ocrx_word' id='word_1_681' title='bbox 0 0 2254 6228; x_wconf 95' lang='lat' dir='ltr'><strong> </strong></span> 
     </span>
    </p>
   </div>
  </div>
 </body>
</html>
