4500 6232
711 306 800 361 unxi
818 306 942 375 (aaran.
960 310 985 371 s,
1003 309 1041 374 4),
1060 307 1162 361 nxxn
1181 306 1303 374 (aaran.
1322 308 1347 370 a,
1365 309 1401 371 s).

878 597 998 664 nxxl
1022 598 1131 683 (nnrsr.
1147 604 1177 680 3,
1194 602 1239 685 l).

704 794 941 868 ENNODIVS
972 795 1151 868 ABBATI
1179 794 1409 867 STEFANO.

346 941 552 1034 Litterarum
584 978 764 1035 vestrarum
796 993 892 1057 quam
928 971 1024 1036 dulce
1059 973 1226 1056 nogotium
1257 976 1322 1041 cst,
1357 968 1442 1055 quod
1480 969 1556 1032 milri
1589 970 1734 1054 spiritale
1770 970 1912 1034 munusl

231 1071 392 1137 exhibuit!
431 1094 528 1157 quam
543 1074 652 1138 votivo
667 1075 865 1160 perlatorum
883 1078 1071 1154 necessitas,
1097 1097 1180 1161 quae
1198 1073 1336 1139 romedii
1354 1073 1403 1136 sui
1420 1071 1528 1136 studio
1545 1071 1716 1136 desideriis
1738 1073 1888 1138 medetur

230 1175 360 1241 olienis!
407 1178 571 1258 confiteor,
603 1178 663 1241 nisi
692 1187 892 1263 repugnaret
921 1181 1104 1266 proposito,
1137 1179 1268 1242 inimica
1291 1198 1397 1262 paene
1421 1176 1462 1240 ad
1488 1175 1682 1240 turbandam
1706 1177 1886 1261 aliquorum

166 1326 169 1335 ·
231 1279 439 1344 securitatem
468 1286 546 1345 vota
579 1282 796 1367 conciperem.
847 1305 924 1347 cccc
964 1289 1134 1369 praestant
1169 1281 1320 1349 adversa,
1356 1279 1439 1365 quod
1467 1278 1612 1343 secunda
1639 1301 1701 1343 non
1730 1279 1887 1344 tribuunt.

230 1389 414 1447 sanctorum
438 1385 565 1449 litteras
588 1385 771 1470 tranquillis
795 1387 892 1451 rebus
916 1387 1001 1451 unde
1018 1392 1171 1472 peccator
1186 1386 1379 1470 acciperem,
1406 1405 1486 1468 quas
1503 1404 1679 1467 numquam
1696 1384 1886 1448 meritorum

231 1507 376 1550 meorum
399 1487 486 1551 nitor
508 1488 640 1572 exegit?
679 1510 757 1553 ecce
781 1495 937 1573 quantum
959 1490 1039 1553 mihi
1055 1490 1262 1553 contulerunt
1282 1488 1473 1573 suffragium
1490 1488 1543 1572 qui
1561 1509 1580 1550 a
1598 1487 1689 1551 vobis
1706 1483 1921 1552 obtinuisset

231 1611 267 1653 sc
290 1590 493 1655 confitentur.
538 1590 680 1656 divinam
702 1593 839 1658 aestimo
869 1592 1111 1677 providentiam
1138 1593 1203 1656 ista
1232 1592 1386 1655 tribuere.
1432 1591 1569 1654 multum
1593 1592 1655 1654 iam
1680 1589 1778 1654 credo
1802 1589 1889 1674 quod

231 1691 272 1755 de
304 1691 411 1757 malae
446 1696 703 1760 conversationis
737 1697 827 1761 fasce
863 1697 1012 1783 deposui.
1065 1698 1234 1784 proximus
1271 1704 1321 1761 est
1354 1697 1577 1776 innocentiae,
1612 1697 1666 1781 qui
1702 1702 1888 1760 sanctonum

165 1826 179 1853 a
231 1801 375 1860 meretur
397 1797 550 1882 alloquia.
590 1819 689 1883 quare
714 1799 791 1864 dum
813 1822 865 1865 me
889 1802 1067 1865 saecularis
1092 1802 1225 1866 licentia
1249 1801 1405 1864 inmunda
1427 1799 1583 1885 possedit,
1608 1821 1782 1883 numquam
1806 1800 1889 1863 tanti

231 1897 292 1961 riri
315 1900 425 1984 apices
447 1902 567 1982 merui,
597 1908 673 1987 post
702 1905 801 1969 etiam
829 1927 887 1991 per
909 1907 1009 1990 longa
1032 1906 1203 1970 intervalla
1227 1926 1403 1990 numquam
1429 1904 1613 1968 huiusmodi
1635 1904 1723 1968 bona
1746 1905 1888 1989 suscepi.

230 2000 313 2066 deus
342 2024 477 2088 magno,
510 2026 606 2091 quam
635 2005 826 2090 dignitatern
855 2010 1072 2074 servientibus
1102 2009 1161 2073 tibi
1191 2008 1320 2079 tribuis,
1353 2015 1389 2072 ut
1418 2029 1499 2092 quos
1529 2009 1694 2093 respicere
1724 2000 1916 2093 coeperis,3

230 2104 328 2169 etiarn
352 2107 466 2173 amicis
489 2109 555 2172 tuis
578 2108 694 2174 reddas
717 2117 887 2197 acceptos!
924 2134 1002 2177 vere
1020 2133 1151 2197 semper
1167 2134 1226 2176 vos
1251 2112 1410 2195 singulari
1436 2113 1563 2176 cultura
1587 2112 1733 2198 suspexi,
1759 2123 1890 2197 semper

230 2208 424 2273 venerandis
446 2211 591 2277 moribus
614 2221 750 2298 gravata
770 2216 914 2301 pcccatis
937 2216 1022 2279 colla
1047 2216 1204 2281 summisi.
1252 2238 1329 2280 ecce
1354 2217 1417 2278 iam
1441 2216 1534 2301 quasi
1559 2217 1706 2299 aequalis
1730 2216 1887 2300 appellor.

167 2362 172 2372 .
232 2315 337 2379 crexit
352 2335 404 2380 mc
421 2314 475 2379 diu
492 2315 656 2380 custodita
672 2318 843 2384 subiectio.
881 2320 954 2383 love
971 2340 1050 2403 ergo
1067 2340 1119 2381 me
1136 2319 1338 2383 orationibus
1363 2319 1442 2386 tuis:
1466 2317 1612 2383 ostendis
1637 2318 1723 2382 enirn
1748 2318 1889 2403 paginis,

231 2418 347 2504 fragile
372 2441 392 2484 a
414 2418 506 2483 vobis
529 2440 593 2483 non
617 2420 767 2486 exbiberi
791 2422 1016 2508 patrocinium.
1063 2443 1137 2485 nam
1162 2429 1195 2485 et
1218 2423 1272 2486 isti
1301 2422 1445 2506 suscepti
1476 2428 1564 2500 sunt,
1598 2422 1652 2506 qui
1681 2421 1760 2485 mibi
1789 2421 1886 2495 bona,

231 2519 419 2605 dequibus
449 2524 573 2609 gestio,
603 2525 821 2588 contulerunt.
867 2524 906 2588 ad
932 2546 1000 2588 rem
1026 2523 1135 2589 redeo.
1182 2523 1330 2609 perditus
1354 2524 1409 2588 ille
1434 2524 1572 2588 clericus
1597 2525 1730 2610 expavit
1753 2516 1918 2588 causam4

231 2623 340 2689 dicere
371 2625 457 2711 apud
486 2627 692 2712 episcopum,
723 2633 895 2712 postquam
924 2626 1055 2691 delendi
1079 2649 1099 2691 a
1120 2648 1173 2691 mc
1201 2626 1282 2690 vidit
1310 2650 1380 2705 cos,
1413 2627 1530 2713 quibus
1560 2650 1668 2692 mcum
1701 2627 1883 2712 deputastis

231 2728 433 2813 obsequium.
478 2751 634 2815 suggero,
665 2731 692 2794 si
717 2731 850 2809 iubetis,
883 2738 918 2794 ut
944 2752 1028 2794 unus
1052 2729 1092 2793 dc
1117 2731 1195 2817 ipsis
1218 2729 1411 2794 Ravennam
1436 2731 1581 2795 ambulet
1604 2752 1676 2794 cum
1703 2731 1820 2795 vestris
1844 2730 1884 2793 ad

153 2856 179 2887 ¹·
230 2831 331 2895 lilium
361 2840 504 2897 vostrum
533 2832 688 2897 domnum
711 2833 868 2899 Faustum
900 2833 1195 2909 commendaticiis,
1228 2856 1268 2898 ne
1298 2836 1330 2898 in
1358 2833 1558 2920 praeiudicio
1587 2836 1730 2920 ipsorum
1759 2833 1884 2899 venalis

231 2935 384 3017 iudicum,
408 2938 462 3023 qui
485 2936 665 3003 Mediolani
689 2937 880 3017 exuberant,
905 2939 1070 3003 sententia
1093 2938 1314 3024 depromatur.

867 3261 1008 3329 LXXII
1029 3264 1140 3350 (sersr.
1158 3269 1187 3345 3,
1205 3265 1250 3347 5).

826 3458 1063 3534 ENNODIVS
1090 3458 1295 3532 MAXIMO.

343 3601 507 3697 Grandes
524 3632 633 3699 hiatus
648 3643 780 3721 paterer
795 3635 977 3699 litterarum
993 3640 1175 3698 vestrarum
1192 3635 1341 3698 elevatus
1357 3633 1510 3717 alloquio,
1534 3635 1560 3697 si
1577 3654 1641 3697 non
1659 3632 1722 3697 mci
1738 3632 1887 3694 conscius
1904 3627 1913 3686 l

232 3733 417 3820 inperitiam
441 3735 565 3821 pudore
590 3738 829 3824 conprimercm
854 3745 888 3803 et
911 3736 1023 3802 iudicii
1046 3739 1172 3802 lancem
1190 3746 1347 3817 tenerem,
1372 3737 1472 3801 ctiam
1489 3759 1561 3801 cum
1577 3735 1693 3800 laudor
1708 3736 1889 3801 inmeritus.

154 3862 173 3902 a.
233 3859 290 3903 ros
317 3838 464 3924 dignatio
487 3862 645 3907 censurae
669 3842 747 3907 fecit
771 3843 979 3922 inmemores,
1003 3864 1055 3907 me
1080 3843 1282 3929 propositum
1305 3843 1390 3905 intra
1407 3838 1626 3905 verecundum
1650 3836 1771 3922 degere
1788 3857 1888 3923 penc-

234 3941 316 4006 tralc
347 3943 512 4028 conpellit.
556 3967 614 4009 vos
645 3946 767 4031 scripta
799 3967 872 4011 mea
904 3953 1070 4030 tamquam
1103 3953 1252 4010 amantes
1282 3943 1456 4024 adtollitis,
1487 3966 1539 4008 me
1571 3962 1708 4006 necesse
1737 3948 1789 4005 cst
1817 3941 1889 4003 illos

233 4051 394 4126 metuero,
417 4047 473 4132 qui
496 4048 628 4113 rancido
653 4048 873 4135 despicientes
897 4056 1016 4115 cuncta
1040 4051 1193 4133 neglectu
1218 4049 1316 4113 ctiam
1341 4047 1534 4120 edecumata
1557 4045 1786 4110 condemnant.
1824 4038 1919 4129 agol

233 4153 342 4213 tamen
366 4151 499 4234 gratias,
523 4151 609 4237 quod
632 4153 719 4238 apud
741 4153 896 4217 domnum
913 4152 1089 4216 Patricium
1114 4153 1213 4217 talem
1230 4172 1281 4215 mc
1300 4150 1437 4216 iudicari
1454 4151 1607 4227 scribitis,
1631 4147 1761 4235 qualern
1778 4155 1888 4213 vestro

235 4253 421 4318 testimonio
445 4254 641 4321 reddidistis.
680 4258 892 4324 insinuationi
910 4281 988 4343 crgo
1014 4280 1105 4323 arnor
1127 4258 1267 4323 debetur
1289 4257 1361 4338 iste,
1386 4276 1451 4319 non
1475 4255 1626 4340 paginae,
1651 4274 1747 4338 quarn
1772 4253 1889 4317 scaber

235 4355 328 4419 stilus
352 4356 422 4422 sinc
447 4359 654 4445 eloquentiae
679 4363 754 4428 dote
779 4363 929 4448 signavit.
975 4362 1207 4427 salutationem
1235 4368 1344 4425 tamen
1370 4359 1584 4444 magnitudini
1608 4366 1734 4422 vestrae
1758 4357 1889 4442 dignam

234 4459 379 4525 referens
402 4461 463 4527 deo
487 4465 610 4548 gratias
634 4487 706 4551 ago,
730 4466 816 4552 quod
840 4467 957 4531 votivis
977 4488 1035 4531 vos
1060 4473 1171 4531 auctos
1196 4465 1404 4529 successibus
1427 4463 1559 4529 reduxit
1582 4461 1622 4527 ad
1645 4462 1785 4548 propria,
1809 4482 1889 4546 quos

234 4583 326 4628 mens
348 4585 423 4629 moa
445 4587 505 4652 pro
529 4568 708 4634 conexione
732 4569 878 4634 caritatis
901 4589 1078 4654 numquam
1103 4569 1201 4633 sentit
1224 4567 1389 4632 absentes.

236 4738 365 4747 ——

338 4873 444 4943 [LXXI]
481 4877 496 4928 1
514 4877 602 4930 Haase
618 4881 742 4947 epistulae
755 4881 872 4946 priorem
890 4888 993 4947 partem
1010 4878 1053 4945 (-
1067 4897 1089 4930 c.
1106 4883 1122 4929 9
1140 4878 1272 4945 proximus
1283 4875 1375 4941 eat.;.)
1398 4876 1435 4927 bia
1453 4884 1476 4926 et
1494 4875 1595 4925 &cerro
1613 4890 1694 4923 mana
1713 4872 1766 4935 (Br
1784 4880 1808 4923 et
1825 4869 1888 4935 Ba)

234 4970 258 5013 at
274 4961 303 5012 in
320 4961 422 5014 Mra
434 4964 548 5030 placata
565 4967 687 5033 scriptam
699 4967 807 5033 praebet
819 4965 844 5015 Β
918 4967 1017 5018 stefano
1029 4965 1071 5021 131
1082 4963 1136 5028 VL,
1154 4965 1278 5031 stephano
1293 4962 1337 5017 Ba
1450 4958 1467 5009 2
1485 4977 1578 5011 munos
1591 4959 1648 5023 131,
1666 4974 1757 5009 munos
1774 4974 1830 5023 supr.
1844 4957 1889 5006 lia.

235 5063 254 5098 u
265 5044 309 5103 Ba
407 5045 425 5098 3
442 5050 578 5102 exibuitB
584 5070 595 5107 r
655 5049 750 5119 studio]
763 5054 867 5104 stimulo
879 5051 923 5108 Ba
1022 5047 1040 5100 4
1058 5067 1138 5116 penae
1148 5049 1181 5113 Β,
1198 5066 1264 5116 pone
1276 5048 1301 5098 V
1353 5046 1528 5102 alicorumBr
1624 5043 1641 5095 5
1660 5059 1825 5109 conceperam
1835 5041 1860 5091 Β
1866 5060 1877 5098 ι
1883 5080 1890 5105 ,

234 5134 394 5201 conceperim
407 5134 452 5188 Bu
528 5147 643 5204 prestant
654 5138 680 5189 B
804 5138 821 5190 o
839 5154 986 5205 acceperam
999 5135 1056 5198 Βι,
1079 5136 1220 5201 acceperim
1232 5135 1258 5185 B
1263 5154 1276 5190 a
1409 5131 1424 5183 7
1443 5133 1608 5184 contulerunt
1630 5130 1658 5193 (u
1676 5130 1704 5180 ia
1722 5148 1737 5180 o
1755 5126 1834 5191 corr.)
1848 5127 1874 5177 Β
1879 5146 1890 5184 1

235 5217 328 5286 llinis]
346 5221 391 5272 illa
409 5219 488 5274 Sirra.
614 5221 631 5275 9
649 5226 715 5276 rnalc
727 5224 784 5276 BV
904 5221 938 5273 10
955 5223 1083 5289 colloquia
1101 5220 1180 5274 Sirm.
1309 5219 1341 5271 11
1360 5221 1455 5288 suscipi
1472 5218 1498 5269 Β
1630 5214 1662 5267 12
1678 5216 1776 5282 ceperis
1793 5214 1891 5266 codices

237 5300 271 5356 13
287 5314 409 5374 acoeptus
421 5307 446 5358 B
549 5309 582 5361 15
599 5328 640 5363 me
651 5329 712 5379 ergo
727 5312 785 5364 cPc
888 5307 922 5360 21
941 5310 1103 5376 deprometur
1114 5307 1140 5358 B

340 5405 459 5478 [LXXII]
501 5410 536 5464 23
557 5415 651 5481 patircr
666 5413 708 5466 ΒῙ
845 5411 880 5464 26
901 5413 995 5464 scribta
1009 5411 1035 5463 B
1128 5411 1256 5462 adtollites
1269 5409 1318 5474 Β),
1343 5409 1458 5461 attollitis
1477 5408 1500 5457 V
1632 5403 1667 5456 ⁸27
1689 5404 1853 5472 dispicientes
1866 5404 1892 5455 Β

235 5491 395 5562 etloum]
417 5497 611 5551 edecumentab
628 5508 651 5552 et
667 5519 740 5552 mon.
757 5517 806 5553 rec.
823 5501 851 5551 in
864 5499 890 5550 Β
1017 5496 1052 5548 29
1068 5499 1160 5566 pagine
1172 5497 1210 5562 B,
1233 5499 1327 5565 pagiua
1340 5496 1365 5547 B
1371 5494 1385 5531 ²
1406 5493 1487 5557 (arari.
1506 5494 1568 5557 rac.)
1584 5494 1599 5543 b
1726 5489 1758 5541 31
1778 5507 1854 5557 agno
1866 5490 1892 5541 Β

235 5578 340 5631 wilm
350 5578 378 5631 Β
445 5600 493 5637 uos
510 5592 600 5639 autem
617 5603 645 5639 re
659 5586 665 5653 1
679 5587 842 5639 mccssaibus
860 5584 898 5649 (re
915 5583 977 5649 del.)
989 5582 1014 5633 B

339 5708 481 5771 bream.
