4500 6232
908 301 969 354 avr
987 301 1110 369 (nemu.
1128 304 1153 366 a,
1176 305 1226 362 un.
1858 304 1891 364 71

242 468 397 555 triumphi
419 469 543 535 honore
567 472 751 557 gratuleris.
790 494 854 537 non
879 481 937 553 est,
962 483 998 539 ut
1021 475 1124 556 video,
1149 477 1248 540 effeta
1264 476 1410 560 Liguria:
1436 474 1640 539 nobilitatem
1665 474 1813 560 pariendi
1837 497 1898 539 nec

241 571 275 636 in
302 578 488 658 temporum
517 577 727 640 extremitate
759 576 918 663 deposuit.
964 579 1130 643 inimicum
1160 580 1248 643 vitiis
1277 578 1383 643 adbuc
1412 587 1445 643 et-
1473 579 1505 642 in
1536 579 1700 643 cineribus
1724 579 1825 642 nutrit
1848 580 1897 643 in-

243 676 404 756 cendium,
427 678 461 742 in
483 678 575 743 cuius
597 678 716 743 favillis
739 680 837 743 ultrix
861 681 1032 745 eriminum
1057 685 1187 747 flamma
1210 703 1273 747 non
1297 682 1434 746 moritur
1453 704 1514 746 nec
1530 683 1633 747 hostis
1651 703 1795 746 errorum
1812 683 1897 767 ignis

243 781 398 866 operitur.
436 803 533 867 quam
549 781 640 846 dmui
656 804 698 848 ne
715 784 805 847 velut
821 785 983 848 exhausta
1006 792 1161 860 cessaret,
1184 786 1259 849 dum
1285 787 1447 871 epistulae
1465 793 1595 850 vestrae
1619 786 1759 850 frontem
1783 785 1898 849 alienis
1933 786 1952 846 2

177 930 182 939 .
242 881 402 948 fuscatam
425 886 612 970 praestigiis
643 886 800 951 sollicitus
828 890 1002 954 trutinator
1029 892 1227 976 aspicerem,
1262 911 1351 954 more
1381 891 1526 975 parentis
1558 890 1712 969 adtoniti,
1743 891 1798 974 qui
1827 910 1900 953 cum

243 1009 354 1052 earum
382 989 503 1074 pignus
531 988 573 1053 ad
596 990 686 1054 bella
716 992 924 1061 transmittit,
956 1014 1015 1057 uec
1039 994 1079 1057 de
1111 994 1284 1077 explorata
1314 1015 1388 1057 esse
1412 995 1535 1079 patitur
1557 993 1675 1056 virtute
1698 991 1900 1056 manifestus.

242 1091 283 1156 ad
308 1093 509 1157 incrementa
532 1093 786 1157 sollicitudinum
808 1095 990 1181 triumphos
1014 1098 1059 1161 fili
1081 1105 1230 1160 numerat
1255 1118 1318 1161 non
1342 1098 1475 1183 quictis:
1506 1099 1579 1182 plus
1604 1104 1763 1181 expertae
1780 1098 1896 1161 metuit

242 1195 404 1274 felicitati,
433 1196 484 1259 cui
512 1194 718 1262 formidinem
747 1199 911 1262 ministrat
938 1201 1082 1281 affectio,
1116 1203 1192 1285 quia
1222 1201 1336 1285 ignara
1365 1200 1524 1264 cantionis
1556 1208 1606 1264 ost
1636 1222 1728 1264 mens
1752 1201 1901 1266 instituta

245 1299 386 1363 victoriis
409 1305 443 1364 et
465 1299 499 1362 in
522 1301 593 1364 acie
617 1318 706 1364 amor
737 1301 842 1366 laudis
873 1303 987 1367 salutis
1016 1304 1148 1368 oblivio.
1194 1305 1299 1389 tropei
1331 1312 1447 1387 gustus
1477 1304 1620 1367 abdicari
1649 1305 1788 1388 imperat
1817 1303 1899 1368 lucis
1934 1302 1953 1362 3

245 1402 408 1468 affectum.
454 1423 551 1488 sapor
575 1403 662 1467 vitae
687 1404 758 1467 illos
787 1411 912 1469 tantum
941 1404 1099 1490 possidet,
1132 1406 1251 1490 quide
1281 1404 1484 1469 conflictibus
1509 1407 1671 1470 venientia
1698 1406 1784 1471 bona
1812 1407 1902 1471 nulla

243 1502 436 1571 didicerunt.
474 1527 607 1591 semper
621 1506 663 1570 ad
679 1506 816 1592 gloriam
834 1508 988 1592 iungitur,
1012 1506 1097 1592 quod
1115 1507 1155 1572 de
1179 1508 1412 1572 incolumitatis
1435 1510 1586 1595 propriae
1610 1531 1688 1574 cura
1711 1509 1901 1575 decesserit.

243 1607 302 1672 sed
330 1609 410 1672 mihi
442 1609 737 1694 inpraesentiarum
768 1610 1049 1695 supersedendum
1080 1618 1130 1674 cst
1158 1611 1340 1676 huiusmodi
1365 1613 1553 1697 scriptione.
1600 1634 1664 1677 non
1688 1620 1765 1677 sunt
1792 1604 2048 1708 milities-‘'qfffflpr·

243 1711 346 1775 nostri
369 1712 442 1797 plus
466 1712 687 1798 praedicanda
710 1734 806 1798 quam
836 1714 1020 1779 adserenda
1048 1717 1236 1779 certamina.
1282 1714 1338 1779 ubi
1369 1716 1484 1780 iaculis
1514 1738 1596 1802 epus
1626 1723 1694 1794 est,
1725 1717 1827 1782 verba
1854 1717 1900 1781 uil

245 1814 428 1882 conferunt.
472 1817 550 1882 lieet
575 1819 800 1903 promulgasse
824 1818 1018 1883 senteutiam
1043 1840 1149 1883 meam
1173 1819 1287 1899 fuerit,
1320 1818 1395 1882 dum
1420 1827 1562 1884 vestram
1585 1820 1753 1906 praedico,
1786 1827 1819 1884 et
1840 1820 1902 1885 hoc
1936 1817 1955 1874 4

179 1961 185 1974 ·
246 1918 288 1983 sit
310 1919 508 2005 respondere
532 1920 619 2006 quod
643 1943 801 2006 responsa
826 1921 970 1995 laudare,
994 1921 1048 1986 dei
1072 1929 1182 1986 tanren
1207 1944 1302 2008 opem
1327 1930 1478 2008 precatus
1496 1924 1693 1989 obsecutura
1709 1924 1784 1989 fidei
1801 1923 1903 1989 verba

245 2022 423 2109 subiuugo,
454 2024 496 2089 ad
524 2025 615 2089 illum
645 2031 838 2090 convertens
869 2026 933 2090 stili
963 2027 1028 2090 mci
1058 2028 1197 2099 cultum,
1230 2027 1299 2111 qui,
1333 2027 1485 2111 quotiens
1512 2024 1685 2092 scribenda
1712 2034 1763 2092 est
1789 2028 1902 2092 infelix

244 2127 351 2191 curvis
368 2135 456 2191 terra
471 2128 667 2207 vomeribus,
692 2150 727 2193 se
745 2128 876 2193 famulis
894 2129 960 2192 suis
977 2131 1124 2214 germina
1148 2131 1352 2194 conlaturam
1376 2130 1537 2215 promittit
1559 2152 1643 2210 esse,
1667 2152 1750 2215 quac
1774 2131 1903 2202 iaciant,

245 2229 397 2296 dicendo:
435 2234 511 2295 ‘nou
539 2233 688 2316 cogitetis
716 2231 795 2317 quid
823 2233 1018 2317 loquamini:
1046 2239 1140 2318 pater
1169 2233 1256 2297 enim
1280 2240 1390 2297 vester
1413 2239 1463 2297 est
1487 2234 1541 2319 qui
1565 2233 1708 2319 loquitur
1730 2233 1763 2296 in
1787 2230 1901 2297 vobis'.
1943 2227 2021 2331 {flssj

245 2333 315 2419 ipse
338 2355 416 2418 ergo
439 2333 481 2398 ad
505 2334 715 2400 sanciendam
739 2337 888 2421 promissi
904 2336 1076 2400 veritatem
1092 2337 1203 2400 veniat
1219 2343 1251 2399 et
1271 2338 1343 2421 ipse
1367 2337 1431 2400 oris
1456 2337 1521 2400 mei
1544 2336 1710 2400 labantem
1734 2337 1902 2400 confirmet
1936 2338 1955 2397 5

166 2458 178 2492 ·.
246 2435 429 2515 infantiam,
461 2445 498 2502 ut
526 2439 754 2504 alucinationis
785 2446 916 2503 nostrae
941 2441 1147 2503 concinnatio
1172 2460 1237 2503 non
1260 2439 1438 2503 inhumana
1460 2438 1618 2503 videatur.
1664 2439 1723 2504 sed
1746 2437 1824 2523 quid
1848 2438 1902 2503 diu

244 2538 434 2624 replicanda
469 2539 729 2628 circumloquor?
782 2563 882 2606 unum
913 2563 1013 2626 rogo,
1047 2549 1083 2604 ut
1107 2564 1165 2627 pro
1197 2541 1329 2606 modulo
1361 2564 1434 2607 meo
1466 2543 1626 2627 rescripta
1656 2548 1812 2607 taxentur
1842 2563 1903 2607 nec

246 2649 376 2728 putetur
405 2648 462 2706 aut
492 2643 558 2729 legi
588 2651 644 2709 aut
674 2645 859 2710 defensioni
889 2645 1005 2710 deesse
1040 2644 1125 2730 quod
1157 2646 1279 2712 nescio.
1324 2667 1421 2730 crgo,
1454 2654 1489 2710 ut
1519 2646 1696 2732 scriptione
1726 2645 1902 2723 testamini,
1937 2647 1957 2706 6

246 2747 397 2811 inventus
429 2753 481 2811 est
507 2746 621 2828 hemo,
654 2749 707 2834 qui
738 2770 851 2813 servos
876 2747 1011 2825 Christi,
1044 2748 1317 2834 quemadmodum
1342 2750 1412 2836 ipse
1436 2749 1586 2834 promisit
1610 2770 1683 2813 esse
1707 2747 1903 2828 faciendum,

247 2851 307 2917 sub
331 2851 393 2916 hac
417 2853 590 2918 occasione
614 2853 783 2933 cribraret,
807 2854 963 2918 adserens
979 2853 1019 2918 de
1038 2854 1165 2917 arbitrii
1183 2854 1335 2919 libertate
1359 2852 1483 2917 homiui
1507 2853 1540 2916 in
1561 2873 1628 2916 uua
1650 2858 1776 2916 tantum
1800 2858 1903 2937 parte,

167 2971 186 3010 ’.ἰ
246 2976 329 3042 quae
353 2954 497 3021 deterior
520 2961 582 3034 est,
605 2954 748 3040 eligendi
772 2955 882 3021 datam
906 2979 980 3022 esse
1004 2958 1195 3022 licentiam?
1242 2957 1504 3021 oscismaticam
1529 2955 1798 3042 propositionem,
1821 2976 1905 3040 quae
1940 2953 1958 3014 7

197 3091 200 3095 ·
245 3058 337 3124 iuxta
359 3059 583 3146 apocalypsim
607 3060 746 3145 scriptas
770 3061 871 3126 habet
894 3062 926 3125 in
951 3061 1058 3126 fronte
1083 3061 1290 3126 blasfemias!
1329 3081 1413 3145 quae
1437 3059 1501 3124 ista
1524 3059 1660 3124 libertas
1678 3065 1740 3139 est,
1765 3059 1791 3123 si
1809 3058 1905 3132 valet,

246 3161 425 3241 edisserat,
455 3162 511 3227 ubi
534 3163 595 3228 hoc
618 3161 715 3226 datur
738 3164 843 3227 solum
867 3165 952 3230 velle
977 3164 1064 3250 quod
1086 3165 1218 3251 puniat,
1242 3172 1298 3228 aut
1322 3184 1422 3249 quare
1446 3164 1642 3229 electionem
1665 3163 1828 3239 nominet,
1851 3161 1906 3224 ubi

246 3287 343 3331 uuam
367 3273 493 3332 tantum
516 3274 642 3354 partem
666 3266 788 3331 adserit
817 3267 920 3331 fuisse
951 3276 1165 3332 concessam?
1211 3266 1298 3352 quod
1327 3268 1355 3331 si
1384 3267 1522 3331 veritate
1556 3266 1766 3336 subsisteret,
1799 3264 1906 3327 locum

246 3369 356 3435 diviua
377 3368 497 3434 iudicia
520 3391 584 3434 uon
607 3369 777 3438 haberent.
816 3369 894 3456 quid
917 3371 1004 3436 euim
1028 3370 1105 3433 boni
1130 3392 1148 3434 a
1169 3371 1263 3436 nobis
1286 3371 1367 3435 deus
1390 3377 1502 3434 noster
1527 3376 1615 3434 recte
1639 3375 1822 3453 quaereret,
1845 3358 2059 3466 quissgngfd·

248 3473 471 3560 adpetentiam
498 3474 569 3539 eius
597 3473 638 3540 de
668 3475 835 3540 voluntate
864 3475 1095 3540 subtraxerat?
1142 3474 1200 3540 sed
1229 3477 1321 3538 imrta
1348 3473 1550 3560 apostolum:
1582 3470 1748 3557 ‘numquid
1778 3470 1906 3554 iniquus
1941 3468 1961 3532 8

247 3576 353 3642 deus?
387 3574 495 3642 absit'.
539 3578 626 3642 inter
648 3577 796 3642 homines
820 3599 840 3641 a
862 3579 944 3643 recti
967 3577 1134 3642 discordat
1162 3579 1297 3654 aflectu,
1331 3577 1385 3661 qui
1409 3599 1429 3640 a
1453 3576 1611 3640 subiectis
1634 3573 1738 3657 exigit
1761 3570 1847 3657 quod
1871 3571 1904 3635 in
1916 3586 1976 3628 mm.
1991 3590 2011 3635 a
2028 3588 2059 3629 ιι

248 3687 413 3767 potestate
437 3701 501 3745 non
525 3680 655 3745 tribuit:
688 3681 748 3745 hoc
778 3680 905 3746 dedeo
937 3702 1000 3766 qua
1029 3680 1231 3745 conscientia
1262 3680 1421 3744 sentiatur
1450 3678 1623 3743 advertite.
1669 3678 1723 3741 ubi
1747 3681 1798 3741 cst
1826 3673 1905 3739 illud

247 3783 390 3870 apostoli
420 3783 591 3848 clamantis
623 3791 655 3849 et
683 3806 742 3870 pro
776 3783 903 3848 arbitrii
938 3784 1091 3849 libertate
1124 3784 1291 3849 testantis:
1327 3783 1423 3846 ‘velle
1455 3781 1586 3846 adiacet
1616 3780 1709 3859 milri,
1747 3779 2013 3865 perficeremur,
2029 3797 2061 3835 ιι

249 3893 359 3952 autem
383 3907 448 3952 non
471 3885 634 3953 iuvenio'?
679 3887 756 3973 quid
780 3895 831 3953 est
854 3886 944 3952 aliud
967 3889 1031 3952 nisi
1053 3888 1180 3953 dicere:
1217 3888 1293 3951 novi
1317 3886 1468 3951 dextmm
1499 3886 1561 3949 iter
1589 3885 1729 3969 eligere,
1761 3882 1819 3947 scd
1843 3881 1907 3945 nisi
1941 3884 1961 3945 9

248 3989 487 4076 ingredientem
512 3989 630 4055 iuverit
653 3992 758 4076 gratia
782 4012 938 4077 superna,
968 3992 1121 4056 lassabo‘?
1167 4012 1264 4055 neme
1288 3989 1433 4061 dubitat,
1461 4010 1558 4053 nemo
1582 3987 1793 4065 condemnat,
1820 3984 1906 4071 quod

247 4101 382 4160 auctore
412 4095 534 4178 gratia,
565 4100 769 4180 protestante
800 4103 834 4159 et
862 4095 949 4180 ipse,
982 4095 1157 4179 aequitatis
1187 4093 1374 4157 hominibus
1406 4093 1498 4156 callis
1521 4092 1677 4176 aperitur.
1722 4088 1789 4154 dux
1820 4089 1961 4153 enimltl

247 4197 406 4262 bonorum
437 4205 470 4263 et
497 4219 690 4283 praecessor
718 4204 767 4262 cst
796 4197 918 4282 gratia,
952 4196 1081 4282 quando
1112 4197 1251 4262 caelitus
1284 4196 1458 4281 multiplici
1488 4194 1530 4258 ad
1560 4194 1704 4279 requiem
1733 4193 1909 4256 invitamur

248 4301 390 4381 hortatu,
413 4300 542 4387 quaudo
566 4302 661 4367 uobis
685 4302 816 4367 dicitur:
852 4302 981 4380 ‘venite
1005 4302 1060 4374 iili,
1084 4300 1195 4366 audite
1219 4298 1293 4364 me'.
1339 4299 1471 4378 ‘veuite,
1501 4296 1677 4367 benedicti,
1702 4296 1803 4382 patris
1828 4294 1903 4371 mei,
1942 4288 2023 4391 {2¹:⁶32

250 4405 417 4491 possidete
441 4412 590 4491 paratum
613 4406 705 4470 vobis
728 4405 888 4490 reguum'.
931 4404 998 4469 ‘ubi
1023 4426 1085 4489 ego
1110 4425 1192 4482 sum,
1216 4402 1262 4467 ibi
1287 4401 1349 4466 erit
1372 4407 1405 4464 ct
1427 4400 1579 4463 minister
1601 4396 1715 4462 mcus'.
1761 4395 1820 4462 sed
1843 4395 1906 4459 nisi
1942 4391 2023 4496 {fflj

250 4510 371 4575 talibus
402 4509 532 4574 monitis
563 4515 596 4573 et
626 4510 777 4573 veluntas
807 4514 920 4574 nostra
949 4529 1032 4593 quae
1060 4507 1163 4571 libera
1191 4514 1242 4571 est
1269 4511 1303 4570 et
1333 4503 1426 4567 labor
1453 4509 1601 4588 praestet
1624 4501 1833 4586 obsequium,
1865 4496 1961 4562 ad10h·
1975 4501 2007 4547 ¹²2
2020 4502 2054 4541 ²⁶·

252 4613 435 4700 perieulum
469 4619 504 4678 et
536 4612 722 4698 gehennam
759 4632 824 4678 non
859 4612 998 4697 imperio
1033 4611 1159 4695 aliquo,
1200 4608 1259 4672 sed
1293 4614 1410 4694 sponte
1444 4605 1657 4671 devolvimur.
1709 4605 1818 4690 itaque
1853 4604 1959 4667 antii

355 4906 368 4958 l
388 4910 491 4961 clienta
507 4908 530 4957 V
630 4908 802 4960 buccinator
814 4907 840 4957 B
908 4907 1009 4958 attoniti
1026 4905 1049 4954 V
1150 4903 1335 4954 liuranit'estus
1348 4902 1381 4964 B,
1398 4919 1506 4953 securus
1518 4903 1593 4952 ceteri
1697 4895 1909 4963 ltriumphusB

250 4996 288 5047 tili
300 4996 333 5060 B,
351 4996 397 5047 tilii
416 4995 492 5048 ceteri
573 5003 692 5062 expertae
704 4994 740 5056 B,
758 5002 862 5060 exparte
878 4993 1047 5056 (airrecorr.
1061 5000 1084 5042 ct
1096 5009 1111 5040 a
1123 5007 1179 5055 arcp.
1193 5008 1207 5040 e
1219 5006 1268 5039 scr.
1281 5006 1313 5037 m.
1333 4987 1353 5045 1)
1369 4987 1397 5045 V,
1414 4996 1518 5053 experta
1535 4986 1629 5036 turm
1747 4982 1764 5032 a
1783 4982 1862 5048 tropei
1876 4980 1909 5043 n,

250 5081 349 5148 trophei
361 5091 405 5132 eet.
507 5079 539 5133 10
555 5081 704 5149 posseditB
804 5078 836 5130 rt
853 5082 991 5132 scribtione
1000 5080 1025 5130 B
1125 5076 1156 5130 14
1174 5095 1256 5129 meam
1269 5076 1510 5128 aerrtentiamb'irm.
1620 5073 1649 5124 lti
1662 5074 1706 5139 qui
1718 5072 1751 5127 n.
1768 5089 1819 5137 quo
1831 5068 1906 5120 ceteri

253 5165 624 5233 18s01slssStmr.,om.0t
723 5163 756 5217 19
773 5174 859 5219 etam.
872 5163 952 5216 Sir-m.
1048 5164 1080 5216 21
1100 5162 1236 5227 ununrl,1',g',1·‘3¹¹
1244 5161 1340 5228 mgoB
1395 5160 1552 5213 rescribtaB
1650 5157 1685 5209 ‘2⁶2
1702 5157 1850 5208 sleseuaione
1869 5153 1910 5202 V⁰

251 5253 422 5306 scribtioneB
516 5249 551 5303 ‘23
565 5253 692 5306 seruusB
793 5250 827 5304 ‘24
839 5254 950 5305 cribaret
961 5253 1002 5301 Va
1093 5249 1128 5303 35
1140 5251 1308 5303 scismaticum
1323 5249 1379 5313 (ott.
1392 5267 1407 5299 a
1418 5249 1446 5299 ia
1459 5247 1506 5311 lit.)
1518 5247 1544 5298 B
1635 5244 1669 5297 tt
1680 5242 1844 5311 apocalypsin
1859 5239 1911 5303 Vh,

251 5340 321 5406 apud
332 5339 497 5408 eclypsemB
558 5339 700 5392 ucribtrsB
761 5339 932 5407 blasphemias
946 5339 971 5387 V
1070 5336 1105 5389 28
1116 5335 1295 5390 subsisteritB
1399 5332 1435 5385 30
1446 5331 1653 5402 appetentiamV
1753 5327 1785 5379 31
1805 5327 1828 5379 si
1845 5328 1911 5378 inter

253 5424 349 5478 Hartel
414 5424 539 5492 homines]
559 5427 678 5478 humanis
690 5426 743 5491 Ba,
765 5427 876 5478 hominis
887 5426 913 5477 B
918 5426 929 5463 l
989 5425 1112 5493 exigerit
1215 5421 1249 5474 3⁸2
1268 5423 1327 5474 illut
1339 5421 1384 5471 Ba
1488 5418 1523 5471 33
1541 5420 1633 5471 adiecit
1644 5418 1669 5468 B
1772 5413 1807 5468 34
1824 5422 1911 5468 sunm

252 5529 300 5563 aaa.
316 5512 350 5563 Ob
435 5510 471 5564 35
487 5514 601 5565 luaabor
617 5512 697 5565 Tere
783 5511 818 5564 36
834 5523 923 5565 autore
935 5513 960 5562 B
1011 5514 1108 5581 gratiae
1120 5511 1178 5564 0Ρὸ
1232 5516 1387 5577 protestante
1400 5507 1433 5570 B,
1451 5514 1581 5573 prestante
1599 5504 1674 5555 ceteri
1726 5500 1789 5570 ipso]
1802 5503 1856 5570 ipse
1867 5499 1914 5553 ΟΡ

252 5606 276 5653 a
288 5596 366 5653 Sirra
478 5595 513 5653 38
530 5599 568 5653 tili
579 5598 614 5666 B,
634 5600 683 5651 filii
699 5599 775 5652 ceteri
842 5607 927 5666 patres
939 5597 1009 5648 BV¹
1117 5595 1152 5649 39
1169 5592 1287 5665 reguum]
1302 5594 1426 5662 gaudium
1440 5592 1475 5644 Ob
1586 5587 1620 5641 41
1638 5589 1797 5642 diuoluimur
1808 5586 1915 5639 BVLT
