4500 6232
303 303 343 364 72
797 295 858 349 avr
878 294 1000 362 (aaran.
1019 296 1045 359 a,
1064 295 1116 361 ro),
1136 293 1210 348 nvn
1228 294 1349 361 (aaran
1368 296 1393 360 a,
1411 294 1464 363 ao).

301 472 482 559 praemium
507 469 638 535 devotio
662 476 720 534 aut
743 490 882 555 poenam
906 474 1111 553 contemptus
1135 475 1299 555 operatur.
1338 468 1481 555 alioquin
1498 490 1563 533 nen
1583 469 1646 534 erit
1668 468 1757 533 iusta
1778 468 1964 539 retributio.

302 597 385 661 quae
414 581 471 640 aut
500 597 560 661 per
589 573 752 660 supplicia
779 573 919 638 refertur
945 573 1143 637 necessitate
1174 571 1389 658 peccantibus
1419 579 1476 636 aut
1504 572 1624 638 bonam
1654 573 1843 639 mercedem
1867 572 1966 638 offert

303 680 395 765 operi
425 677 467 743 ad
500 677 586 764 quod
618 676 836 742 adtrahantur
867 676 970 741 inviti.
1021 695 1100 759 ergo
1132 674 1290 740 debemus
1324 677 1451 761 gratiae
1482 677 1569 763 quod
1602 698 1769 758 vocamur,
1801 675 1963 742 debemus

302 783 439 867 gratiae,
463 781 550 867 quod
573 781 709 846 occultis
732 779 913 860 itineribus,
937 779 1000 843 nisi
1023 779 1226 859 resistamus,
1251 801 1348 866 sapor
1370 779 1466 844 nobis
1483 781 1592 845 vitalis
1608 778 1805 846 infunditur:
1829 784 1963 844 nostrae

255 888 414 950 litamen
442 885 612 950 electionis
641 891 706 964 est,
735 881 823 970 quod
851 882 1011 948 beneficia
1038 881 1262 947 demonstrata
1289 889 1461 948 sectamur.
1507 884 1561 948 via
1591 884 1678 948 enim
1710 883 1875 948 scelerum
1897 901 1963 946 non
2024 912 2035 945 .-.

162 1004 218 1045 aen.
233 1008 254 1055 ι,
269 1009 288 1047 ι.
304 990 497 1075 imperatrix
512 996 625 1055 nostra
640 989 761 1073 legitur
777 1009 863 1067 esse,
887 985 946 1052 sed
962 987 1094 1066 famula,
1119 1008 1192 1050 cum
1209 986 1250 1052 de
1264 987 1410 1073 peccatis
1426 986 1557 1052 dieitur:
1582 987 1655 1053 ‘sub
1672 993 1705 1052 te
1718 987 1782 1052 erit
1797 984 1964 1071 adpetitus

149 1091 441 1159 recassaeerum'.
486 1092 564 1178 quid
588 1091 687 1156 etiam
716 1090 779 1154 sibi
801 1091 871 1154 vult
899 1090 1055 1155 universa
1085 1090 1233 1175 profetae
1261 1091 1355 1175 quasi
1386 1091 1660 1157 sertisredimita
1691 1089 1852 1156 elocutio:
1886 1087 1964 1152 ‘noli

162 1193 286 1291 113145όο3·
305 1195 463 1261 aemulari
488 1195 573 1258 inter
594 1191 833 1278 malignantcs'.
873 1193 985 1258 ‘nolite
1010 1191 1173 1258 confidere
1197 1194 1231 1257 in
1253 1191 1480 1279 principibus'.
1519 1195 1632 1260 ‘nolite
1654 1195 1728 1259 fieri
1751 1194 1837 1258 sieut
1860 1211 1963 1277 equus

149 1278 340 1368 rectinaret
369 1296 498 1374 mulus',
531 1304 564 1362 ct
593 1297 776 1384 apostolus:
815 1296 925 1360 ‘nolite
953 1296 1024 1361 fieri
1051 1296 1139 1360 servi
1166 1295 1368 1360 hominum'?
1412 1297 1534 1362 totiens
1557 1295 1645 1362 ‘noli’
1672 1299 1707 1362 in
1734 1316 1879 1382 superna
1904 1293 1963 1358 ad·

254 1401 483 1467 ldmonitionc
511 1421 574 1485 quo
602 1400 749 1486 respicit,
780 1399 808 1463 si
830 1399 919 1464 aliud
943 1401 1028 1465 velle
1058 1421 1122 1463 nen
1144 1401 1258 1464 licuit?
1302 1399 1423 1465 deiude
1447 1402 1595 1486 quamvis
1616 1400 1650 1465 in
1673 1421 1817 1487 persona
1838 1398 1962 1463 Christi
2014 1428 2037 1465 ιι

150 1511 416 1569 remaneamus
440 1526 498 1590 pro
516 1503 642 1569 arbitrii
658 1503 875 1591 adstipulatur
891 1502 1035 1568 eiusdem
1050 1502 1199 1589 profetae
1215 1502 1308 1568 nobis
1324 1502 1480 1569 libertate
1496 1504 1733 1570 testimonium:
1758 1504 1805 1567 ‘ut
1819 1503 1962 1567 facerem

168 1599 281 1704 ¹1³5,{⁸,·,l·
304 1607 506 1670 voluntatem
522 1614 623 1686 tuam,
646 1605 728 1671 deus
744 1626 848 1685 meus,
871 1601 969 1668 volui'
994 1611 1028 1668 et
1043 1603 1135 1668 alibi:
1169 1606 1362 1671 ‘voluntarie
1379 1606 1572 1672 sacrificabo
1594 1605 1675 1688 tibi’,
1699 1613 1748 1673 et:
1777 1611 1866 1671 ‘vota
1888 1626 1964 1671 mea

164 1712 241 1761 M·
258 1717 289 1757 ¹²·
304 1708 436 1774 domino
468 1708 613 1774 reddam’
642 1717 675 1775 et
703 1710 838 1773 iterum:
873 1711 1001 1773 ‘vovete
1030 1714 1063 1772 et
1091 1705 1240 1774 reddite'.
1284 1708 1365 1773 illud
1393 1716 1504 1775 autem
1531 1711 1619 1776 beati
1647 1710 1806 1798 apostoli,
1836 1730 1902 1795 quo
1926 1728 1962 1774 se

304 1813 423 1877 muniri
450 1812 569 1892 credit,
601 1813 790 1898 exemplum
817 1811 989 1876 nobiseum
1020 1810 1116 1890 facit,
1148 1810 1175 1874 si
1197 1831 1281 1896 quae
1305 1820 1486 1897 sequuntur
1508 1812 1673 1893 advertat,
1705 1834 1779 1879 cum
1809 1814 1963 1878 inimicus

161 1902 516 2005 {ff‘fosslladrogantiae
548 1915 647 1980 dixit:
687 1916 803 2001 ‘gratia
835 1914 889 1979 dei
923 1936 994 1978 snm
1028 1913 1115 1999 quod
1150 1911 1243 1978 sum'.
1295 1935 1372 1980 mex
1406 1918 1506 1998 enim,
1540 1938 1582 1983 ne
1615 1918 1663 1982 sic
1696 1918 1798 2003 fugax
1833 1918 1961 2003 gloriae
2013 1944 2035 1983 e

307 2021 507 2101 crederetur,
539 2028 574 2085 ut
602 2022 701 2106 lengo
732 2020 905 2085 intervallo
933 2040 953 2084 a
982 2019 1119 2084 veritate
1150 2017 1365 2100 descisceret,
1398 2021 1531 2106 sapiens
1562 2020 1763 2087 architectus
1794 2020 1962 2086 adiunxit:

303 2124 534 2189 ‘abuudantius
558 2124 709 2189 omnibus
733 2123 880 2187 laboravi
902 2130 935 2187 et
958 2124 1065 2208 gratia
1087 2123 1141 2189 dei
1165 2124 1198 2187 in
1222 2144 1274 2188 me
1298 2145 1406 2209 egena
1427 2146 1493 2189 uon
1517 2123 1600 2207 fuir,
1629 2125 1716 2212 quod
1742 2125 1869 2191 dixisse
1893 2131 1960 2190 cst:

304 2226 453 2292 Christus
478 2229 510 2292 in
535 2249 586 2293 me
609 2249 707 2314 quem
730 2227 829 2313 digne
853 2235 909 2292 aut
931 2226 1137 2292 abundanter
1158 2234 1386 2292 muneraretur
1408 2229 1542 2295 invenit.
1581 2250 1647 2295 non
1664 2229 1752 2294 enim
1768 2250 1895 2315 pauper
1910 2235 1964 2294 est

303 2330 413 2395 divina
441 2332 563 2417 gratia,
596 2331 654 2397 sed
677 2333 867 2396 meritomm
896 2338 1083 2396 nostrerum
1111 2337 1244 2417 putatur
1267 2331 1407 2415 quadam
1430 2333 1536 2397 macie
1559 2338 1617 2397 aut
1639 2333 1790 2398 exilitate
1815 2333 1961 2399 tenuari:

302 2456 386 2521 quae
414 2443 491 2500 tune
520 2457 585 2500 non
617 2436 684 2500 suis
714 2435 905 2500 aestimatur
937 2435 1100 2501 meatibus
1129 2436 1246 2516 flucre,
1281 2435 1410 2520 quando
1441 2434 1482 2500 de
1515 2437 1585 2501 eius
1618 2436 1768 2501 cursibus
1798 2435 1962 2501 ariditatis
2012 2458 2037 2497 ιιι

256 2537 293 2597 15
307 2545 438 2603 nostrae
455 2559 540 2604 vena
556 2538 602 2602 nil
617 2539 743 2624 recipit.
780 2560 799 2602 o
817 2539 844 2602 si
863 2539 1051 2625 epistularis
1067 2544 1236 2625 pateretur
1258 2540 1412 2624 angustia
1435 2560 1601 2603 sacrorum
1617 2539 1819 2604 voluminum
1841 2558 1964 2604 areana

306 2643 460 2707 reserari!
507 2642 565 2708 sed
594 2643 694 2708 timeo
724 2663 766 2707 ue
799 2643 851 2727 qui
886 2643 1010 2708 nullam
1041 2641 1163 2728 poterit
1196 2641 1258 2706 deo
1290 2642 1470 2727 inspirante
1502 2642 1536 2706 in
1570 2640 1634 2708 fide
1669 2649 1781 2708 nostra
1814 2641 1963 2707 iuvenire

150 2736 501 2842 &wicrammum
532 2744 573 2810 de
603 2745 743 2831 paginae
774 2746 964 2831 prolixitate
999 2752 1161 2811 causetur.
1206 2745 1282 2831 quid
1311 2745 1406 2820 illud,
1442 2765 1507 2830 qua
1534 2753 1645 2812 mente
1674 2746 1836 2832 suscepit:
1871 2748 1962 2811 ‘eece

306 2869 424 2933 aquam
449 2858 482 2915 et
503 2850 624 2935 ignem,
647 2849 688 2914 ad
712 2849 848 2934 quodvis
873 2851 1002 2936 porrige
1025 2847 1187 2913 manum’?
1233 2848 1310 2934 quid
1333 2849 1408 2929 alia,
1431 2869 1515 2935 quae
1539 2851 1693 2937 copiosus
1716 2848 1868 2915 adsertor
1889 2850 1961 2936 ipse

159 2947 497 3052 ‘ffiffldreplicasti‘l
543 2952 640 3018 credo
663 2973 755 3018 more
778 2951 902 3040 aspidis
926 2954 1051 3034 clausa,
1080 2959 1117 3017 ut
1140 2953 1244 3034 aiunt,
1274 2974 1353 3017 aure
1377 2952 1537 3017 transivit.
1582 2953 1679 3019 video
1703 2975 1766 3040 quo
1790 2974 1827 3018 se
1850 2953 1962 3019 toxiea
2013 2974 2037 3014 ea

305 3055 452 3142 Libycae
482 3061 585 3143 pestis
616 3055 807 3124 extendant.
858 3078 1016 3122 arenosus
1053 3056 1186 3122 coluber
1214 3076 1279 3120 non
1313 3055 1395 3120 haee
1431 3056 1500 3121 sela
1534 3055 1633 3121 habet
1664 3057 1851 3142 perniciosa
1877 3076 1963 3143 quae

305 3166 444 3225 reserat:
469 3160 510 3225 ad
533 3161 793 3226 aestimationem
816 3163 1019 3226 occultorum
1042 3160 1223 3224 facinorum
1245 3159 1382 3224 ferenda
1405 3166 1491 3240 sunt,
1515 3180 1599 3246 quae
1620 3160 1752 3225 fatetur.
1788 3160 1860 3225 vult
1875 3160 1962 3226 enim

305 3263 347 3327 ad
376 3263 457 3327 illud
482 3265 686 3350 pertingere,
716 3266 880 3330 neminem
905 3285 963 3329 suo
987 3264 1064 3327 vitio
1088 3268 1144 3327 aut
1165 3263 1376 3347 neglegentia
1398 3265 1523 3349 perire,
1554 3264 1582 3329 si
1603 3263 1701 3328 homo
1723 3264 1893 3349 utriusque
1915 3264 1964 3329 rei

305 3366 384 3432 beni
407 3373 440 3431 et
463 3368 539 3431 mali
568 3388 627 3453 per
656 3373 855 3454 potestatem
886 3388 1045 3433 concessa
1076 3367 1237 3432 electione
1261 3367 1416 3452 privatur.
1460 3367 1521 3432 hos
1543 3374 1670 3432 tantum
1691 3368 1792 3433 iactat
1813 3368 1963 3454 potuisse

306 3471 423 3535 salvari
447 3471 518 3535 sine
541 3470 652 3537 labore
676 3472 757 3551 ullo,
782 3473 852 3536 sine
877 3471 1104 3537 mandatorum
1127 3471 1284 3551 amicitia,
1313 3492 1394 3556 quos
1418 3472 1666 3556 peregrinantes
1688 3491 1708 3535 a
1730 3472 1847 3536 merito
1869 3471 1963 3536 favor
2013 3492 2039 3531 se

307 3579 433 3638 tantum
458 3575 611 3639 caelestis
637 3576 770 3661 cripuit:
795 3575 940 3662 perinde,
964 3574 1051 3660 quod
1067 3576 1100 3639 in
1123 3575 1229 3661 ipsum
1252 3575 1424 3656 referatur,
1447 3575 1522 3639 illes
1544 3576 1672 3661 perisse
1694 3575 1859 3660 intellegit
1880 3596 1963 3661 ques

256 3674 412 3763 ligratia
438 3678 544 3742 noluit
569 3677 680 3743 divina
707 3679 855 3744 liberare.
902 3686 951 3756 tu,
980 3680 1023 3742 mi
1051 3678 1195 3757 domine,
1228 3678 1319 3744 salve
1347 3676 1433 3743 dicto
1463 3678 1514 3743 fac
1542 3677 1628 3764 apud
1651 3685 1685 3744 te
1707 3685 1744 3743 ut
1767 3680 1847 3759 sies,
1879 3679 1964 3745 etsi

164 3773 292 3872 ssffi,
307 3780 414 3844 sanari
437 3782 633 3867 mancipium
656 3783 768 3847 mortis
791 3804 855 3846 nen
878 3789 998 3868 potest,
1020 3805 1041 3847 a
1057 3783 1264 3849 contentione
1288 3781 1420 3861 desiste,
1445 3804 1486 3846 ne
1503 3803 1576 3848 eum
1592 3788 1628 3847 tu
1643 3782 1720 3848 fidei
1736 3782 1845 3849 radies
1862 3783 1964 3849 fultus

305 3882 413 3947 valida
446 3885 573 3965 niteris,
610 3886 667 3950 ille
701 3886 762 3950 sub
793 3888 963 3952 occasione
996 3886 1091 3950 huius
1125 3886 1368 3951 controversiae
1402 3893 1479 3951 ante
1515 3885 1666 3951 editionis
1700 3892 1831 3972 tempus
1862 3884 1963 3951 divini

307 3988 439 4052 seminis
462 3988 504 4052 ab
528 3988 710 4073 aliquorum
732 3995 825 4054 utero
849 3997 962 4075 partus
987 3991 1142 4056 excutiat.
1821 4074 1825 4081 .
2013 4008 2037 4047 a

953 4313 1054 4381 nvn
1078 4313 1188 4399 (sessu
1205 4317 1235 4395 2,
1253 4314 1319 4399 20).

840 4492 1078 4567 ENNODIVS
1106 4491 1425 4569 CONSTANTIO.

279 4634 292 4694 Ῑ
415 4619 534 4713 Dabis
559 4651 686 4714 veniam
711 4651 795 4736 qnod
819 4652 908 4716 celer
929 4651 1100 4737 rescripsi,
1132 4651 1208 4735 quia
1237 4653 1338 4717 aetati
1366 4651 1472 4719 adhuc
1499 4652 1605 4719 debeo
1628 4652 1801 4719 indocilem
1825 4651 1962 4717 festina·

306 4753 440 4820 tionem.
485 4773 544 4818 vos
574 4755 744 4819 maturitas
772 4762 805 4820 et
832 4754 960 4842 pondus
988 4754 1095 4821 decet.
1140 4755 1278 4842 proinde
1302 4755 1490 4822 credentem
1512 4756 1621 4823 fovete
1644 4763 1678 4822 et
1700 4776 1806 4842 nugas
1829 4776 1963 4822 measa

408 5066 425 5120 3
443 5069 513 5136 operi
526 5068 567 5120 Bb
580 5070 653 5136 (oper
664 5065 725 5133 151),
744 5085 792 5118 aaa.
806 5069 881 5119 ceteri
943 5070 1107 5121 stushuruur
1120 5069 1149 5132 V,
1166 5071 1304 5123 uehuntur
1316 5070 1395 5123 Siras.
1454 5071 1577 5122 debemus
1588 5067 1592 5135 Ι
1605 5070 1673 5135 quod
1685 5084 1738 5120 oce
1751 5068 1810 5133 (aaa
1821 5068 1930 5135 gratissi
1938 5066 1964 5118 Β

306 5152 509 5223 decalogum
527 5154 606 5207 Siren.
686 5155 813 5222 appetitus
828 5154 853 5203 V
975 5153 989 5204 7
1009 5152 1095 5222 etiam]
1119 5157 1186 5208 serim
1206 5156 1284 5208 Siron.
1366 5158 1444 5209 nolito
1461 5172 1525 5208 aem.
1544 5155 1641 5207 Horat
1762 5151 1905 5222 dapostolf
1922 5154 1968 5206 w

308 5239 340 5291 13
357 5242 446 5293 uouite
460 5240 486 5291 B
614 5239 647 5292 15
664 5243 824 5307 arrogantius
842 5241 866 5289 V
990 5239 1023 5290 16
1040 5241 1200 5293 archeteetus
1214 5241 1239 5291 Β
1360 5239 1392 5291 17
1410 5241 1530 5292 omuibus
1546 5240 1642 5291 021an
1764 5237 1798 5290 18
1814 5247 1965 5292 muneretur

306 5341 362 5391 arcp.
375 5327 420 5377 lia.
439 5345 467 5378 rs
476 5327 501 5377 B
605 5326 638 5378 19
656 5327 783 5379 exsilitate
795 5327 820 5376 B
923 5326 958 5379 20
974 5327 1104 5378 meditatis
1116 5324 1157 5377 131
1260 5326 1295 5378 23
1312 5329 1426 5394 suscepit
1438 5327 1470 5391 B,
1488 5328 1595 5394 suscipit
1612 5326 1687 5378 ceteri
1789 5324 1824 5377 26
1841 5326 1928 5393 lybies
1938 5324 1965 5376 Β

305 5410 391 5477 libyos
417 5412 505 5481 pestis]
535 5414 695 5480 lybioeepitis
714 5412 755 5460 V⁰
894 5411 927 5463 ⁶27
946 5413 1090 5465 oculterum
1107 5411 1151 5462 Β(ι
1289 5411 1324 5465 28
1345 5413 1503 5482 negligentia
1518 5412 1544 5463 B
1681 5409 1718 5463 30
1734 5412 1922 5481 peregrinanti
1938 5412 1965 5464 Β

306 5491 339 5545 31
358 5496 463 5561 perinde
479 5496 519 5561 (er
535 5499 564 5549 ia
581 5496 630 5565 lit)
642 5498 676 5563 B,
693 5498 800 5567 proinde
818 5498 896 5551 Sina.
1001 5496 1036 5550 32
1053 5498 1156 5551 liberari
1168 5498 1194 5550 B

410 5594 505 5668 [nvn]
539 5597 574 5653 aa
591 5602 748 5657 masma
