4500 6232
896 286 1088 343 cnxxxvlu
1107 289 1242 356 (OPUSC.
1259 292 1296 356 5).
1858 294 1922 356 303

374 457 467 523 Deus
496 480 603 539 meus,
634 458 816 545 redemptio
846 466 933 525 mea!
976 483 1061 548 quae
1090 461 1167 526 mihi
1197 470 1371 527 occurrunt
1395 462 1436 527 de
1459 463 1510 526 bis
1543 482 1626 547 quae
1650 461 1758 526 fecisti
1781 484 1921 544 mecum,
1938 465 1976 526 19

267 583 351 645 quae
380 561 421 626 do
450 562 515 625 illis
539 584 622 646 quac
646 564 734 647 gessi
759 564 931 628 adversum
957 571 1024 630 me!
1070 565 1205 650 quaesi
1230 565 1448 641 conferantur,
1477 566 1603 629 nullum
1627 569 1757 651 tempus
1780 572 1837 630 aut
1860 588 1922 653 ope

270 673 326 728 tua
355 671 411 728 aut
439 666 560 729 delicto
592 687 665 729 meo
696 666 737 729 sit
760 687 909 730 vacuum.
955 668 1036 733 libet
1063 690 1107 732 ex
1138 669 1316 732 innumeris
1339 669 1372 732 in
1396 691 1448 733 me
1473 669 1713 734 conlationibus
1736 670 1801 733 tuis
1824 691 1922 734 unarn

268 768 372 832 libare
396 775 429 833 et
451 768 690 855 praetereundo
720 771 858 855 populos
885 772 1094 855 largitionum
1119 778 1248 835 tuarum
1272 772 1470 855 singularem
1494 778 1717 837 summotenus
1741 773 1922 857 adtingere.

204 918 208 928 .
269 878 415 957 tempore
442 893 505 956 quo
528 872 658 936 Italiam
687 874 909 957 optatissimus
931 873 1125 939 Theoderici
1154 875 1242 959 regis
1271 876 1478 940 resuscitavit
1502 877 1686 960 ingressus,
1717 896 1790 939 cum
1814 877 1976 942 omnia20

268 976 309 1040 ab
344 976 484 1040 inimicis
517 977 588 1042 eius
620 978 844 1063 inexplicabili
874 977 966 1042 clade
996 985 1204 1043 vastarentur
1233 985 1282 1057 et,
1317 978 1402 1062 quod
1435 984 1624 1065 superesset
1652 977 1786 1062 gladiis,
1820 980 1923 1044 fames

268 1087 414 1158 necaret,
449 1101 522 1143 cum
552 1082 684 1144 excelsa
715 1081 872 1145 montium
904 1087 1150 1167 castrorumque
1181 1104 1275 1147 arces
1305 1084 1440 1167 penuria
1471 1090 1698 1168 perrumperet
1728 1088 1762 1147 et
1790 1083 1824 1146 in
1853 1083 1922 1147 cul-

269 1183 410 1247 minibus
434 1184 559 1247 lecatos
584 1186 682 1249 armis
705 1186 833 1249 saevior
857 1191 990 1269 egestus
1015 1185 1197 1264 obsideret,
1229 1208 1291 1270 ego
1315 1208 1474 1250 annorum
1498 1186 1601 1249 fermo
1625 1183 1767 1250 sedecim
1791 1186 1923 1265 amitae,

269 1308 353 1372 quae
381 1308 433 1350 me
461 1288 600 1365 aluerat,
633 1309 674 1352 ea
702 1296 899 1374 tempestate
928 1291 1050 1354 solacio
1078 1291 1223 1376 privatus
1254 1311 1335 1353 sum.
1386 1290 1529 1354 remansi
1561 1289 1665 1367 solus,
1698 1290 1792 1375 inops
1825 1311 1860 1356 re
1890 1297 1974 1359 el2i

273 1391 410 1454 consilio
439 1389 711 1471 destitutus,'cui
741 1393 811 1456 sola
837 1392 1018 1457 remedium
1049 1393 1193 1458 tribuere
1218 1400 1331 1477 posset
1354 1392 1551 1464 adversitas,
1582 1414 1624 1457 ne
1648 1393 1735 1457 inter
1757 1400 1924 1479 parentes,

270 1493 355 1578 quod
391 1500 443 1556 est
477 1495 679 1579 captivitatis
715 1502 802 1559 sorte
837 1497 994 1570 amarius,
1032 1495 1178 1561 subsidia
1211 1495 1342 1561 vivendi
1382 1496 1467 1560 liber
1498 1516 1670 1580 poscerem
1706 1503 1740 1560 ct
1775 1499 1925 1583 cognitus

269 1597 548 1680 peregrinantium
579 1599 666 1662 mala
696 1599 882 1664 tolerarem.
926 1600 1094 1684 extemplo
1124 1600 1302 1685 porrexisti
1333 1606 1523 1663 consuetam
1554 1598 1742 1679 dexteram,
1775 1600 1924 1667 defensio

269 1722 352 1777 mea,
377 1707 411 1764 et
434 1700 563 1763 domum
589 1722 690 1765 censu
714 1707 747 1766 et
770 1702 928 1785 religione
952 1702 1179 1788 praedivitem,
1203 1708 1239 1766 ut
1261 1702 1419 1766 solacium
1434 1723 1543 1765 mcum
1559 1722 1623 1764 non
1640 1708 1822 1788 respueret,
1846 1724 1923 1767 con·

271 1804 392 1889 pulisti.
429 1805 562 1890 poposci
586 1806 619 1869 in
643 1807 849 1870 matrimonio
873 1806 1042 1871 cuiusdam
1065 1806 1287 1870 nobilissimae
1309 1812 1342 1868 et
1363 1805 1422 1868 tibi
1445 1804 1529 1869 bene
1554 1812 1730 1891 coopertae
1753 1807 1977 1891 parvulam22

205 1948 210 1959 ·
270 1908 416 1987 filiolam,
447 1908 611 1993 protinus,
635 1913 667 1973 te
692 1917 728 1973 ut
751 1909 791 1974 ad
816 1917 849 1975 te
873 1912 1018 1976 venirem
1042 1916 1252 1996 procurante,
1277 1909 1369 1994 quasi
1393 1908 1454 1971 hoc
1479 1931 1498 1971 a
1520 1929 1572 1972 me
1596 1908 1720 1994 sperari
1744 1907 1923 1987 debuisset,

270 2019 439 2096 exceptus.
485 2013 624 2075 eontulit
650 2013 729 2077 mihi
760 2015 958 2099 placentium
985 2014 1043 2078 tibi
1074 2014 1289 2092 consortium,
1323 2018 1356 2076 et
1383 2016 1419 2074 ut
1447 2012 1609 2076 alimentis
1633 2011 1801 2076 affluerem
1825 2011 1923 2077 etad

270 2114 430 2178 culturam
455 2121 544 2178 tuam
567 2116 697 2200 fugiens
719 2117 921 2183 infidelitatis
945 2117 1082 2182 obseura
1105 2137 1333 2181 commearem.
1370 2137 1455 2201 pene
1480 2122 1556 2179 ante
1579 2116 1779 2200 agnitionem
1796 2115 1924 2181 desola-

269 2219 366 2281 tionis
396 2239 489 2282 meae
521 2228 698 2304 coeperunt
727 2222 804 2285 mihi
828 2221 1000 2308 largienda
1023 2227 1208 2307 suppetere.
1253 2225 1330 2282 tunc
1354 2220 1492 2305 primum
1517 2240 1560 2282 ex
1583 2219 1733 2283 mendico
1755 2221 1789 2284 in
1811 2223 1977 2304 regem23

270 2328 423 2397 mutatus,
448 2321 650 2386 adflictarum
673 2323 797 2388 orditus
821 2346 891 2389 sum
915 2325 1003 2389 mala
1025 2323 1175 2388 deridere
1200 2331 1234 2388 et
1250 2322 1344 2407 quasi
1361 2322 1474 2386 debita
1488 2321 1567 2385 mibi
1583 2322 1701 2387 inisset
1715 2324 1925 2410 prosperitas,

194 2439 205 2478 ι
269 2425 320 2488 sie
343 2425 472 2488 illorum
495 2426 672 2511 neglegere
695 2435 872 2492 auctorem.
918 2449 983 2492 non
1006 2435 1116 2491 tamen
1141 2426 1319 2513 perduellis
1342 2427 1470 2490 animus
1495 2433 1528 2489 et
1551 2424 1652 2490 durae
1682 2427 1818 2491 cervicis
1846 2448 1924 2491 eon·

269 2527 360 2592 tinuo
384 2550 403 2592 a
427 2535 459 2592 te
484 2535 590 2593 tumor
613 2530 713 2594 elisus
738 2538 801 2596 est:
835 2532 1016 2618 produxisti
1041 2532 1173 2595 ultionis
1197 2537 1361 2615 tempora,
1384 2551 1425 2593 ne
1448 2529 1532 2592 forte
1556 2549 1785 2614 conpungerer
1807 2536 1840 2593 et
1862 2529 1923 2593 hoc

270 2639 409 2711 tantum,
442 2633 514 2718 quis
545 2640 635 2698 esset
662 2637 850 2721 praestitor,
884 2642 1017 2700 sanatus
1049 2636 1216 2700 sentirem.
1262 2634 1320 2699 sed
1351 2634 1428 2719 quia
1457 2631 1553 2695 horno
1583 2653 1647 2695 non
1681 2632 1853 2718 corrigitur
1882 2634 1978 2696 extl

269 2734 403 2813 iniusto,
433 2757 494 2799 nec
523 2736 618 2802 facile
647 2738 688 2803 ad
712 2739 884 2804 candidum
907 2745 982 2827 post
1004 2740 1150 2804 maculas
1175 2737 1308 2817 reditur,
1339 2736 1416 2801 steti
1439 2736 1473 2799 in
1497 2736 1661 2800 sententia
1684 2757 1758 2800 mea
1779 2735 1836 2800 illa
1859 2755 1924 2821 qua

271 2836 432 2918 caderem,
456 2840 519 2903 vici
542 2841 736 2926 patientiam
760 2849 849 2907 tuam
872 2843 1117 2908 continuatione
1141 2842 1278 2930 peccati.
1317 2846 1350 2906 et
1372 2840 1459 2925 quia,
1482 2861 1555 2904 eum
1578 2839 1623 2902 sis
1639 2839 1925 2915 clementissimus,

271 2962 337 3005 non
360 2963 490 3027 semper
512 2944 670 3009 iustitiam
695 2948 836 3033 seponis,
860 2947 1000 3011 nudatus
1025 2946 1190 3033 praesidio
1214 2953 1270 3010 tuo
1287 2965 1402 3009 vocem
1426 2943 1526 3021 illam,
1550 2963 1634 3028 quae
1659 2940 1785 3008 directa
1808 2947 1859 3007 est
1882 2940 1922 3006 ad

271 3065 368 3108 aures
397 3046 491 3131 primi
522 3049 681 3133 parentis,
713 3051 839 3135 accepi:
877 3049 1008 3125 ‘Adam,
1039 3049 1095 3114 ubi
1119 3047 1187 3114 es’?
1222 3050 1253 3111 in
1284 3047 1473 3111 confusione
1502 3067 1576 3110 mea
1599 3051 1737 3131 quantos
1761 3036 2066 3140 amiserim25⁰ss¹¹ff

272 3149 467 3213 clementiae
492 3156 568 3214 tuae
592 3151 763 3217 thesauros
787 3161 821 3218 et
844 3175 908 3239 qua
931 3152 1072 3216 nudatus
1097 3154 1157 3216 sim
1182 3152 1257 3216 dote
1281 3152 1463 3215 numeravi:
1493 3170 1601 3214 rerum
1625 3172 1645 3214 a
1667 3155 1700 3214 to
1724 3150 1924 3214 conlatarum

271 3253 456 3316 aestimatio
479 3261 556 3318 tunc
580 3276 738 3320 concessa
760 3264 819 3330 est,
842 3278 916 3320 cum
940 3256 1017 3319 mihi
1041 3255 1196 3341 perirent.
1236 3253 1316 3318 redii
1341 3253 1382 3317 ad
1405 3274 1457 3317 me
1474 3260 1572 3338 atque
1589 3252 1819 3317 adaerumnas
1835 3273 1926 3316 meas

273 3361 306 3420 et
333 3362 467 3441 propter
496 3357 617 3441 gaudia
645 3358 804 3444 producta
832 3360 1011 3424 lacrimari.
1056 3360 1166 3422 statim
1189 3357 1253 3421 alio
1278 3356 1408 3442 quidem
1431 3357 1562 3433 itinere,
1591 3378 1655 3420 uon
1678 3362 1788 3420 tamen
1811 3357 1924 3442 inpare

273 3459 464 3524 subvenisti.
512 3462 684 3538 ordinasti,
721 3469 756 3527 ut
785 3485 845 3550 per
874 3463 1017 3526 efficium
1050 3462 1222 3526 levitarum
1256 3467 1388 3524 coactus
1419 3480 1554 3523 sanarer
1582 3465 1616 3524 et
1645 3459 1767 3545 inpacti
1793 3457 1925 3524 honoris

271 3563 401 3628 sarcina
423 3564 509 3649 quod
532 3565 705 3650 premebat
727 3588 747 3630 a
770 3587 821 3630 me
844 3565 973 3653 pondus
991 3570 1169 3629 amoveret.
1210 3562 1267 3629 sed
1285 3570 1460 3649 postquam
1475 3560 1685 3627 venerandae
1702 3583 1754 3627 me
1770 3583 1924 3648 pressura
1937 3562 1978 3624 26

271 3666 441 3752 dignitatis
465 3668 613 3745 absolvit,
638 3669 736 3733 habui
760 3669 800 3734 de
822 3671 918 3734 titulo
934 3669 1078 3755 genium,
1102 3689 1166 3732 non
1183 3666 1223 3733 de
1240 3667 1378 3731 aetionis
1395 3666 1501 3729 nitore
1518 3667 1761 3732 conscientiam.
1798 3685 1926 3730 omens

270 3772 379 3857 rigore
403 3772 565 3836 inebriata
587 3774 736 3838 venefico
760 3795 821 3838 nec
845 3774 1007 3860 exemplis
1036 3774 1193 3837 instructa
1224 3792 1286 3836 neo
1316 3771 1461 3835 monitis!
1507 3771 1533 3834 si
1561 3769 1681 3836 desunt
1707 3770 1766 3834 tibi
1788 3789 1925 3834 venera·

274 3876 386 3940 bilium
417 3877 608 3961 magisteria
640 3877 811 3957 librorum,
842 3876 883 3940 ad
907 3876 1089 3962 proiectum
1112 3874 1288 3939 informare
1311 3874 1479 3960 suppliciis
1503 3882 1554 3953 ct,
1584 3875 1647 3938 nisi
1671 3882 1703 3939 te
1727 3894 1828 3939 caeno
1850 3892 1925 3958 per·

275 3978 406 4043 ditionis
429 3979 596 4065 inmergis‚
622 3980 742 4045 babere
765 3987 861 4067 potes
885 3979 926 4045 de
950 4000 1057 4065 poena
1080 3977 1272 4043 doctrinam.
1309 3977 1366 4042 sed
1391 3978 1474 4043 haee
1495 3977 1595 4042 faciat
1619 3979 1651 4042 in
1670 3977 1763 4042 nobis
1780 3976 1847 4053 ille,
1871 3973 1927 4060 qui

274 4083 449 4169 praecipit,
481 4089 513 4146 et
536 4092 572 4146 ut
599 4105 697 4169 pares
725 4085 798 4148 eius
821 4085 1002 4149 existamus
1025 4083 1173 4169 inperiis,
1201 4082 1273 4168 ipse
1297 4082 1467 4148 nobiscum
1491 4080 1577 4168 quod
1599 4082 1738 4168 iniungit
1759 4086 1923 4167 operetur.

382 4185 476 4251 Haec
510 4193 543 4249 et
574 4188 639 4251 alia
670 4188 779 4274 plura,
815 4189 899 4253 sieut
928 4187 1095 4274 praelatus
1127 4206 1214 4266 sum,
1249 4207 1310 4272 per
1343 4191 1463 4251 testem
1495 4186 1758 4272 probatissimum
1793 4186 1925 4250 beatum
1938 4178 1978 4240 27

275 4289 441 4355 Victorem
471 4290 651 4355 intimanda
681 4292 847 4378 suggessi,
880 4313 941 4356 nec
965 4291 1095 4376 requies
1118 4311 1180 4355 nee
1203 4311 1295 4353 mora
1317 4288 1523 4374 procuranda
1544 4289 1696 4355 lentavit:
1730 4288 1925 4376 petitionem

378 4550 395 4602 2
413 4550 445 4619 si]
464 4554 502 4603 sio
518 4551 558 4599 V⁰
671 4552 688 4604 3
706 4552 809 4604 dilectio
829 4551 885 4616 (alt.
903 4553 911 4601 i
929 4551 991 4615 dcl.)
1004 4550 1030 4600 B
1069 4575 1074 4586 ·
1108 4567 1165 4602 meo
1183 4568 1240 4617 sup.
1253 4550 1299 4600 lin.
1313 4549 1338 4599 B
1415 4550 1595 4601 collationibus
1612 4549 1635 4598 V
1744 4547 1761 4600 4
1779 4549 1890 4617 populus
1902 4548 1928 4600 B

274 4640 412 4706 adtinget-it
425 4638 458 4701 B,
476 4640 601 4707 attingere
617 4639 641 4688 V
733 4639 748 4689 li
767 4640 841 4691 samis
860 4654 950 4689 nemra
960 4636 986 4687 B
1081 4635 1288 4702 Teucrorumque
1300 4633 1400 4687 areisB
1461 4634 1629 4702 perrumperit
1639 4633 1664 4684 Β
1759 4631 1776 4684 8
1793 4634 1928 4687 locatusB

274 4725 408 4777 obsederet
420 4724 445 4775 Β
522 4726 637 4777 sedecem
651 4725 676 4775 B
794 4722 828 4776 10
845 4725 978 4775 disciturus
988 4722 1014 4774 B
1096 4731 1182 4790 posset
1199 4724 1290 4788 scripsi
1306 4739 1363 4773 eum
1376 4720 1505 4784 Hartelio,
1523 4721 1604 4787 possit
1621 4719 1681 4771 libri
1768 4763 1773 4771 .
1799 4718 1829 4770 11
1848 4718 1926 4788 ωηο]

275 4820 330 4862 orte
342 4809 367 4861 Β
454 4819 479 4862 et
497 4812 634 4877 cognitus.
649 4851 654 4861 .
668 4813 801 4862 tolerarem
814 4811 847 4873 Β,
865 4828 912 4861 ont.
927 4810 1001 4861 ceteri
1125 4806 1157 4859 12
1174 4809 1291 4874 exemplo
1305 4808 1330 4857 B
1412 4808 1556 4858 consuitam
1569 4806 1594 4856 B
1716 4803 1748 4855 13
1765 4807 1892 4873 respuerit
1902 4805 1928 4857 B
1951 4844 1957 4854 .

277 4894 308 4948 14
330 4898 491 4948 matrimonio
505 4897 537 4960 B,
560 4898 750 4948 matrimonium
768 4899 842 4948 ceteri
949 4897 1081 4962 paruolum
1098 4894 1123 4944 Β
1266 4892 1298 4943 15
1319 4894 1434 4944 uenirem
1451 4893 1551 4959 scripti,
1576 4893 1665 4944 uenire
1677 4890 1711 4956 Β,
1736 4892 1837 4943 ueniret
1853 4893 1929 4944 atari

275 4980 307 5033 16
325 4972 446 5035 afluereru
459 4983 484 5034 Β
611 4981 642 5033 19
659 4985 812 5034 afflictorum
829 4983 853 5032 V
973 4979 1008 5032 20
1024 4983 1156 5049 negligere
1167 4981 1193 5031 Β
1317 4976 1351 5029 22
1369 4976 1445 5045 esset]
1465 4980 1526 5030 isset
1538 4977 1623 5041 BVL,
1646 4979 1737 5029 suisset
1754 4977 1819 5028 coni.
1832 4976 1929 5029 Harrei

274 5071 411 5137 corrigitur
427 5071 455 5134 T,
478 5071 581 5138 corrigit
598 5070 672 5132 VLO,
694 5071 805 5137 corriget
816 5068 842 5119 B
972 5065 1006 5119 33
1024 5069 1120 5120 iniusta
1137 5085 1170 5119 ue
1181 5067 1207 5119 B
1302 5066 1400 5118 reditur
1412 5065 1547 5127 Dmntart,
1569 5065 1668 5117 reditur
1680 5062 1713 5128 Β,
1729 5064 1833 5116 adeon
1844 5064 1929 5127 αἱαὶ,

274 5157 399 5223 redigitur
411 5157 507 5207 Harrei
610 5158 693 5207 sentia
704 5156 729 5206 B
867 5152 900 5204 ⁸24
918 5155 1030 5206 adirem
1043 5153 1068 5205 Β
1208 5151 1243 5203 25
1260 5153 1363 5220 saponis
1375 5152 1409 5216 B,
1432 5153 1533 5220 reponis
1545 5151 1621 5203 ceteri
1758 5146 1794 5201 26
1810 5156 1928 5217 puentes

273 5243 356 5309 accipi
367 5242 393 5292 Β
496 5249 608 5308 quantus
623 5241 650 5292 Β
786 5238 820 5292 21
839 5248 975 5293 messurus
992 5239 1018 5291 B
1119 5241 1168 5291 sim
1184 5239 1273 5303 Sient,
1294 5257 1352 5292 sum
1370 5241 1431 5291 libri
1534 5239 1597 5290 doce
1613 5237 1638 5288 Β
1740 5236 1892 5288 collatarum
1908 5234 1933 5285 V

274 5326 309 5379 28
331 5328 444 5394 perirent
465 5327 568 5392 scripsi,
594 5327 689 5392 periret
706 5326 777 5386 libri5
796 5328 864 5392 fort.
882 5326 979 5393 periers
1084 5341 1197 5377 crunnus
1212 5324 1237 5375 Β
1375 5322 1411 5375 29
1433 5326 1536 5391 quidem
1559 5324 1611 5376 alio
1628 5323 1724 5375 VLTO
1824 5322 1887 5373 itare
1904 5320 1929 5371 Β

273 5410 309 5465 30
330 5413 486 5464 leuuitarum
502 5411 528 5462 B
660 5410 693 5462 31
716 5410 857 5478 praemibat
871 5411 896 5461 B
993 5411 1125 5464 amoberet
1140 5410 1166 5462 Β
1302 5408 1337 5461 32
1354 5411 1447 5462 habuit
1464 5418 1490 5462 et
1507 5411 1539 5461 de
1550 5409 1577 5459 B
1711 5404 1746 5459 33
1763 5407 1891 5459 inebriatu
1903 5406 1929 5458 B

274 5496 401 5567 usneflco]
420 5500 539 5552 usnibieo
552 5498 585 5562 B,
610 5498 721 5549 uenifieo
737 5498 813 5549 ceteri
939 5494 975 5548 35
991 5504 1076 5565 potest
1088 5497 1113 5548 Β
1235 5496 1268 5549 36
1287 5497 1414 5564 praecipat
1425 5495 1458 5560 B,
1482 5495 1636 5562 praecapitb
1757 5490 1791 5544 37
1810 5493 1873 5544 bueo
1890 5490 1927 5558 ot]

275 5586 368 5641 uase
378 5584 424 5637 aa
527 5581 562 5636 ss
578 5563 740 5655 prosuae
751 5582 777 5635 a
