4500 6232
837 280 1029 335 cuxxxvlu
1048 279 1183 349 (OPUSC.
1201 282 1238 347 b).
1804 283 1864 346 301

210 453 307 517 deum
339 453 380 519 de
408 454 554 520 abitione
583 454 749 539 sospitatis
777 459 810 516 et
837 453 870 516 iu
900 453 972 539 ipso
1002 452 1148 538 gaudere
1177 452 1217 517 de
1243 452 1360 517 reditu.
1406 453 1547 517 laetatur
1569 474 1654 517 nune
1677 454 1711 517 in
1734 459 1866 517 auctore

210 563 322 620 nostro
346 559 465 622 mentis
491 558 613 622 sanitas
631 562 805 642 procurata
821 557 1045 641 languoribus.
1082 557 1138 621 ubi
1154 564 1204 620 est
1221 556 1379 644 superbia
1395 556 1568 621 diuturnae
1585 558 1701 621 salutis
1718 557 1869 641 quaesita
1903 555 1922 616 3

212 659 375 724 ludibrio?
420 662 478 725 ubi
509 661 732 748 supercilium,
766 646 826 745 per
855 659 941 745 quod
972 659 1116 723 divinum
1146 681 1263 723 munus
1294 660 1454 725 credebas
1485 681 1560 725 esse
1589 681 1657 724 rem
1680 661 1868 747 propriam?

212 771 349 848 repente
381 763 528 829 deseruit
555 772 589 827 te
622 765 807 827 constantia
837 764 964 829 roboris
993 764 1054 843 tui,
1086 769 1120 827 et
1147 764 1361 847 aegritudinis
1392 765 1540 829 subiecta
1562 764 1763 850 ponderibus
1787 764 1869 828 elisa

148 888 159 922 s
214 866 344 930 cervice
372 867 514 947 iacuisti,
540 871 715 951 postquam
744 866 827 951 fugit
856 867 1058 953 prosperitas
1087 873 1160 942 tua,
1192 887 1297 929 seram
1329 866 1487 932 meditata
1515 868 1747 953 penitentiam,
1780 864 1867 951 quod

210 969 378 1045 valueras,
409 969 461 1034 dci
494 970 596 1033 nostri
619 969 721 1034 fuisse
746 991 960 1054 cognoscens.
1006 971 1128 1054 gratias
1151 969 1225 1047 tibi,
1255 970 1338 1033 caeli
1364 969 1552 1035 moderator
1574 976 1608 1035 et
1631 968 1788 1049 conditor,
1812 969 1867 1053 qui
1901 971 1921 1030 4

210 1071 455 1157 dispensatione
485 1073 597 1137 subtili
632 1078 665 1137 et
700 1074 838 1137 occultis
875 1073 1051 1138 miserendi
1087 1072 1260 1137 itineribus
1289 1074 1358 1136 vias
1389 1080 1518 1138 nostras
1549 1082 1583 1138 et
1612 1074 1652 1139 de
1682 1071 1867 1136 adflictione

211 1178 366 1262 conponis
394 1184 428 1242 et
456 1178 497 1241 ad
522 1179 675 1242 virtutem
705 1178 884 1262 perfectam
914 1178 968 1262 pia
998 1178 1199 1242 laceratione
1223 1197 1282 1240 nos
1306 1198 1451 1262 reparas.
1497 1175 1537 1240 ad
1561 1176 1759 1241 medicinam
1781 1181 1871 1239 tuam

212 1281 324 1366 venire
355 1282 417 1345 nisi
446 1282 602 1366 suffragio
626 1281 768 1344 vulneris
797 1302 862 1344 non
886 1282 1048 1360 valemus,
1080 1301 1153 1344 cum
1184 1279 1336 1344 duritiam
1361 1280 1468 1344 cordis
1491 1279 1716 1345 adsuescimus
1739 1286 1772 1343 te
1795 1299 1871 1365 per·

213 1385 358 1449 cutiente
390 1387 518 1450 mollire
550 1394 583 1450 ct
612 1384 859 1469 suggestionem
892 1390 1043 1449 terrenae
1072 1384 1208 1448 vilitatis
1239 1385 1340 1448 nobili
1368 1390 1401 1448 et
1428 1383 1615 1447 dulcissima
1646 1383 1871 1448 molestiarum

212 1494 396 1553 nostrarum
420 1489 572 1573 passione
597 1488 813 1573 conprimere.

320 1591 408 1656 Ecce
432 1613 494 1677 ego
518 1592 584 1672 ille,
614 1592 668 1676 qui
692 1593 726 1654 in
749 1593 883 1676 longum
906 1589 1004 1654 ducta
1025 1591 1104 1654 mihi
1127 1590 1298 1656 alacritate
1323 1590 1530 1678 plaudebam,
1555 1591 1718 1676 quadum
1741 1589 1870 1678 perpeti
1903 1599 1923 1658 5

212 1694 348 1773 fruerer,
384 1696 478 1780 quasi
506 1696 596 1760 nulls
624 1694 864 1759 intermissione
899 1694 1088 1768 solveretur,
1123 1694 1322 1778 quaerebam
1351 1697 1492 1781 qualiter
1519 1696 1646 1782 peccati
1674 1693 1869 1782 stipendium

212 1819 300 1862 mors
317 1799 454 1866 veniret.
494 1821 568 1864 nam
593 1800 741 1864 elevatus
764 1799 888 1863 insanis
912 1799 1120 1863 successibus
1144 1805 1318 1884 poetarum
1333 1820 1385 1862 me
1402 1800 1495 1884 gregi
1512 1800 1644 1884 ignarus
1659 1796 1870 1863 venerandae

147 1947 151 1956 ·
212 1902 425 1986 professionis
454 1901 647 1968 indideram.
693 1902 901 1966 delectabant
929 1904 1075 1967 carmina
1098 1902 1267 1987 quadratis
1290 1903 1450 1968 fabricata
1473 1904 1642 1989 particulis
1667 1909 1700 1968 et
1723 1901 1873 1967 ordinata

212 2006 331 2091 pedum
355 2007 513 2071 varietate
538 2006 688 2088 solidata.
734 2008 927 2091 augelorum
951 2006 1058 2070 choris
1082 2028 1135 2070 me
1159 2007 1281 2070 fluxum
1306 2013 1363 2070 aut
1386 2015 1534 2071 tenerum
1559 2028 1676 2093 poema
1698 2004 1869 2085 miscebat,
1903 2014 1923 2073 6

212 2117 245 2174 et
269 2112 295 2174 si
319 2111 501 2191 evenisset,
530 2118 566 2174 ut
594 2132 699 2175 essem
729 2111 888 2175 claromm
911 2132 1065 2175 versuum
1090 2119 1220 2174 servata
1244 2112 1318 2195 lege
1343 2112 1509 2191 formator,
1540 2111 1600 2175 sub
1624 2110 1764 2196 pedibus
1787 2109 1871 2173 meis

212 2213 393 2277 subiectum
426 2212 582 2298 quioquid
612 2215 694 2278 caeli
724 2215 847 2299 tegitur
875 2234 938 2276 axo
971 2212 1156 2276 cernebam.
1202 2214 1350 2299 ineptum
1374 2214 1429 2278 diu
1453 2215 1612 2278 volutavit
1635 2216 1703 2278 vita
1725 2214 1871 2278 mortalis

212 2323 246 2381 et
279 2323 370 2380 certa
403 2316 606 2381 miseriarum
643 2318 784 2382 caecitas
819 2316 860 2382 de
895 2317 980 2381 falsa
1014 2315 1143 2381 dicendi
1187 2317 1343 2382 felicitate
1385 2319 1573 2404 perextulit.
1626 2319 1776 2403 quotiens
1813 2316 1869 2381 ad·

135 2450 140 2463 ·
214 2421 422 2484 clamantium
446 2421 578 2485 flatibus
595 2429 729 2508 propter
746 2422 937 2507 religionem
954 2427 1069 2486 vertex
1086 2420 1228 2484 nudatus
1245 2421 1406 2488 intumuit.
1431 2428 1465 2486 et
1480 2421 1695 2486 mendacibus
1709 2420 1871 2485 labiorum

213 2524 303 2587 lusus
327 2525 501 2589 inlecebris
525 2525 663 2589 credidit
686 2545 830 2589 amorem
855 2525 906 2588 sui
930 2524 1119 2587 habentium
1144 2523 1331 2608 pectoribus
1357 2525 1514 2609 inperari!
1553 2531 1587 2589 tu
1612 2530 1733 2604 autem,
1758 2523 1868 2609 quiin
1903 2529 1920 2587 7

212 2628 312 2692 caelis
337 2628 476 2708 habitas,
501 2628 667 2692 inridebae
692 2651 758 2693 me:
784 2634 818 2691 tu
842 2649 938 2712 quem
963 2649 1027 2691 non
1052 2625 1220 2690 deleniunt
1238 2627 1337 2690 verba
1361 2626 1419 2690 sod
1444 2628 1586 2713 puritas:
1612 2634 1647 2691 tu
1669 2626 1755 2714 apud
1772 2646 2016 2712 quemruraaa.

214 2752 314 2817 saepe
338 2733 419 2796 muti
449 2733 611 2816 loquimur
635 2739 669 2796 et
692 2732 872 2796 clamantes
895 2739 1052 2795 tacemus.
1100 2732 1145 2793 sio
1169 2731 1246 2793 dum
1270 2753 1321 2796 me
1348 2733 1606 2796 concinnationis
1629 2733 1814 2819 superfluae
1838 2731 1871 2794 in

213 2835 385 2900 rhetoricis
415 2843 447 2900 et
477 2837 614 2921 poeticis
646 2837 766 2920 campis
795 2837 887 2922 lepos
917 2836 1070 2921 agitaret,
1104 2856 1225 2899 avers
1255 2835 1417 2919 sapientia
1441 2837 1608 2901 mentitam
1633 2841 1766 2900 secutus
1790 2835 1867 2899 abs-

135 2964 152 2996 ··
213 2961 386 3019 cesseram,
411 2940 492 3003 nihil
515 2939 602 3003 aliud
627 2939 760 3024 cupiens
784 2940 846 3003 nisi
863 2939 949 3003 auris
966 2959 1069 3002 vanae
1094 2939 1288 3002 laudationis
1311 2938 1490 3023 adsurgere
1514 2945 1547 3001 ct
1563 2939 1676 3002 orandi
1694 2938 1872 3013 fastidium,

213 3043 289 3107 dum
312 3043 486 3130 perorandi
511 3043 648 3108 tenebar
671 3044 863 3128 cupiditate,
886 3042 1035 3108 mercari.
1080 3043 1197 3105 infelix
1222 3064 1283 3127 ego
1307 3042 1422 3106 homo!
1462 3043 1534 3126 quis
1558 3063 1610 3106 me
1635 3055 1805 3128 repararet
1828 3039 2017 3115 deuouere.

213 3167 349 3234 corpore
373 3147 486 3211 mortis
511 3147 630 3211 huius?
675 3146 781 3230 grstia
804 3145 867 3225 dei,
892 3146 1094 3210 medicabilis
1118 3146 1222 3211 morbi
1245 3167 1402 3210 concessa
1424 3145 1615 3211 ministerio.

320 3249 406 3315 Nam
430 3272 509 3315 ecee
533 3257 670 3337 reponte
694 3248 870 3314 adsedem
895 3251 1023 3315 animae
1048 3249 1253 3314 formidantis
1275 3249 1369 3313 dolor
1384 3249 1551 3333 ingressus
1569 3256 1603 3314 et
1618 3255 1748 3315 secreta
1763 3247 1870 3313 cordis
1904 3254 1924 3317 8

213 3354 325 3418 hostili
349 3355 439 3441 pavit
461 3353 623 3418 incendio.
663 3359 739 3418 tunc
763 3352 916 3439 quicquid
939 3353 1035 3417 homo
1059 3360 1110 3418 est
1134 3354 1200 3438 iugi
1225 3352 1483 3417 consenescebat
1505 3353 1622 3419 ardore
1639 3360 1673 3418 et
1688 3375 1748 3440 per
1762 3352 1870 3417 aditus

215 3459 382 3523 naturales
408 3459 513 3523 coctio
537 3480 572 3523 se
594 3459 725 3523 interna
747 3457 928 3523 reserabat.
975 3478 1048 3522 nam
1073 3456 1148 3521 dum
1173 3479 1191 3520 e
1215 3457 1350 3522 latebris
1374 3457 1442 3521 suis
1466 3458 1645 3543 pelleretur
1667 3456 1871 3542 adrogantia,

213 3563 361 3647 quamvis
393 3560 499 3626 adbuc
528 3562 638 3647 aliqua
660 3560 702 3625 de
730 3561 975 3647 superstitioso,
1005 3569 1113 3624 tamon
1137 3561 1201 3624 iam
1226 3560 1265 3624 de
1290 3561 1466 3645 superstite
1490 3562 1569 3626 nibil
1593 3561 1766 3629 habebam.
1811 3561 1873 3625 hoc

215 3667 319 3730 solum
351 3674 554 3731 remanserat
580 3666 621 3730 de
651 3666 853 3730 conscientia
880 3666 1033 3744 viventis,
1072 3665 1159 3749 quod
1183 3687 1201 3729 a
1225 3674 1271 3742 tc,
1305 3663 1387 3727 dous
1416 3685 1524 3745 meus,
1554 3666 1662 3730 sanari
1689 3687 1741 3730 me
1772 3685 1872 3751 posse

214 3769 436 3845 confidebam,
469 3790 565 3854 quem
598 3768 639 3833 ad
670 3769 920 3833 commotionem
950 3790 1060 3834 errore
1084 3769 1313 3855 produxeram.
1359 3789 1420 3833 nec
1444 3775 1553 3833 tamen
1577 3770 1737 3834 vastatrix
1760 3769 1816 3832 illa
1839 3773 1873 3834 et
1907 3773 1927 3833 9

215 3874 372 3958 magistra
394 3874 496 3958 pestis
520 3872 644 3936 latebat
658 3872 820 3935 viscerum
845 3871 977 3935 inmissa
1000 3872 1222 3951 conclavibus,
1247 3893 1306 3935 nec
1329 3878 1482 3935 contenta
1498 3873 1671 3954 velamine,
1695 3877 1801 3937 totum
1822 3892 1874 3936 mc

152 4025 156 4035 .
216 3975 313 4041 luridi
342 3976 460 4040 coloris
488 3975 574 4040 nube
598 3976 769 4055 vestierat,
799 3982 835 4038 ut
864 3974 1017 4060 quicquid
1040 3976 1072 4038 iu
1097 3975 1216 4040 ceteris
1245 3975 1454 4061 passionibus
1483 3975 1683 4041 medicorum
1707 3977 1875 4061 quaeritur

216 4078 338 4164 digitis,
362 4079 425 4143 hoc
448 4079 652 4165 propositum
675 4100 734 4164 pro
759 4078 965 4162 correptione
990 4077 1040 4141 sui
1064 4077 1181 4163 vulgus
1198 4076 1336 4142 videret.
1375 4079 1493 4143 urebat
1516 4086 1665 4144 amantes
1688 4079 1754 4144 mei
1777 4081 1875 4164 longa

215 4183 393 4259 calamitas,
417 4181 536 4246 urebat
557 4182 724 4245 inimicos:
749 4183 831 4245 alios
855 4181 1042 4267 desperatio
1061 4180 1170 4245 obitus
1186 4182 1261 4251 mei.
1285 4183 1365 4246 alios
1382 4183 1526 4267 angebat
1541 4183 1714 4257 instantia;
1739 4204 1874 4248 concors

215 4292 285 4350 erat
317 4285 460 4349 civitatis
490 4285 523 4348 in
555 4284 653 4348 studii
679 4283 840 4348 divisione
869 4283 1044 4349 sententia.
1090 4285 1217 4348 interea
1245 4306 1296 4349 me
1334 4285 1420 4350 edax
1449 4286 1534 4370 ignis
1566 4286 1694 4351 interno
1721 4286 1873 4352 vastabat
1888 4288 1926 4347 10

216 4389 325 4453 officio
349 4393 383 4453 ct
405 4388 568 4451 continuis
594 4389 775 4452 curantium
799 4387 986 4452 nutribatur
1007 4385 1134 4451 studiis.
1172 4408 1245 4450 nam
1263 4389 1355 4473 quasi
1372 4389 1504 4454 morbos
1520 4390 1634 4469 aleret,
1657 4391 1704 4454 ita
1719 4389 1873 4476 quiequid

216 4500 329 4557 contra
351 4492 441 4578 ipsos
464 4490 699 4578 providebatur
721 4492 872 4556 accessit.
912 4499 988 4556 tunc
1011 4492 1068 4556 illa
1084 4492 1261 4555 saecularis
1278 4512 1416 4579 pompae
1436 4493 1645 4580 philosophia
1660 4492 1873 4581 Hippocratis

219 4632 339 4638 -—--
350 4632 629 4639 .-ψ--

321 4715 335 4767 1
354 4714 474 4782 abitione]
494 4718 652 4768 habitatione
664 4716 689 4766 B
750 4719 880 4784 sospitatis
892 4717 917 4767 B
982 4715 1100 4782 metatur]
1119 4717 1229 4783 legimur
1248 4715 1301 4783 legi
1313 4717 1340 4767 ia
1352 4717 1388 4767 tu.
1400 4726 1424 4769 et
1435 4735 1448 4767 s
1460 4736 1514 4784 sap.
1529 4717 1552 4782 r)
1565 4718 1590 4769 B
1691 4715 1708 4767 2
1725 4714 1873 4783 diuturnae]

216 4803 320 4855 diuitiae
333 4803 413 4856 Siras>
502 4802 519 4854 3
537 4801 666 4870 divinum]
684 4804 799 4855 omnium
813 4804 891 4855 Sirra.
978 4801 995 4854 4
1013 4804 1114 4855 deserui
1127 4803 1152 4853 Β
1239 4802 1255 4854 6
1268 4802 1395 4868 valueras]
1408 4805 1591 4870 praeualueras
1603 4805 1618 4856 b
1670 4820 1828 4871 cognoscens
1841 4802 1874 4866 B,

216 4891 351 4957 cognoscis
368 4891 443 4943 ceteri
577 4887 592 4939 7
611 4889 699 4956 suptili
712 4889 738 4940 B
831 4890 972 4941 iteneribus
984 4889 1009 4939 B
1102 4890 1241 4940 afflictione
1257 4888 1282 4936 V
1406 4890 1488 4942 linos
1507 4892 1546 4947 los
1564 4908 1619 4957 sup.
1637 4891 1682 4941 lin.
1701 4898 1725 4942 et
1742 4890 1769 4940 in
1787 4887 1835 4952 lit.)
1849 4888 1875 4940 Β

216 4974 233 5025 9
251 4977 361 5028 uelimus
374 4976 399 5026 B
468 4977 639 5027 adsciscimus
657 4992 748 5042 cepere
763 4974 767 5040 1
783 4977 896 5028 eutieute
909 4976 934 5026 B
1040 4973 1072 5025 10
1090 4976 1206 5026 uillitatis
1220 4974 1245 5024 Β
1353 4973 1384 5024 15
1401 4977 1577 5029 inaddideram
1589 4976 1615 5026 B
1684 4976 1815 5042 perticalis
1832 4974 1874 5024 V⁰

217 5059 250 5112 16
267 5063 367 5114 soldata
379 5062 404 5112 Β
505 5059 534 5111 17
554 5064 670 5114 eueniret
682 5062 707 5112 B
765 5065 889 5114 formatur
901 5063 926 5113 Β
1024 5062 1055 5114 18
1072 5064 1194 5114 mortales
1206 5061 1232 5111 Β
1330 5060 1360 5113 19
1379 5063 1575 5114 acclamantium
1592 5063 1616 5112 V
1707 5058 1744 5113 20
1760 5058 1873 5127 flatibus]

215 5150 346 5215 flagitibus
360 5149 384 5198 Β
459 5149 543 5200 namin
562 5148 588 5198 Β
664 5150 827 5201 mendatibus
845 5148 870 5199 Β
978 5147 1010 5199 21
1030 5150 1111 5200 credit
1122 5149 1147 5198 B
1251 5146 1285 5198 22
1302 5148 1424 5199 diliniunt
1437 5148 1548 5211 BVLT,
1571 5149 1698 5200 deliniunt
1711 5147 1757 5200 ΟΡ
1828 5155 1876 5199 tus

215 5235 286 5302 apud
296 5235 323 5285 B
434 5233 469 5286 23
487 5236 621 5287 clamantis
633 5235 660 5286 B
774 5232 808 5285 24
826 5237 921 5287 reteri·
930 5236 967 5286 cis
979 5234 1005 5284 B
1082 5237 1157 5301 lepus
1168 5234 1194 5284 B
1308 5231 1343 5284 25
1360 5251 1442 5286 uense
1460 5235 1619 5287 laudationes
1630 5234 1656 5284 B
1736 5234 1875 5300 adsurgere

216 5321 352 5389 (adurgere
365 5321 420 5385 Ba)
434 5323 468 5385 B,
485 5324 606 5390 occupari
618 5323 701 5384 cauri,
718 5323 844 5390 aucupari
857 5322 961 5373 Iuratae
977 5321 1048 5373 mite.
1062 5339 1091 5387 p.
1107 5326 1155 5372 rto
1243 5329 1268 5372 et
1280 5319 1313 5383 Β,
1330 5330 1386 5373 erat
1402 5321 1478 5371 ceteri
1605 5319 1639 5371 26
1657 5321 1763 5373 tenebar
1775 5318 1786 5383 ΙΙ
1797 5319 1875 5371 verda

215 5410 355 5476 cupiditate
372 5426 450 5474 ιιεριιι
472 5408 509 5459 ad
526 5425 589 5474 pag.
602 5410 693 5471 302,8
710 5409 810 5459 reducit
830 5417 884 5460 tota
902 5409 1005 5474 pagina
1022 5424 1106 5459 saeua
1124 5425 1172 5458 om.
1188 5405 1213 5456 B
1338 5405 1373 5457 30
1391 5407 1516 5458 naturalis
1531 5406 1650 5459 1⁷an
1768 5403 1802 5457 33
1820 5422 1875 5474 per·

217 5496 340 5547 duxeram
355 5495 413 5546 CPb
517 5492 552 5545 30
570 5495 680 5545 amantis
699 5495 767 5557 libri,
784 5511 830 5545 ern.
845 5495 925 5546 Sirra.
1027 5490 1061 5546 37
1079 5496 1198 5546 inimicus
1216 5495 1282 5545 alius
1302 5493 1369 5555 libri,
1387 5510 1433 5542 eru.
1446 5492 1525 5542 Siras.
1593 5493 1663 5543 aliud
1681 5493 1794 5560 angebat
1806 5492 1875 5557 libri,

216 5598 263 5632 em.
277 5581 356 5633 sirm.
461 5578 496 5630 39
513 5582 675 5632 nutriebatur
689 5580 747 5631 CPh
850 5579 886 5631 40
903 5582 1049 5648 yppocratis
1066 5589 1092 5633 et
1108 5582 1204 5649 galieni
1219 5578 1339 5629 VLTCP
