4500 6232
470 306 596 361 cxxxv
614 306 718 375 [omn
736 308 772 374 a),
793 306 933 362 nxxxvr
952 306 1075 375 (aman.
1095 309 1119 368 a,
1140 306 1363 374 re),1.xxxv11
1385 307 1506 376 (aaran.
1526 310 1551 370 a,
1572 309 1622 367 ru.
1813 314 1873 374 115

221 481 466 545 monstraveris.
512 479 609 545 huius
642 480 703 543 viri
739 486 891 566 suscepto
922 479 1125 544 adulescenti
1161 479 1237 564 quid
1270 501 1342 544 mea
1379 480 1597 566 praestitisset
1628 484 1746 561 oratio,
1780 484 1931 567 quem20

221 590 359 648 eventus
391 582 510 648 dexter
539 581 580 647 de
612 583 809 647 institutoris
841 585 966 648 meritis
1001 590 1112 647 manet
1141 589 1175 647 et
1202 583 1242 647 de
1273 585 1423 648 orbitatis
1454 584 1670 669 prosperitate
1698 585 1875 670 perfectio?

222 687 296 752 huic
319 687 483 751 sufiiciunt
506 687 634 771 patroni
658 708 783 771 preces.
807 708 865 771 per
888 708 968 771 quas
992 687 1173 750 merebitur
1194 687 1349 750 institutis
1368 688 1497 772 optimis
1514 687 1657 751 imbutus
1673 688 1876 772 degenerare
1923 723 1928 731 ·

222 791 414 854 sublimiter.

830 1025 1017 1093 LXXXVI
1034 1027 1144 1113 (nersr.
1162 1031 1191 1108 3,
1211 1029 1274 1107 16).

803 1221 1040 1296 ENNODlVS
1068 1222 1290 1297 LACONIO.

332 1369 410 1461 Diu
434 1404 486 1462 est
514 1398 600 1483 quod
630 1400 759 1462 animus
789 1419 881 1463 meus
910 1400 974 1471 illa,
1004 1421 1068 1485 qua
1097 1400 1224 1465 solebat
1254 1401 1403 1479 relevari,
1436 1403 1666 1487 expectatione
1694 1410 1874 1489 torquetur.
1913 1419 1923 1476 1

221 1503 253 1566 in
277 1503 410 1586 longum
433 1501 580 1566 traxistis
604 1502 744 1583 silentia,
768 1502 859 1566 nulla
882 1503 1082 1567 necessitate
1113 1504 1272 1590 conpulsi.
1318 1526 1380 1567 non
1405 1505 1452 1568 fui
1476 1504 1572 1569 huius
1595 1506 1739 1571 imitator
1760 1508 1875 1592 negle-

124 1666 129 1676 ,
220 1606 367 1689 gantiae.
403 1616 438 1669 ut
468 1626 576 1690 neque
605 1626 667 1690 ego
700 1606 821 1691 scripta
851 1627 1077 1691 prorogarem.
1113 1608 1171 1671 sed
1202 1607 1243 1671 ad
1279 1607 1350 1671 dics
1386 1609 1525 1672 conticui
1558 1611 1787 1695 superventuri
1816 1632 1875 1697 spe

219 1710 344 1773 inlusus
378 1709 522 1793 alloquii.
574 1729 659 1772 nunc
695 1715 805 1774 tamen
843 1709 920 1772 vieit
950 1710 1221 1776 deliberationem
1253 1732 1360 1775 meam
1394 1712 1457 1775 iam
1493 1720 1620 1776 matura
1652 1713 1875 1798 amplitudinis

220 1818 349 1875 vestrae
372 1813 586 1876 taciturnitas.
632 1811 733 1876 debet
756 1812 853 1875 evelli
876 1813 1052 1887 silentium,
1082 1813 1167 1898 quod
1199 1812 1323 1878 duriter
1345 1815 1376 1877 in
1401 1814 1538 1899 quadam
1563 1813 1673 1880 radice
1697 1816 1874 1884 convaluit.

220 1914 359 1998 geminis
376 1935 455 1997 ergo
472 1917 675 2001 prospiciunt
692 1915 812 2000 scripta
828 1921 941 1979 nestra
961 1915 1166 2002 conpendiis:
1192 1925 1225 1981 et
1245 1919 1453 2003 perlatorem,
1477 1917 1562 1982 bene
1579 1925 1690 1982 natum
1707 1919 1871 1985 hominem
1909 1931 1928 1991 2

220 2022 354 2102 propter
376 2017 512 2103 fugaces
537 2040 613 2083 suos
645 2021 842 2091 venientem,
873 2021 1065 2084 commendo
1090 2026 1123 2083 et
1146 2020 1384 2086 desiderierum
1414 2022 1500 2085 bona
1529 2042 1593 2086 non
1621 2021 1747 2087 differo.
1793 2045 1872 2109 ergo

219 2124 304 2201 vale,
338 2125 380 2187 mi
405 2125 546 2201 domine,
575 2134 608 2190 et
636 2148 694 2212 pro
725 2131 800 2188 veto
828 2133 884 2188 tuo
916 2125 1003 2189 eirca
1029 2144 1081 2188 me
1110 2125 1179 2209 geri
1207 2144 1366 2211 prospera
1395 2146 1596 2210 cognoscens
1627 2126 1759 2211 paribus
1783 2126 1875 2190 me*

220 2225 434 2292 adcelerare*
463 2230 681 2304 sermonibus,
711 2238 872 2314 quatenus
904 2238 937 2294 et
968 2231 1113 2316 perlator
1141 2230 1182 2293 de
1212 2231 1372 2295 benetie-ie
1406 2229 1548 2313 gaudeat
1571 2239 1604 2294 et
1628 2252 1689 2315 ege
1719 2231 1872 2294 sublever

155 2356 166 2389 ε.
219 2328 261 2392 de
284 2351 452 2417 responso.

809 2573 1016 2641 LXXXVII
1040 2577 1151 2656 (nerse.
1168 2578 1198 2653 3.
1218 2574 1282 2655 17).

658 2768 891 2843 STEFANO
919 2767 1152 2842 EPISCOPO
1178 2767 1427 2841 ENNODIVS.

338 2914 527 3029 Postquam
550 2946 675 3009 meritis
699 2946 815 3010 vestris
844 2945 987 3030 dignitas
1016 2946 1167 3009 restituta
1191 2953 1241 3009 est
1265 2953 1299 3009 et
1322 2945 1427 3009 bonor
1449 2966 1544 3029 quem
1569 2946 1682 3029 exegit
1706 2946 1772 3009 vita
1795 2966 1872 3008 con·
1912 2950 1923 3008 t

217 3046 313 3117 latus.
341 3048 431 3111 nulla
460 3048 670 3113 beatitudinis
701 3054 829 3112 vestrae
857 3069 916 3134 pro
947 3049 1092 3134 peccatis
1115 3049 1197 3113 meis
1221 3049 1343 3134 scripta
1367 3048 1508 3134 suseepi.
1554 3048 1661 3112 aliena
1685 3055 1734 3112 est
1757 3069 1776 3111 a
1799 3069 1874 3134 pro-

218 3152 324 3236 posito
350 3153 401 3215 vel
425 3173 445 3215 a
468 3154 613 3218 moribus
636 3153 754 3217 vestris
778 3154 863 3216 circa
886 3153 1052 3238 supplices
1075 3173 1159 3236 quae
1183 3153 1290 3216 inme
1316 3161 1465 3217 servatur
1488 3153 1617 3217 oblivio.
1655 3152 1875 3215 temeritatem

141 3290 146 3303 ·
220 3274 326 3318 meam
350 3256 546 3339 pontificalis
570 3277 634 3319 non
658 3265 790 3320 accuset
814 3257 1001 3320 auctoritas.
1045 3256 1100 3318 vix
1123 3262 1175 3318 crat
1197 3263 1233 3317 ut
1256 3255 1426 3339 diligentia
1448 3255 1524 3340 quid
1541 3256 1620 3319 iuris
1636 3254 1739 3340 possit
1755 3253 1877 3318 habere

221 3360 383 3443 respiciat.
441 3380 614 3444 numquam
648 3382 683 3424 se
718 3361 851 3424 metitur
891 3381 987 3444 quem
1023 3359 1168 3422 stimulat
1202 3360 1345 3422 caritatis
1383 3360 1565 3445 imperium.
1621 3357 1752 3421 additur
1788 3356 1874 3441 quod
1909 3363 1928 3423 2

220 3462 373 3547 perlatori
398 3464 618 3549 praesentium
644 3463 757 3527 obvias
781 3483 896 3526 manus
920 3460 1078 3525 adhibere
1103 3483 1164 3524 non
1191 3462 1290 3546 potui,
1316 3462 1378 3524 nisi
1404 3471 1439 3525 ut
1462 3462 1546 3525 bene
1570 3467 1681 3524 natum
1710 3460 1875 3523 bominem

221 3563 345 3629 Gallias
368 3587 426 3651 pro
449 3567 548 3630 certis
572 3567 712 3651 negotiis
736 3573 946 3652 expetentem
979 3564 1020 3628 ad
1052 3586 1193 3627 coronae
1223 3571 1352 3627 vestrae
1385 3565 1533 3628 notitiam
1565 3564 1628 3626 mei
1659 3561 1875 3648 perducerem

220 3669 380 3732 sermonis
403 3670 519 3735 officio.
564 3692 661 3755 quem
685 3678 753 3734 tota
777 3670 960 3732 bumilitate
985 3666 1216 3731 commendans
1241 3689 1331 3749 rogo,
1357 3673 1391 3729 ut
1412 3688 1470 3751 per
1491 3689 1564 3730 eurn
1591 3667 1720 3730 vicariis
1738 3667 1876 3730 relevari

141 3804 166 3840 ·.›:.
221 3792 376 3855 procurer
398 3775 559 3859 alloquiis.
605 3774 736 3838 demine
762 3774 814 3852 mi,
838 3772 1045 3836 salutationis
1070 3773 1260 3835 servitutem
1287 3776 1354 3834 teta
1377 3770 1551 3835 devotione
1572 3771 1875 3856 persolvensspero
1911 3776 1929 3835 3

222 3877 367 3962 principe
399 3878 481 3952 loeo,
511 3885 547 3941 ut
577 3900 709 3964 precum
740 3884 923 3942 vestrarum
953 3877 1114 3940 serenitas
1143 3897 1236 3939 meae
1268 3891 1397 3960 queque
1427 3875 1625 3939 mentionem
1655 3895 1720 3937 non
1748 3875 1876 3937 omittat

221 3977 340 4056 facere,
364 4001 435 4043 eum
459 3980 621 4045 divinitati
645 3981 811 4067 subplicat
835 3981 905 4045 sine
928 3981 1181 4049 intermissione.
1205 4000 1376 4064 personae.

249 4156 279 4161 —
305 4156 322 4161 -
364 4154 443 4162 ——-...
476 4156 583 4161 .-—,
608 4157 625 4161 .-

323 4271 478 4340 [LXXXVI]
521 4272 617 4340 liqna]
637 4292 702 4340 quae
715 4272 756 4324 ΙΝ
833 4274 1000 4341 terquiturB
1113 4270 1248 4323 ‘lailont-ia
1265 4271 1366 4322 silantia
1386 4271 1443 4335 (ott.
1462 4271 1523 4333 del.)
1538 4271 1564 4322 B
1674 4267 1803 4337 tiaeque]
1824 4288 1879 4322 nisa

221 4360 298 4409 Sirra.
363 4378 411 4426 ogo
428 4359 540 4410 iulitB
647 4359 675 4410 ll
697 4378 744 4410 uris
763 4371 864 4428 propter
873 4359 923 4417 13¹.
940 4371 979 4412 tra
991 4359 1350 4426 eorrperrdiis....lmrninem
1364 4358 1432 4407 intra
1446 4359 1491 4408 lin.
1505 4360 1588 4423 arrppl.
1601 4357 1643 4408 13²
1707 4359 1772 4409 bene
1790 4366 1878 4409 natum

218 4443 258 4507 (at
272 4444 376 4511 Vtut)
392 4447 495 4511 scripsi,
517 4448 675 4497 Berrcnatnru
688 4446 760 4501 edire
782 4449 815 4513 cs.
831 4447 943 4498 (treet
954 4449 989 4496 ol.
1133 4441 1162 4494 14
1178 4445 1321 4495 adcelerare
1334 4443 1370 4497 B.
1392 4444 1534 4494 accelerare
1550 4442 1607 4499 1'1..
1630 4444 1746 4495 accelera
1764 4445 1878 4495 releuare

219 4530 345 4595 (redeunte
371 4532 399 4581 ia
423 4532 459 4580 lit.
482 4548 552 4580 oran.
570 4534 595 4589 2)
620 4531 649 4593 Τ,
680 4550 756 4597 quam
788 4535 956 4583 emrierrrtram
983 4534 1101 4599 probarit
1125 4531 1232 4586 Horret.
1265 4531 1354 4581 attolle
1375 4532 1398 4579 (ἲ
1412 4539 1435 4579 er
1453 4529 1545 4583 birra:
1579 4532 1618 4580 sae
1647 4531 1756 4582 relevari
1783 4532 1878 4581 cmricio

219 4618 341 4682 quatinus
357 4617 380 4665 1⁷

323 4718 490 4788 [txxxt'n]
533 4721 565 4775 lli
590 4723 723 4773 Errrrorlius
744 4723 872 4788 Stephano
897 4724 1016 4790 episcopo
1034 4722 1112 4772 Simu.
1251 4718 1280 4770 li
1306 4721 1399 4771 clastris
1419 4720 1531 4785 dignitus
1554 4727 1638 4769 irestra
1663 4719 1777 4768 restituta
1796 4718 1874 4768 Sira».

218 4808 305 4874 exegit
316 4806 349 4863 B,
367 4808 447 4874 exigit
458 4809 533 4858 cereri
641 4808 672 4858 lu
690 4809 802 4875 suplices
816 4808 841 4858 B
909 4805 1087 4873 temeritatem]
1107 4809 1250 4858 bleritatcrn
1268 4804 1317 4867 Γᾶ,
1335 4813 1360 4855 to
1378 4813 1437 4854 crite
1456 4805 1501 4855 lia.
1520 4805 1582 4854 add.
1601 4804 1641 4852 Η
1750 4801 1785 4852 ‘20
1802 4820 1874 4853 acerr-

218 4902 257 4944 art
273 4892 299 4943 B
417 4890 448 4942 21
470 4894 578 4945 addetur
593 4893 619 4944 B
743 4892 778 4944 22
797 4893 945 4944 berrinatum
959 4892 1002 4943 Βιι
1129 4891 1164 4943 25
1182 4908 1302 4959 procurer
1316 4898 1381 4955 pest.
1401 4891 1445 4939 lia.
1464 4891 1548 4955 arrppl.
1564 4889 1606 4938 13²
1692 4886 1735 4952 mi]
1754 4888 1816 4938 milri
1832 4886 1875 4937 l'Il

217 4979 364 5030 sarnitatom
378 4975 423 5028 B‘¹
529 4975 563 5027 ‘27
582 4977 749 5046 supplicatiy
