4500 6232
811 295 831 350 I.
861 293 909 347 DE
927 291 1016 346 VITA
1033 290 1079 346 ET
1098 291 1259 347 SCRIPTIS
1278 289 1430 346 1111110111.
1894 289 1946 346 XV

295 463 429 526 rentium
451 464 631 551 antipapam
648 465 750 530 Roma
772 467 947 531 inferiorem
964 465 1146 530 discessisse
1168 465 1250 530 infia
1263 474 1442 552 exponetur,
1464 466 1639 552 composita
1659 473 1772 530 001-
1788 464 1819 528 Ε
1839 465 1948 530 ceteris

295 566 456 652 0001111011,
484 568 538 632 ubi
567 568 691 632 illarum
719 570 880 634 turbarum
909 570 1186 634 ecclesiasticarum
1216 569 1332 634 mentio
1359 570 1441 634 facta
1467 578 1528 649 est,
1555 569 1625 634 illas
1647 578 1769 634 tantum
1790 569 1949 656 epistulas,

294 692 373 755 quae
401 668 441 734 ad
475 671 707 737 schismaticum
741 675 923 760 episcopum
952 674 1185 760 Aquileiensem
1219 683 1361 760 spectant
1393 670 1551 755 (CXVII.
1574 671 1731 738 CLXVI.
1753 672 1949 739 CLXVIII.
2000 660 2007 670 ⁹

295 773 489 841 CLXXIV.
512 775 725 843 CLXXVII.
748 776 996 856 CLXXVIII),
1025 778 1154 842 selectas
1176 777 1287 841 leviter
1314 775 1566 863 perstringamus.
1610 778 1642 840 in
1665 776 1808 861 catalogo
1830 776 1950 862 001000-1

295 900 407 964 perum
443 879 692 965 Aquileiensium
725 889 943 946 enumerantur
977 880 1162 945 Theoderici
1203 880 1396 967 temporibus
1425 880 1650 945 Mareellinam
1683 889 1715 944 et
1745 877 1949 944 Marcellinus

294 981 433 1068 (Ughelli
456 982 550 1048 Italia
571 1006 660 1049 sacra
675 984 711 1050 V
732 1008 762 1070 p.
777 988 830 1062 25)
851 995 884 1049 et
905 1006 988 1049 aune
1004 987 1068 1052 504
1090 984 1174 1048 hune
1195 985 1227 1049 in
1250 984 1352 1049 locum
1375 984 1461 1049 illius
1483 985 1671 1049 successisse
1692 982 1801 1070 opinio
1823 983 1952 1069 vulgata

294 1095 350 1150 est.
387 1108 448 1172 qua
471 1110 541 1152 cum
565 1090 711 1176 opinione
731 1090 883 1174 congruit,
905 1089 991 1176 qued
1012 1112 1051 1154 ex
1073 1088 1222 1153 Ennodio
1244 1089 1387 1175 pluribus
1409 1089 1553 1175 epistulis
1575 1089 1710 1153 interae
1732 1088 1855 1153 collatis
1878 1109 1950 1173 cog*

294 1191 466 1272 noscimus,
494 1214 532 1257 00
555 1203 776 1281 temporeque
805 1194 885 1259 inter
907 1193 1128 1279 Symmachum
1156 1202 1188 1257 et
1215 1193 1419 1258 Laurentium
1448 1193 1487 1258 de
1515 1192 1589 1258 sade
1616 1190 1950 1279 apostoliea'decerta·

295 1296 400 1376 batur,
427 1298 609 1385 episcopum
639 1299 870 1384 Aquileiensem
900 1297 1071 1363 decessisse
1092 1299 1220 1384 eiusque
1247 1299 1279 1362 in
1306 1298 1407 1362 locum
1437 1297 1657 1363 Mareellinam
1684 1294 1847 1362 suffectum
1874 1316 1950 1360 esse.

294 1401 325 1465 in
354 1401 489 1487 epistula
518 1401 558 1466 ad
585 1402 714 1466 Avitum
743 1401 974 1487 Aquileiensem
1007 1399 1081 1465 data
1108 1409 1148 1487 (p.
1169 1404 1240 1481 151,
1260 1405 1291 1480 8)
1318 1401 1484 1466 Ennedius
1511 1411 1643 1467 mortem
1671 1401 1759 1480 ,tanti
1786 1398 1951 1486 0001111010ί

294 1505 429 1569 maxime
444 1526 478 1568 se
493 1503 604 1568 deflere
619 1504 789 1584 simulavit,
811 1513 920 1569 0011110
934 1505 966 1568 10
982 1504 1117 1591 epistula
1131 1504 1172 1569 ad
1187 1528 1302 1592 papam
1317 1514 1476 1592 tamquam
1493 1506 1625 1571 victoria
1638 1504 1773 1591 quadam
1789 1502 1950 1568 exsultans

294 1608 480 1672 exclamavit
513 1611 704 1695 (p.150,4):
737 1618 941 1694 ,agnoverunt
968 1606 1138 1673 adversarii
1174 1608 1257 1673 sedis
1285 1619 1407 1674 vestrae
1437 1632 1500 1696 quo
1526 1616 1745 1696 propugnante
1772 1607 1950 1671 vincantur:

299 1710 383 1797 quod
406 1712 548 1798 proxime
576 1711 615 1776 de
637 1713 830 1798 Aquileiensi
854 1712 1030 1798 redempter
1056 1722 1163 1777 noster
1184 1734 1318 1798 persona
1338 1713 1505 1792 reseravit,
1532 1711 1647 1799 quibus
1670 1733 1709 1776 ex
1731 1711 1835 1775 verbis
1857 1707 1950 1774 simul

295 1815 502 1901 intellegimus
525 1815 702 1881 schismatis
729 1827 869 1903 tempere
895 1817 1077 1903 episcopum
1105 1818 1338 1902 Aquileiensem
1364 1825 1519 1881 mortuum
1548 1838 1625 1880 esse.
1669 1814 1810 1900 quaestio
1838 1822 1952 1891 autem,

294 1942 350 1984 crrr
370 1919 546 1999 Ennedius,
571 1931 700 2006 utreque
722 1921 791 1984 loco
814 1921 881 1985 sine
902 1920 999 1985 dubio
1022 1920 1061 1985 de
1088 1920 1197 1987 eodem
1220 1920 1345 1986 homine
1367 1920 1483 2000 diceus,
1504 1920 1588 1985 hunc
1610 1920 1707 1985 altero
1728 1918 1798 1982 loco
1820 1925 1950 1996 ,tantum

297 2024 485 2110 pcrrtifieem‘
507 2025 605 2089 altere
627 2023 828 2109 contemptim
850 2025 1092 2110 ,Aquileiensem
1120 2030 1295 2111 personam‘
1316 2023 1534 2111 appellaverit,
1561 2021 1645 2086 haud
1667 2020 1804 2086 difficilis
1826 2017 1867 2084 ad
1889 2019 1952 2083 sol-

297 2126 432 2190 vendum
455 2137 511 2206 est,
534 2126 787 2213 quandoquidem
809 2127 913 2192 verbis
935 2129 1023 2214 ipsis,
1045 2150 1125 2213 quae
1147 2126 1242 2193 modo
1264 2128 1436 2207 attulimus,
1458 2127 1547 2192 illum
1562 2127 1745 2213 episcopum
1768 2147 1787 2189 a
1809 2123 1950 2210 partibus

296 2231 443 2295 Laurenti
466 2232 633 2318 antipapae
655 2231 778 2295 stetisse
795 2231 1021 2317 comprobabit.
1059 2240 1277 2319 postmortem
1299 2233 1365 2296 eius
1388 2230 1591 2296 Marcellinus
1606 2229 1770 2316 Aquileiae
1785 2227 1951 2314 episcopus

294 2334 394 2399 factus
415 2344 464 2399 est
485 2340 525 2420 (p.
545 2337 614 2412 153,
626 2337 676 2398 22.
689 2337 758 2412 271,
781 2355 968 2418 quamquam
992 2343 1120 2420 prepter
1146 2357 1247 2400 mores
1269 2336 1302 2400 in
1325 2336 1536 2421 suspicionem
1563 2333 1717 2399 adductus
1740 2340 1780 2419 (p.
1799 2335 1870 2409 153,
1881 2333 1950 2411 32);

296 2461 366 2502 narn
391 2460 410 2501 a
432 2437 560 2501 Liberio
583 2437 715 2523 patricio
742 2436 962 2523 potentissimo
990 2435 1135 2503 defensus
1162 2438 1253 2503 facile
1281 2437 1530 2504 adversariorum
1557 2459 1684 2503 suorum
1713 2434 1952 2501 obtrectationes

295 2541 439 2626 reppulit.
489 2564 588 2628 neque
622 2552 726 2607 autem
759 2565 779 2606 a
811 2544 940 2606 veritate
972 2542 1114 2607 aberrare
1149 2543 1239 2607 nobis
1274 2542 1430 2622 videmur,
1464 2565 1534 2607 eum
1564 2563 1753 2628 auguramur
1779 2538 1952 2625 principem

294 2667 416 2722 001001,
444 2646 497 2731 qui
526 2645 746 2710 Marcellinum
768 2645 1029 2724 detrectaverant,
1056 2645 1153 2709 fuisse
1176 2646 1324 2724 Avitum,
1351 2645 1582 2710 nobilissimum
1608 2645 1696 2710 illum
1719 2643 1951 2729 Aquileiensem

298 2749 416 2828 virum,
452 2750 541 2814 cuius
574 2749 758 2835 suffragium
785 2750 817 2814 in
846 2750 996 2836 episeopo
1027 2739 1172 2834 eligendo
1199 2749 1386 2835 permultum
1419 2750 1520 2815 valuit
1547 2751 1750 2836 (p.151,12).
1799 2746 1851 2810 ille
1880 2765 1951 2809 eum

300 2861 476 2917 matresua
504 2852 685 2918 Ennedium
713 2852 855 2918 hortatus
887 2863 966 2933 crat,
1000 2862 1035 2916 01
1062 2874 1130 2916 sese
1156 2851 1334 2931 adiuvaret,
1363 2875 1401 2917 nc
1428 2854 1455 2917 is
1483 2855 1537 2939 qui
1559 2851 1600 2917 ad
1621 2851 1799 2917 cathedram
1822 2848 1953 2936 Aquila·

297 2956 414 3020 iensem
443 2957 608 3042 aspiraret,
642 2957 694 3042 qui
723 2959 883 3042 p.156,7
914 2957 1024 3035 ,malus
1056 2956 1159 3021 hcmo‘
1185 2964 1217 3020 et
1245 2979 1274 3042 p.
1300 2960 1369 3036 155,
1387 2960 1425 3023 31
1461 2956 1557 3036 ,dirus
1592 2956 1700 3035 homo,
1734 2954 1821 3019 nulla
1853 2953 1952 3017 berrae

298 3060 505 3124 institutionis
529 3060 640 3125 incude
661 3060 823 3124 sonnatus‘
845 3058 967 3139 dieitur,
988 3062 1204 3147 episcopatum
1227 3052 1454 3147 adsequeretur.
1493 3083 1555 3146 qua
1577 3061 1608 3123 in
1631 3082 1664 3124 re
1687 3058 1720 3122 id
1742 3058 1817 3123 satis
1840 3054 1951 3121 mirum

299 3161 435 3242 videtur,
470 3185 526 3227 cur
551 3161 592 3226 ad
618 3163 801 3249 episcopum
827 3163 1060 3249 Aquileiensem
1094 3162 1340 3229 constibreudem
1365 3173 1397 3228 01
1425 3164 1542 3228 Avitus
1574 3173 1605 3228 et
1635 3163 1780 3228 Liberius
1803 3160 1952 3247 patricius

299 3267 482 3330 seutentiam
505 3267 632 3332 Ennodi
657 3267 1270 3355 1000100001Μο111010000010,001110
1294 3269 1491 3333 amanuensis
1513 3267 1787 3354 0101,0011νο1101
1831 3264 1956 3350 scripsit

298 3370 927 3457 001001110001110011111011010.151411
954 3371 1059 3457 ,iunge
1080 3381 1112 3435 01
1133 3395 1205 3458 ege,
1227 3372 1426 3458 amplissimi,
1449 3372 1590 3458 partibus
1613 3370 1725 3435 vestris
1748 3391 1805 3455 pro
1827 3367 1955 3433 modulo

297 3474 478 3560 exiguitatis
506 3476 650 3561 propriae
684 3475 769 3540 caelo
796 3476 887 3540 vobis
923 3474 1111 3561 obsequente
1140 3481 1343 3541 eonsensum‘.
1393 3474 1677 3540 Pseudo-Isidoms
1706 3471 1864 3551 videlicet,
1893 3493 1956 3558 qua

298 3586 346 3641 est
375 3576 503 3641 fallendi
529 3578 679 3642 facilitate
705 3588 737 3643 et
762 3579 905 3658 levitate,
938 3579 1024 3643 illam
1050 3578 1215 3665 epistulam
1248 3577 1289 3643 ad
1322 3579 1449 3643 Liberio
1476 3576 1581 3643 datam
1609 3600 1628 3641 11
1656 3574 1844 3662 Symmacho
1872 3598 1956 3662 papa

298 3681 443 3745 emissam
467 3703 536 3745 esse
558 3681 656 3746 linxit.
693 3691 724 3746 01
747 3683 893 3768 queniam
917 3679 1128 3761 mendacibus,
1150 3704 1213 3768 quo
1235 3692 1309 3747 01101
1330 3680 1517 3760 fidentiores,
1538 3703 1575 3745 ec
1597 3680 1698 3745 maior
1718 3677 1795 3744 fides
1815 3678 1955 3757 habetur,

302 3784 353 3847 ille
376 3785 470 3848 etiam
494 3784 755 3870 subscriptionem
778 3784 914 3850 addidit:
941 3784 1024 3864 ,data
1045 3784 1175 3853 XVIII
1197 3783 1271 3850 Kal.
1293 3784 1377 3850 Nev.
1399 3784 1449 3849 die
1472 3783 1641 3849 indictione
1663 3781 1764 3850 VIII‘
1786 3782 1955 3860 1104991.

299 3885 355 3951 sed
382 3886 440 3951 hae
468 3896 542 3951 suut
568 3887 732 3952 nebulonis
754 3890 946 3974 praestigiae
962 3929 1003 3936 —
1025 3887 1105 3954 Cum
1129 3887 1213 3974 quad
1237 3890 1368 3975 catalogi
1392 3887 1519 3954 tradunt
1542 3908 1623 3952 anne
1646 3888 1710 3955 504
1736 3884 1955 3950 Marcellinum

299 3992 480 4077 episcopum
497 3992 660 4077 Aquileiae
681 3991 797 4057 factum
818 4014 895 4072 esse,
917 3991 1043 4057 Ennodi
1066 3992 1210 4079 epistulis
1225 3994 1430 4074 confirmetur,
1452 3991 1594 4057 dubitare
1614 4013 1678 4055 uon
1700 3990 1780 4068 licet,
1802 3988 1876 4075 quin
1900 3985 1955 4065 illi,

301 4096 354 4181 qui
377 4106 470 4159 antea
491 4095 659 4181 episcopus
681 4095 795 4174 suerat,
824 4095 1048 4161 Marcellianus
1071 4117 1184 4161 nomen
1212 4096 1313 4160 fucrit.
1357 4105 1450 4181 atque
1471 4095 1555 4159 hunc
1576 4093 1815 4158 Marcellianum
1836 4090 1956 4155 intelle-

298 4195 433 4283 gendum
464 4220 532 4261 esse
560 4207 636 4286 puto
665 4201 819 4285 012111)
848 4208 879 4262 ct
905 4199 1036 4264 eundem
1065 4221 1147 4279 esse,
1180 4200 1235 4285 qui
1263 4220 1333 4263 cum
1362 4198 1532 4264 laurentio
1559 4206 1591 4262 et
1617 4197 1712 4262 Petro
1738 4196 1895 4284 episeopis
1923 4195 1955 4259 in

300 4301 501 4387 inscriptione
522 4301 674 4387 epistulae
695 4300 878 4366 Theoderici
903 4300 944 4366 ad
966 4300 1121 4388 synodum
1146 4302 1260 4367 missae
1281 4299 1746 4388 1Τ1110100101.000111.0.6701
1768 4299 1955 4363 nominatur.

299 4428 371 4468 uam
394 4428 463 4469 cum
486 4405 560 4469 hine
583 4415 733 4491 appareat
760 4404 998 4469 Marcellianum
1026 4405 1114 4469 illum
1144 4406 1225 4470 inter
1251 4407 1430 4492 episcopos,
1458 4406 1511 4491 qui
1535 4403 1656 4491 synodo
1678 4404 1839 4469 Romanae
1862 4401 1955 4465 inter-

299 4509 433 4588 lirerant,
463 4508 669 4595 praestitisse,
695 4518 797 4572 tamen
820 4509 887 4572 eius
909 4531 1021 4573 nomen
1045 4532 1116 4573 curn
1138 4509 1171 4573 in
1192 4509 1320 4574 Emrodi
1343 4510 1448 4575 libello
1470 4509 1664 4596 apologetico
1687 4514 1727 4594 (p.
1743 4511 1794 4585 59,
1802 4511 1871 4585 36),
1900 4505 1953 4570 ubi

299 4613 489 4677 Laurentius
502 4621 544 4684 ,ct
565 4612 677 4676 Petrus
701 4621 991 4691 commemorantur,
1013 4613 1164 4677 omissum
1187 4622 1247 4692 est,
1270 4622 1337 4678 turn
1359 4613 1390 4678 in
1414 4612 1696 4699 subscriptionibus
1719 4608 1831 4694 synodi
1854 4608 1955 4686 deest;

301 4715 381 4780 unde
411 4716 564 4802 sequitur,
600 4724 634 4781 ut
660 4715 883 4780 Marcellianus
917 4715 1096 4802 Symmachi
1125 4717 1353 4782 absolutionem
1383 4717 1563 4803 improbans
1590 4716 1630 4780 ad
1658 4723 1761 4802 partes
1790 4714 1955 4800 antipapae

299 4820 464 4884 transierit.
508 4842 604 4905 supra
626 4842 701 4884 vero
730 4820 907 4884 monuimus
936 4821 1118 4907 episcopum
1125 4869 1133 4899 ,
1163 4821 1216 4906 qui
1246 4831 1318 4886 ante
1339 4820 1558 4886 Marcellinum
1586 4818 1733 4885 ecclesiae
1760 4817 1953 4903 Aquileiensi

299 4924 489 5011 praefuerat,
520 4926 539 4989 i.
555 4949 580 4988 e.
602 4924 840 4989 Marcellianum
868 4947 938 4988 eum
966 4926 1114 5012 antipapa
1143 4925 1262 4989 fecisse.
1306 4947 1401 5011 quare
1427 4946 1486 5010 010
1512 4923 1672 5010 explorate
1700 4919 1878 4986 habendum
1906 4929 1955 4984 est

298 5027 381 5092 hune
417 5028 650 5094 schismaticum
681 5030 862 5116 episcopum
900 5029 1133 5115 Aquileiensem
1167 5038 1199 5093 01
1230 5030 1319 5094 illum
1348 5030 1379 5092 in
1412 5025 1533 5114 synodo
1566 5026 1684 5090 dictum
1716 5024 1953 5089 hlarcellianum

298 5131 431 5196 eundem
453 5155 529 5212 esse,
552 5134 732 5220 praesertim
755 5156 826 5197 cum
848 5133 927 5198 alius
950 5134 1115 5221 episcopus
1131 5134 1342 5220 Aquileiensis
1365 5134 1397 5197 in
1420 5131 1701 5218 subscriptionibus
1724 5151 1785 5193 nen
1806 5137 1954 5192 occurrat.

300 5259 400 5322 neque
422 5247 525 5301 tamen
549 5236 703 5301 silendum
726 5246 783 5316 est,
805 5259 912 5301 eorum
927 5237 981 5322 qui
1006 5237 1092 5302 illam
1107 5236 1292 5302 Theoderici
1307 5238 1471 5323 epistulam
1493 5243 1718 5313 recensuerunt,
1740 5233 1819 5296 alies
1842 5254 1953 5296 nomen

300 5339 496 5405 Marcelliani
524 5341 670 5427 praebere
701 5350 734 5405 ut
754 5340 926 5404 Baronium
956 5350 989 5404 et
1016 5339 1229 5421 Sirmendum,
1260 5341 1337 5405 alios
1366 5350 1469 5405 autem
1491 5338 1683 5416 Marcellini;
1715 5334 1885 5401 dolendum
1906 5344 1956 5400 001

299 5443 384 5528 quod
418 5444 559 5509 Thielius
593 5442 673 5507 hanc
703 5466 767 5507 rem
804 5467 865 5506 non
900 5444 1074 5509 accuratius
1111 5445 1296 5531 perquisivit
1327 5443 1382 5508 sed
1415 5444 1491 5508 satis
1522 5442 1631 5507 habuit
1660 5439 1826 5506 adnotasse
1861 5463 1892 5527 p.
1912 5442 1953 5508 95

298 5547 529 5627 ,Marcellianns
552 5571 606 5613 seu
629 5547 851 5613 Marcellinus‘.
