4500 6232
471 295 563 350 xum
582 294 703 363 (canu.
723 297 746 357 1,
765 296 802 363 9),
822 293 909 348 xum
928 293 1051 361 (uersu.
1070 294 1094 357 a,
1114 294 1167 360 ιο),
1186 292 1260 347 xnv
1279 293 1402 361 (nerse.
1421 294 1446 356 a,
1464 295 1517 362 ιι).

532 468 682 533 Infundis
706 467 859 539 lacrimis.
884 467 1026 544 cofinum
1051 488 1180 553 quoque
1204 467 1355 551 congeris
1379 468 1446 532 illio

439 586 477 624 ¹⁶⁰
537 572 700 638 Stercoris
724 572 881 637 inmundi.
921 578 998 636 tunc
1022 572 1119 637 ramis
1143 572 1246 656 surgit
1269 572 1395 658 opimis,

532 676 624 742 Tunc
648 676 789 741 fecunda
812 675 874 742 deo
898 675 1056 741 nascendi
1080 676 1150 740 iura
1174 682 1349 763 superstat.

580 781 719 866 Suscipe
743 802 829 845 nunc
852 779 978 861 dexter,
1001 781 1089 844 vitae
1113 780 1170 844 lux
1193 800 1294 844 aurea
1317 786 1461 860 nostrae,

532 882 662 948 Gaudia
684 905 781 969 quern
804 884 930 948 faciunt
951 882 1115 947 modicum
1138 883 1199 947 tibi
1222 904 1374 969 promere
1399 903 1541 947 carmen.

531 985 615 1051 Cum
639 1007 714 1051 mea
736 993 813 1051 vota
834 985 916 1051 deus
939 986 1133 1073 produxerit
1156 986 1269 1051 ordine
1294 993 1423 1073 coepto,

534 1091 679 1156 Fulscrit
702 1096 736 1155 et
759 1090 875 1155 docilis
900 1111 997 1175 quem
1020 1091 1147 1176 plantat
1170 1089 1310 1155 dextera
1331 1092 1469 1176 palmes,

531 1194 655 1259 Debita
678 1200 753 1279 post
776 1200 906 1259 centurn
930 1193 1064 1258 reddam
1088 1193 1148 1257 tibi
1171 1195 1288 1258 fortius
1311 1214 1426 1257 annos.

532 1297 584 1361 En
608 1299 707 1362 statui
731 1296 957 1382 quodcumque
981 1297 1041 1361 tibi
1064 1318 1151 1361 nunc
1175 1298 1324 1383 scalpere
1348 1318 1478 1361 cannen

533 1400 670 1466 Nodoso
694 1400 754 1466 sub
779 1401 860 1481 iure,
883 1407 988 1486 pater,
1012 1399 1099 1485 quod
1122 1401 1239 1465 nexuit
1262 1401 1341 1464 artis

533 1504 676 1570 Diversa
700 1506 760 1570 sub
785 1511 873 1569 sorte
897 1503 1003 1568 modis
1027 1504 1082 1568 lex
1107 1504 1257 1590 proxima
1279 1522 1418 1588 poenae,

441 1622 477 1662 ¹¹⁰
536 1608 685 1693 Vsquam
708 1630 749 1673 ue
773 1609 874 1673 fallax
898 1615 1030 1671 nutaret
1053 1606 1190 1692 syllaba.
1229 1606 1307 1672 dixi.

808 1898 922 1966 XLIV
940 1902 1048 1986 (rrrsr.
1067 1904 1096 1981 2,
1117 1900 1180 1986 10).

765 2078 1002 2153 ENNODIVS
1030 2078 1232 2154 FAVSTO.

297 2208 341 2303 Si
364 2239 514 2304 meritum
537 2260 646 2303 meum
671 2245 826 2325 regnator
855 2240 1010 2304 caelestis
1039 2238 1242 2315 adtenderet,
1272 2245 1328 2301 aut
1360 2238 1481 2322 exigua
1510 2238 1597 2302 bona
1626 2236 1849 2323 adipiscererl

164 2351 220 2408 ant
242 2364 362 2428 magna
383 2343 542 2428 supplicia
574 2349 607 2407 et
634 2344 697 2407 mci
726 2342 861 2407 idoneus
895 2344 1094 2422 aestimator,
1126 2363 1189 2426 qno
1218 2341 1340 2406 meritis
1368 2341 1541 2427 pervenire
1571 2362 1636 2404 non
1664 2346 1822 2427 poteram,

163 2455 237 2511 voto
259 2468 324 2512 uon
345 2445 526 2512 tenderem.
571 2446 629 2511 sed
652 2447 777 2532 gratias
801 2447 857 2527 illi,
882 2448 938 2530 qui
961 2446 1082 2512 delicta
1105 2454 1217 2512 nostra
1241 2448 1288 2511 sic
1319 2467 1359 2509 nc
1390 2446 1587 2510 extollamur
1616 2450 1755 2523 resecat,
1787 2450 1823 2507 nt

95 2580 107 2615 r.
163 2571 253 2636 spem
282 2550 322 2614 ad
354 2549 470 2614 latiora
501 2549 669 2635 perducat.
714 2549 822 2613 domni
845 2549 962 2614 Avieni
995 2550 1191 2615 dictionibus
1215 2571 1234 2613 a
1257 2571 1309 2612 me
1337 2548 1499 2613 debentur
1528 2549 1591 2612 ista
1621 2548 1855 2633 praeloquium

162 2655 217 2737 qui
253 2652 392 2717 necdum
431 2651 471 2717 ad
509 2653 629 2716 bonam
669 2651 879 2717 valitudinem
913 2654 1066 2718 reductus
1104 2655 1247 2718 animum
1288 2674 1395 2717 meum
1439 2651 1668 2717 sollicitudinis
1704 2658 1820 2717 catena

163 2758 345 2835 laxaverat,
368 2755 446 2820 dum
469 2756 575 2821 adhuc
599 2757 683 2820 inter
706 2778 797 2842 spem
822 2763 853 2820 et
876 2764 1000 2821 metum
1024 2758 1112 2822 anxii
1137 2767 1211 2822 vota
1234 2756 1427 2842 penderent.
1470 2763 1620 2819 naturam
1644 2757 1826 2842 respiciens

164 2860 317 2926 indicavit
347 2879 412 2944 quo
440 2866 569 2924 tonaret
596 2860 735 2943 eloquio.
781 2861 898 2925 iudicio
930 2862 1062 2945 quidem
1098 2863 1159 2926 ista
1192 2881 1424 2946 praeceperam
1461 2866 1494 2925 et
1528 2861 1673 2925 altricem
1710 2861 1825 2926 nobilis

164 2965 288 3029 metalli
319 2984 437 3028 venam
470 2963 502 3027 in
530 2963 692 3028 thesauris
724 2984 804 3047 quos
835 2972 1009 3050 pepererat
1037 2964 1266 3051 agnoscebam,
1304 2963 1360 3028 scd
1390 2964 1488 3028 etiarn
1520 2964 1551 3026 in
1583 2964 1645 3028 hoc
1674 2972 1826 3050 peccator

168 3069 300 3133 evenire
322 3068 379 3131 vix
411 3066 541 3145 credidi,
573 3065 659 3150 quod
688 3066 824 3151 adsequi
851 3089 915 3131 non
943 3069 1102 3134 merebar.
1150 3090 1262 3132 rernm
1292 3067 1364 3132 dico
1393 3075 1477 3132 teste
1505 3067 1614 3131 divina
1641 3069 1857 3149 clementia,3

166 3173 193 3235 si
216 3177 289 3236 sunt
311 3171 413 3256 aliqui
436 3171 469 3235 in
492 3170 637 3255 Liguria,
665 3171 720 3254 qui
749 3170 791 3235 de
823 3172 1005 3237 litterarum
1033 3173 1158 3258 possint
1187 3173 1283 3258 genio
1317 3179 1350 3236 et
1378 3171 1552 3257 splendore
1586 3171 1739 3245 iudicare,
1771 3192 1827 3235 vos

167 3274 373 3341 crediderunt
396 3275 430 3338 in
458 3274 513 3338 illa
543 3273 683 3338 dictione
714 3274 889 3356 laborasse,
921 3295 1019 3360 quarn
1049 3277 1150 3340 aetati
1182 3275 1412 3360 praeiudicans
1442 3296 1540 3340 canus
1572 3276 1635 3338 iarn
1666 3277 1698 3339 in
1726 3296 1828 3361 puero

166 3399 280 3443 sensus
310 3378 461 3442 excoluit.
507 3377 564 3442 sed
594 3377 655 3442 ista
684 3379 788 3463 magis
823 3379 886 3443 illis
915 3400 987 3444 cum
1022 3380 1191 3444 lacrimoso
1225 3379 1345 3464 gaudio
1380 3379 1457 3459 dixi,
1492 3398 1573 3463 quos
1610 3385 1666 3442 aut
1704 3379 1827 3443 effusus

166 3483 297 3568 sanguis
330 3482 404 3547 albo
432 3484 541 3547 curiae
570 3484 721 3548 caelestis
757 3484 930 3569 adscripsit
959 3492 1015 3549 arrt
1043 3487 1131 3549 clara
1165 3484 1338 3558 confessio,
1374 3483 1428 3568 qui
1457 3481 1607 3547 secundis
1638 3482 1829 3547 confirment

104 3613 115 3647 ι.
169 3585 345 3672 primordia
373 3592 485 3651 nostra
513 3586 727 3651 successibus.
772 3608 828 3650 vos
858 3588 970 3651 famuli
1000 3588 1183 3652 humilitate
1218 3596 1251 3651 et
1279 3588 1435 3671 obsequio
1464 3587 1609 3650 salutans
1638 3594 1714 3674 opto
1743 3587 1859 3651 interl

168 3692 310 3776 quaevis,
334 3689 411 3754 dum
434 3692 505 3756 istis
529 3693 671 3756 animum
696 3692 863 3769 relaxatis,
895 3691 1153 3757 adversariorum
1184 3693 1268 3755 mala
1298 3690 1453 3776 gaudere.
1498 3690 1577 3754 nihil
1601 3699 1652 3755 est
1676 3692 1772 3763 eninr,
1797 3693 1827 3754 in

169 3816 231 3881 quo
255 3795 456 3859 inimicorum
479 3795 639 3880 possimus
664 3793 781 3859 damna
807 3797 938 3861 sentire.
977 3797 1039 3861 hoc
1063 3796 1155 3861 nobis
1179 3797 1259 3860 deus
1284 3795 1431 3859 contulit.
1455 3794 1539 3878 quod
1562 3794 1681 3858 invidie
1700 3802 1826 3859 tor-rona

169 3918 232 3962 uon
256 3896 440 3964 subtrahat.

819 4087 913 4155 XLV
929 4090 1037 4174 (rerer.
1055 4094 1085 4169 2,
1106 4092 1169 4171 ll).

765 4265 1004 4342 ENNODlVS
1031 4264 1234 4341 FAVSTO.
1315 4343 1325 4356 ,

280 4389 380 4502 Quid
402 4421 533 4502 faciam,
558 4421 686 4507 quando
710 4422 918 4488 rescribenda
947 4444 1005 4486 ros
1034 4422 1175 4486 scribitis
1205 4429 1239 4487 et
1268 4444 1325 4508 pro
1352 4422 1438 4485 bono
1466 4423 1704 4508 praescientiae
1735 4425 1856 4488 onelol

170 4524 264 4590 robis
299 4525 502 4612 obsequente
538 4547 732 4604 concessae,
771 4526 927 4612 quidquid
961 4527 1102 4592 alienum
1137 4533 1251 4612 pectus
1285 4527 1389 4612 potuit
1423 4527 1636 4611 investigare,
1670 4527 1828 4592 narratur

273 4836 297 4872 v.
318 4817 368 4872 159
386 4820 501 4872 infundis
520 4819 609 4885 aim,
631 4821 751 4873 infundes
770 4821 867 4873 codices
937 4821 1103 4887 cophinumb
1208 4840 1232 4872 v.
1254 4820 1299 4873 161
1320 4820 1392 4886 tunel
1412 4834 1467 4875 tum
1486 4821 1565 4875 Siros.
1634 4830 1780 4890 superstant
1793 4823 1828 4873 (a

171 4922 196 4958 r.
214 4903 265 4958 163
285 4903 371 4974 quem]
395 4907 533 4973 (1ωοΡὺ
655 4925 680 4957 v.
700 4905 749 4958 164
772 4905 870 4975 coepto]
896 4915 965 4957 recto
988 4906 1079 4958 Sidon.
1098 4909 1115 4957 l.
1128 4926 1149 4959 r.
1271 4926 1295 4958 v.
1317 4906 1366 4959 165
1389 4910 1484 4975 palmes
1503 4908 1594 4970 Sir-rm,
1618 4910 1708 4976 palmis
1731 4909 1827 4960 calices

171 5008 195 5041 r.
214 4988 265 5043 168
285 4993 376 5044 nexuit
400 4991 488 5044 Setos
508 5001 531 5044 et
556 4991 648 5055 Sirra,
675 5001 769 5045 nexuet
792 4993 890 5044 codices
1033 5012 1056 5041 r.
1079 4992 1127 5044 lua
1151 4991 1229 5058 ωηο]
1257 4998 1321 5045 sorte
1345 4993 1474 5055 muru,
1500 4998 1581 5047 fronte
1606 4991 1685 5046 02P²
1707 5002 1730 5045 et
1748 4993 1825 5045 Sirm.

171 5094 196 5128 r.
215 5073 267 5128 110
284 5074 394 5144 nerunt]
413 5086 524 5129 mutaret
541 5075 638 5129 T¹CPlr

274 5177 380 5247 [XLIV]
417 5189 495 5232 totum
513 5182 583 5247 epist.
602 5200 650 5233 om.
674 5182 698 5231 Τ
820 5179 876 5231 2si
896 5183 1013 5233 meritum
1034 5220 1059 5233 ..
1078 5183 1195 5235 caelestis
1213 5183 1361 5234 adtenderet
1377 5182 1414 5245 B,
1442 5184 1559 5234 meritum
1579 5220 1604 5231 ..
1623 5182 1739 5232 caelestis
1756 5182 1778 5231 si
1796 5181 1828 5244 (si

170 5280 217 5317 oss.
234 5263 314 5329 ἵζε
336 5283 392 5333 sup.
411 5268 457 5319 lin.
474 5277 499 5320 ct
516 5269 524 5318 i
542 5268 608 5319 inter
627 5268 724 5319 litteras
748 5269 832 5333 srsppl.
849 5266 902 5332 Vl)
926 5270 1067 5320 attenderet
1088 5268 1131 5319 VJ.
1150 5279 1172 5320 el
1191 5269 1283 5331 Siren,
1309 5271 1428 5321 meritum
1455 5287 1539 5320 meum
1561 5269 1582 5318 si
1601 5307 1606 5318 .
1622 5304 1647 5318 ..
1669 5268 1703 5320 Cb
1785 5268 1827 5318 sd·

169 5353 296 5420 apiacam
311 5351 338 5403 B
451 5353 590 5421 enniani]
610 5356 688 5407 sueni
704 5354 732 5418 V,
749 5354 856 5407 suiuiL
969 5353 1137 5422 8iudicauit]
1158 5357 1291 5408 indecauet
1309 5355 1342 5419 B,
1361 5356 1489 5407 indecanit
1505 5353 1542 5403 ΓΙ
1620 5355 1789 5420 praeciperem
1803 5353 1829 5404 B

169 5434 386 5491 emmanueli
453 5450 557 5507 peperat
575 5458 629 5508 sap.
649 5457 699 5491 sor.
717 5439 782 5490 reB
891 5439 922 5491 11
942 5450 1044 5507 possent
1058 5442 1095 5506 Β,
1119 5443 1274 5509 possuntt'b
1384 5441 1417 5492 1‘2
1434 5459 1511 5492 carros
1524 5440 1599 5490 1511'1.
1706 5440 1737 5491 13
1756 5441 1828 5492 lacri-

170 5526 283 5589 mna,
300 5526 442 5593 lacrymoso
455 5527 502 5587 Po,
519 5528 624 5579 lacrimo
641 5527 717 5578 BVL
823 5524 856 5578 17
869 5529 994 5593 possimus
1010 5530 1171 5581 inimicorum
1184 5529 1262 5580 Siros.
1371 5528 1401 5577 lli
1420 5528 1534 5578 subtract
1547 5527 1572 5575 B

274 5624 367 5696 [XLV]
401 5627 438 5679 20
455 5627 567 5695 quaudo]
587 5632 706 5696 quoniam
724 5629 782 5681 Tt'b
886 5629 918 5680 al
938 5632 1062 5697 quicquid
1078 5631 1101 5681 l'
