4500 6232
338 287 398 347 110
994 278 1108 333 nnxxr
1126 275 1260 345 (oense.
1280 277 1333 345 ro).

335 452 496 536 contagio.
554 473 655 536 quare
691 451 852 515 universis
890 471 995 513 rerum
1033 450 1135 533 liquet
1168 449 1314 525 arcanis,
1355 447 1487 509 vitalem
1523 464 1584 530 per
1623 443 1816 530 sapientiam
1855 442 1989 508 factoris

336 554 520 618 machinam
542 554 604 617 nisi
627 575 686 639 per
709 573 802 616 suum
827 551 968 615 studium
993 573 1057 614 non
1081 552 1201 637 perire,
1224 550 1279 635 qui
1303 570 1361 613 nos
1384 554 1418 612 et
1440 546 1482 611 ad
1504 546 1808 611 meliomformavit
1822 544 1989 629 atquibus

302 657 505 721 litineribus
528 657 616 720 salus
638 662 805 742 peteretur
827 655 979 719 ostendit.
1025 675 1098 718 cum
1122 655 1207 717 enim
1232 674 1274 716 ex
1298 651 1396 715 humo
1419 650 1583 714 hominem
1612 650 1766 735 fingeret,
1797 670 1872 713 cum
1900 654 1989 713 terra

333 761 490 824 victuram
520 760 675 843 migraret
703 760 735 822 in
767 759 919 835 formam,
950 779 1024 822 cum
1051 764 1147 843 putre
1177 758 1279 821 solum
1303 775 1422 819 novam
1445 754 1599 817 transiret
1620 753 1654 816 in
1675 751 1809 827 faciem,
1841 772 1916 815 cum
1937 750 1988 815 in·

333 864 519 927 sufflatione
542 862 675 948 spiritus
699 861 765 924 suis
789 866 1000 925 moverentur
1026 882 1103 924 arva
1125 859 1273 943 vestigiis
1297 864 1331 921 ot
1358 858 1457 920 tellus
1484 856 1667 942 respiceret
1692 876 1918 942 possessorem
1946 874 1990 919 ex

334 966 473 1052 propriis
496 966 695 1029 abstractum
719 964 845 1027 sinibus
870 964 1005 1050 inopina
1028 963 1104 1027 dote
1127 968 1361 1049 praestantem,
1385 960 1560 1024 habentem
1583 957 1670 1044 qued
1692 959 1763 1044 ipsa
1784 978 1871 1044 quac
1886 964 1991 1022 mater

336 1070 514 1155 putabatur
543 1088 615 1132 esse
639 1089 703 1130 non
727 1067 878 1145 dederat,
910 1087 984 1130 cum
1007 1066 1144 1131 referret
1167 1065 1304 1149 gloriam
1328 1064 1501 1153 nobilitata
1522 1083 1583 1149 por
1603 1061 1767 1127 subolem:
1797 1060 1991 1147 inperfectio

304 1173 417 1241 horat,
442 1171 467 1234 si
491 1177 620 1234 actuum
638 1170 753 1234 callem
771 1191 835 1233 non
853 1191 911 1233 suo
929 1169 999 1232 iure
1016 1168 1214 1253 disponeret.
1251 1167 1434 1230 cotidianus
1450 1172 1570 1245 tamen,
1594 1164 1734 1244 domine,
1757 1164 1990 1230 beneficiorum

336 1279 464 1338 tuorum
504 1294 673 1336 successus
713 1293 849 1336 munera
888 1273 1019 1335 seniora
1057 1271 1259 1334 transcendit
1292 1277 1325 1334 et
1358 1270 1584 1333 aestimatione
1619 1269 1827 1355 sequentinm
1862 1273 1992 1332 vetusta

337 1384 541 1463 superantur.
582 1377 637 1439 ille
664 1376 750 1440 enim
772 1383 966 1460 perpetuam
990 1374 1172 1438 destinatus
1196 1374 1237 1438 ad
1261 1375 1372 1451 vitam,
1399 1373 1454 1437 ille
1477 1372 1518 1437 de
1541 1379 1678 1458 parente
1700 1373 1779 1436 limo
1802 1372 1886 1437 caeli
1909 1372 1990 1437 civis

337 1482 490 1555 effectus,
527 1480 567 1543 ad
595 1479 753 1564 originem
783 1480 966 1543 voluntario
996 1499 1106 1542 errore
1136 1478 1287 1542 detrusus
1316 1483 1375 1541 est.
1426 1486 1461 1541 et
1488 1477 1581 1560 quia,
1615 1476 1692 1541 dum
1720 1477 1850 1551 liceret,
1884 1477 1992 1541 noluit

336 1584 453 1647 sectari
494 1583 645 1659 meliora,
685 1582 919 1646 sublimitatem
962 1580 1104 1665 perdidit
1144 1602 1242 1666 quam
1282 1581 1423 1644 feliciter
1456 1579 1660 1663 degenerans
1693 1578 1777 1643 dono
1815 1578 1993 1643 conditoris

305 1684 526 1772 conceperat,
560 1692 594 1748 et
624 1684 665 1747 ad
697 1686 880 1771 prosapiem
914 1684 997 1748 duee
1029 1683 1125 1770 culpa
1154 1692 1327 1749 revocatus
1359 1683 1493 1746 exilium
1524 1682 1625 1747 flevit.
1675 1682 1761 1746 hunc
1791 1682 1855 1746 nisi
1885 1682 1991 1747 omni-

332 1790 480 1874 potentia
503 1795 575 1861 tua,
604 1788 750 1867 domine,
781 1793 993 1873 regeneraret
1016 1786 1193 1872 perditum,
1222 1807 1337 1871 parum
1361 1791 1475 1871 posset
1496 1785 1652 1870 prodesse
1680 1784 1765 1872 quod
1796 1785 1925 1850 feceras
1947 1792 1992 1863 et,

334 1893 393 1955 nisi
416 1913 513 1976 opem
536 1892 639 1956 ferret
661 1899 695 1955 ct
717 1913 852 1955 numero
875 1896 908 1953 et
930 1890 1148 1976 prosperitate
1171 1889 1316 1953 secunda
1344 1888 1513 1968 nativitas,
1543 1889 1664 1974 prima,
1694 1890 1728 1953 in
1756 1909 1821 1973 qua
1850 1896 1989 1954 mortem
2055 1923 2067 1957 a

334 2016 424 2058 error
447 1996 590 2080 peperit,
622 2016 686 2059 non
712 1995 849 2058 iuvaret.
895 2000 1059 2079 postremo
1083 1992 1164 2056 nihil
1187 1999 1274 2055 esset
1297 1990 1383 2075 quod
1407 1991 1448 2055 ad
1472 1990 1629 2055 fabricam
1651 1998 1798 2056 nostram
1820 1994 1994 2057 materiam

334 2097 451 2160 humus
475 2098 637 2183 praebuit,
668 2098 730 2160 nisi
753 2097 842 2160 unda
865 2102 1080 2160 succurreret.
1125 2096 1254 2158 unicum
1278 2096 1373 2158 nobis
1397 2095 1592 2159 sacramenti
1616 2095 1712 2160 huius
1734 2098 1892 2161 solacium
1914 2118 1993 2161 con·

306 2202 450 2275 ltulisti,
473 2201 559 2284 quod
582 2222 686 2286 aquae
709 2200 837 2265 diluunt
859 2206 996 2286 peccata
1019 2199 1155 2263 telluris.
1193 2219 1271 2282 ergo
1295 2199 1359 2262 iam
1383 2204 1480 2283 typus
1504 2197 1637 2263 recedat
1658 2206 1702 2281 et,
1726 2201 1781 2285 qui
1796 2201 1995 2286 imaginibus

340 2302 616 2368 adnuntiaverunt
644 2304 830 2389 sequentia,
864 2304 1086 2367 conticiscunt.
1140 2303 1172 2365 in
1202 2303 1340 2365 veritate
1372 2308 1520 2365 tenemus
1551 2302 1704 2388 quicquid
1734 2304 1882 2369 colorata
1910 2305 1994 2389 legis

321 2399 451 2469 firnrbra
482 2408 706 2491 promiserat*
739 2414 866 2492 tempus
897 2413 963 2482 est,
995 2427 1058 2490 quo
1088 2425 1224 2491 corpora
1251 2411 1362 2468 nostra
1393 2406 1445 2467 vel
1474 2405 1602 2468 animae
1633 2406 1833 2493 redemptori
1862 2406 1993 2472 Christo
2046 2464 2056 2476 .

336 2510 452 2572 feriato
481 2530 636 2573 mucrone
672 2509 874 2582 dedicentur,
914 2530 977 2594 quo
1009 2509 1098 2573 salus
1130 2530 1189 2594 per
1218 2509 1354 2572 vulnera
1388 2530 1452 2571 non
1489 2516 1676 2593 quaeratur,
1712 2531 1776 2595 quo
1812 2510 1994 2575 sacerdotis

336 2614 475 2677 dextera
502 2613 642 2677 lanistae
672 2635 753 2699 opus
783 2613 930 2693 abiuret,
962 2635 1024 2698 quo
1055 2613 1336 2677 consecrationem
1359 2613 1494 2697 impleat
1516 2611 1597 2675 fides
1621 2612 1754 2697 lympha
1777 2612 1994 2698 signaculum,

306 2716 401 2800 8quo
420 2716 608 2779 humanum
639 2737 743 2799 genus
776 2716 861 2780 unde
892 2717 1012 2780 decidit
1042 2717 1115 2780 fons
1145 2717 1288 2781 reducat.
1334 2718 1366 2780 in
1398 2716 1493 2780 huius
1524 2736 1602 2799 ergo
1632 2715 1858 2801 suspiciendae
1889 2717 1995 2781 noctis

338 2818 444 2881 officio
467 2818 663 2883 venerandis
687 2828 889 2906 compactam
915 2823 1085 2886 elementis
1108 2820 1214 2885 facem
1239 2821 1308 2898 tibi,
1332 2820 1473 2898 domine,
1498 2819 1731 2904 mancipamus,
1753 2819 1785 2882 in
1810 2839 1874 2904 qua
1898 2820 1994 2884 trium

338 2924 455 3006 copula
478 2942 647 2985 munerum
670 2924 808 3008 primum
833 2923 873 2988 de
898 2925 1011 3010 inpare
1035 2946 1171 2988 numero
1195 2923 1418 3010 conplacebit,
1448 2943 1532 3006 quae
1563 2921 1649 3006 quod
1673 2922 1774 3006 gratis
1797 2922 1859 2987 deo
1884 2924 1993 2988 veniat
2045 2955 2069 2991 a

338 3023 534 3099 auctoribus,
558 3045 623 3086 non
646 3024 786 3089 habetur
803 3027 976 3091 incertum:
1001 3049 1112 3107 unum,
1136 3027 1222 3112 quod
1239 3027 1279 3091 de
1297 3026 1418 3090 fetibus
1433 3025 1600 3088 fluminum
1616 3024 1779 3090 adcedunt
1795 3027 1993 3091 nutrimenta

338 3126 555 3190 flammarum:
589 3128 677 3191 aliud
702 3128 787 3213 quod
810 3150 909 3214 apum
933 3131 1044 3194 tribuit
1068 3132 1263 3194 intemerata
1285 3129 1482 3201 fecunditas,
1507 3129 1540 3191 in
1563 3148 1698 3213 quarum
1722 3130 1881 3216 partubus
1905 3130 1994 3194 nulla

307 3230 464 3315 tlpatitur
479 3229 599 3295 damna
615 3232 800 3315 virginitas:
825 3233 909 3317 ignis
933 3234 1033 3297 etiam
1056 3234 1148 3298 caclo
1171 3233 1297 3297 infusus
1321 3233 1506 3297 adhibetur.
1542 3230 1730 3316 redemptor
1752 3235 1837 3297 enim
1862 3236 1994 3321 proprio

340 3354 442 3417 aquas
465 3332 630 3398 dedicavit
652 3335 860 3421 baptismate.
907 3336 1131 3420 integritatem
1156 3336 1261 3420 diligit
1284 3357 1380 3420 quam
1404 3343 1438 3399 et
1459 3334 1622 3399 nascendo
1645 3337 1678 3399 in
1702 3344 1808 3401 matre
1837 3340 1992 3403 servavit.

340 3443 375 3499 ut
397 3459 416 3500 a
439 3437 566 3522 profeta
592 3445 706 3524 posset
735 3439 868 3524 inspici,
900 3440 1031 3503 innocui
1061 3461 1177 3524 corpus
1205 3438 1348 3525 suscepit
1375 3438 1532 3518 incendii,
1565 3459 1637 3502 cnm
1660 3437 1832 3504 frondibus
1854 3442 1887 3505 in
1911 3441 1993 3506 rubo

338 3540 574 3625 crepitantibus
597 3541 688 3604 nulla
710 3540 818 3605 frutex
842 3541 1035 3606 detrimenta
1059 3543 1211 3611 sentiret,
1243 3562 1315 3605 cum
1345 3540 1437 3605 arida
1463 3541 1620 3625 pabulum
1648 3541 1788 3607 flammis
1811 3543 1888 3608 dum
1912 3547 1991 3611 larn-

337 3641 494 3706 berentur
514 3642 605 3728 ligna
628 3664 691 3707 non
720 3644 847 3709 fierent.
894 3666 971 3730 orgo
1003 3646 1167 3731 proprium
1198 3646 1257 3709 tibi
1287 3651 1352 3713 est.
1383 3643 1532 3717 domine,
1564 3643 1715 3729 quicquid
1745 3646 1777 3710 in
1806 3647 1869 3711 hoc
1897 3668 1994 3713 cereo

289 3745 507 3810 ltlservorum
531 3753 660 3810 tuorum
683 3748 892 3831 praeparavit
916 3749 1120 3833 obsequium.
1165 3748 1291 3813 serenis
1315 3748 1348 3811 in
1372 3749 1434 3810 isto
1458 3749 1584 3834 respice
1607 3749 1726 3826 oculis,
1749 3749 1835 3834 quod
1857 3752 1996 3816 contulit

341 3850 468 3914 caelum
490 3850 613 3914 fluenta
636 3850 802 3936 pudicitia.
842 3859 875 3915 tu
901 3851 941 3914 ad
965 3850 1173 3915 tribuendam
1197 3850 1460 3915 benedictionem
1485 3858 1637 3915 evocatus
1660 3852 1839 3916 ministerio
1863 3852 1994 3919 humani

341 3954 500 4017 sermonis
518 3953 675 4017 inlabere.
714 3962 749 4017 tu
766 3955 1011 4018 resurrectionis
1028 3959 1105 4018 tuoe
1121 3961 1280 4039 tempore,
1304 3975 1368 4038 quo
1386 3960 1500 4017 vernat
1515 3955 1591 4019 anni
1608 3956 1832 4020 reviviscentis
1847 3956 1995 4023 infantia.
2061 3982 2072 4013 ἰ

340 4063 502 4142 sumptam
534 4077 576 4119 ex
606 4055 666 4119 hoc
700 4063 813 4119 contra
846 4057 1007 4141 procellas
1036 4057 1087 4117 vel
1122 4077 1236 4119 ornnes
1268 4056 1416 4120 incursus
1448 4057 1499 4120 fac
1529 4057 1684 4121 dimicare
1716 4060 1925 4144 particulam.
1960 4070 1995 4125 ut

342 4157 522 4222 sacerdotis
545 4159 644 4221 nostri
668 4160 778 4222 votiva
801 4159 951 4222 omnibus
975 4158 1026 4221 vel
1050 4159 1148 4221 totius
1173 4160 1251 4222 cleri
1276 4159 1345 4222 cius
1369 4159 1593 4224 incolumitate
1623 4181 1782 4225 concessa
1809 4161 1994 4227 ubertatem

342 4269 502 4325 terrarum
525 4284 598 4326 cum
622 4269 754 4325 actuum
778 4263 964 4327 innocentia
987 4269 1021 4324 et
1043 4263 1259 4347 prosperitate
1283 4263 1454 4326 concedas.

345 4437 421 4443 -—.
436 4438 549 4443 ———-.
568 4439 584 4443 ..
605 4438 752 4445 -.-.-.--

448 4554 460 4605 l
480 4555 555 4620 liquit
567 4555 591 4604 Β
654 4558 773 4607 archanis
791 4555 813 4604 Γ
874 4558 982 4606 tirctorea
996 4554 1019 4604 Β
1117 4555 1134 4603 :t
1152 4557 1268 4607 ostendet
1282 4555 1305 4604 B
1403 4554 1418 4605 4
1438 4558 1564 4608 uicturam
1583 4558 1621 4617 (ui
1638 4558 1665 4608 ia
1677 4555 1725 4621 lit.)
1742 4556 1766 4605 Γ
1860 4556 1878 4607 b
1895 4560 1951 4611 arria
1962 4558 1995 4623 Β,

342 4640 382 4691 aui
400 4641 475 4690 ceteri
557 4642 668 4707 ufstigiia
680 4642 705 4692 Β
831 4641 847 4692 li
866 4643 949 4692 dotcrn
966 4640 1060 4690 vare*
1179 4638 1194 4689 7
1213 4641 1351 4707 qururlratur
1365 4640 1388 4690 Β
1461 4643 1574 4693 solrolem
1587 4641 1660 4692 1321'
1778 4641 1811 4693 13
1828 4647 1959 4712 acciperat
1971 4646 1996 4695 Β

343 4724 377 4775 18
394 4724 635 4778 ᾶοΙιιιιιηΒΓῙΒΟ
753 4725 785 4776 19
802 4727 974 4778 conticescant
989 4726 1013 4774 Γ
1121 4725 1156 4776 20
1172 4726 1339 4793 redemptoris
1354 4725 1416 4776 ΓῙΒ
1530 4726 1560 4778 21
1581 4728 1763 4780 sacerdotcsfl
1874 4730 1910 4781 23
1927 4734 1994 4798 quod

343 4811 485 4862 humanum
501 4810 526 4861 B
598 4813 733 4864 deceditB
848 4812 881 4863 24
900 4813 1013 4863 climenti
1032 4812 1208 4877 malimali
1322 4810 1357 4862 ‘25
1375 4813 1463 4878 inpare
1475 4813 1508 4877 Β,
1525 4814 1694 4881 inparirctcri
1761 4816 1938 4882 complacebat
1956 4816 1993 4866 Γ(Ι

342 4895 376 4947 26
394 4899 519 4949 aceedrmt
535 4897 560 4945 Γ
649 4895 684 4948 ⁶28
701 4899 813 4963 dampna
832 4896 855 4944 Γ
946 4895 982 4947 30
999 4900 1091 4964 profrta
1104 4898 1128 4946 Β
1135 4896 1153 4953 ¹,
1172 4900 1295 4965 propheta
1313 4898 1336 4945 Γ
1401 4900 1482 4964 parauit
1495 4899 1519 4948 Β
1587 4901 1649 4951 roho
1662 4900 1706 4950 Β(ι
1810 4900 1843 4951 :ll
1864 4904 1941 4953 frotix
1958 4901 1996 4953 ΒῙ

344 4982 491 5033 laborantur
503 4982 528 5030 Β
642 4979 678 5032 33
695 4981 823 5032 scrinioli
936 4981 970 5033 34
988 4992 1032 5034 tua
1049 4985 1053 5043 Ι
1069 4984 1267 5034 adtribucudunr
1280 4983 1305 5032 B
1419 4983 1454 5034 35
1471 4985 1556 5035 uirnat
1570 4985 1611 5034 Ill
1722 4985 1757 5038 :ld
1774 4986 1997 5051 omnhlrt'LT1,

343 5068 426 5119 anrrris
442 5086 517 5134 prop.
531 5067 626 5117 Horret
729 5064 762 5118 3¹⁴⁸
783 5069 954 5119 irrcrdomitatc
969 5069 992 5117 Β
1096 5068 1131 5120 38
1148 5071 1280 5121 crnrccdaa.
1305 5071 1361 5121 finit
1380 5071 1478 5121 codiee·
