4500 6232
294 267 357 328 ara
950 257 1083 314 cornu
1101 256 1235 327 (croso.
1255 259 1290 321 ι).

294 435 409 500 credas
445 454 544 521 posse
579 431 750 515 diligentia
783 451 880 516 quam
913 433 1041 496 timore.
1096 430 1296 495 excellentia
1328 428 1414 494 bona
1448 435 1524 494 sunt
1558 429 1681 516 gloriae
1714 435 1792 496 tuae
1825 432 1959 495 inserta

293 538 530 617 monumentis,
559 542 595 600 ut
625 556 698 599 cum
726 540 759 600 te
783 555 878 620 reges
901 542 1062 613 metuant,
1095 541 1205 598 ament
1228 532 1350 599 famuli.
1395 553 1469 596 nam
1493 552 1718 617 quaecumque
1740 533 1802 599 tibi
1825 532 1958 599 metitis

296 642 517 713 subiectorum
540 639 663 703 viribus
687 637 756 701 dari
780 639 933 724 imperas,
956 637 1063 702 credis
1087 658 1185 723 pesse
1208 636 1376 722 denegari.
1422 656 1578 722 oregom
1603 637 1690 701 omni
1711 636 1957 723 tranquillitate

297 746 514 831 conpositum,
538 743 593 827 qui
615 741 782 806 devotioni
806 746 938 806 nostrae
962 742 1101 827 imputat
1124 739 1209 826 quod
1232 738 1441 826 inpendimus
1464 738 1627 804 seruituti!

241 850 281 910 72
401 846 477 911 XV.
511 845 596 920 Quid
611 844 712 930 quod!
743 868 763 909 a
778 852 811 908 te
823 844 1039 909 Alamanniae
1056 843 1255 928 generalitas
1270 844 1356 906 iutra
1366 842 1481 908 Italiae
1499 844 1653 909 terminos
1665 844 1737 909 sine
1750 843 1957 909 detrimento
2028 864 2043 901 s

292 950 461 1016 Romanae
477 950 698 1036 possessionis
715 949 841 1013 inclusa
856 955 918 1021 est,
941 947 993 1012 cui
1009 948 1119 1012 evenit
1135 946 1258 1011 habere
1275 967 1396 1031 regem,
1419 953 1593 1033 postquam
1613 948 1732 1014 meruit
1752 946 1957 1034 perdidisse.

294 1054 383 1119 faeta
406 1061 457 1118 est
479 1052 621 1117 Latiaris
645 1058 755 1115 custos
778 1052 909 1137 imperii
932 1071 1062 1136 semper
1082 1057 1269 1114 nostrorum
1292 1050 1505 1136 populatione
1527 1057 1694 1134 grassata,
1725 1051 1778 1114 cui
1806 1050 1958 1116 feliciter
1971 1077 1997 1121 r·
2013 1069 2056 1111 era

243 1158 282 1218 73
295 1159 396 1222 cessit
423 1157 549 1241 fugisse
577 1156 715 1242 patriam
744 1175 849 1218 suam:
883 1174 957 1217 nam
988 1154 1036 1218 sic
1063 1153 1185 1239 adepte
1212 1160 1264 1218 est
1292 1153 1354 1217 soli
1381 1154 1484 1217 nostri
1506 1154 1716 1238 opulentiam.
1761 1152 1959 1239 adquisistis

295 1281 379 1346 quae
402 1260 530 1325 noverit
552 1259 717 1343 ligonibus
741 1258 839 1322 tellus
863 1256 1088 1341 adquiescere,
1111 1258 1260 1342 quamvis
1282 1278 1342 1321 nos
1366 1257 1539 1341 contigerit
1562 1257 1681 1323 damna
1703 1260 1841 1324 nescire.
1888 1256 1956 1321 sub

295 1370 328 1427 te
361 1362 502 1427 vidimus
536 1368 673 1426 eventus
711 1361 851 1447 optimos
886 1359 926 1425 de
964 1359 1163 1424 adversitate
1203 1360 1353 1445 generari
1387 1367 1421 1424 et
1453 1361 1523 1424 lieri
1560 1361 1777 1426 secundorum
1810 1368 1955 1426 matrem

295 1467 500 1533 occasionem
529 1463 678 1550 periculi.
722 1464 808 1528 ulvis
837 1463 977 1529 liberata
1004 1464 1189 1547 gratulatur
1218 1470 1337 1528 terram
1367 1463 1528 1545 incolens,
1561 1485 1645 1548 quae
1676 1464 1835 1530 haetenus
1857 1463 1956 1529 dehi-

294 1567 463 1633 scentibus
486 1567 660 1631 domiciliis
683 1566 844 1631 solidioris
869 1567 963 1631 caeni
986 1566 1178 1651 emergebat
1200 1566 1371 1633 beneficio.

140 1670 296 1765 {mli-„lgm
404 1671 497 1735 XVI.
532 1670 596 1734 Par
617 1671 680 1734 fuit
703 1672 816 1749 etiam,
843 1675 879 1732 ut
902 1669 1123 1754 eloquentiam
1145 1667 1251 1733 leudis
1274 1669 1430 1754 praemiis
1453 1670 1622 1749 incitares,
1650 1691 1692 1735 ne
1714 1670 1853 1735 adoreas
1876 1677 1956 1735 tuas

242 1777 281 1838 74
294 1774 423 1839 silentio
436 1773 661 1859 perderemus.
696 1774 858 1837 nullarum
871 1772 990 1836 artium
1006 1778 1116 1837 cessat
1131 1771 1305 1836 industria:
1330 1773 1446 1836 sollcrs
1460 1771 1656 1857 ubicumque
1671 1774 1754 1838 latet
1768 1774 1956 1859 inquiritur.

294 1878 529 1962 magistratum,
554 1877 685 1940 etiamsi
708 1877 806 1962 longe
830 1875 992 1961 deguerit,
1022 1876 1126 1960 exigit
1149 1875 1204 1960 qui
1226 1881 1381 1940 meretur.
1422 1896 1597 1961 numquam
1620 1876 1832 1943 absconditur
1851 1897 1955 1962 quem

243 1984 282 2044 75
295 1981 476 2067 prodiderit
498 1980 702 2060 innocentia,
727 1979 818 2061 dum,
843 1979 973 2043 subtilis
996 1978 1129 2060 arbiter,
1157 2000 1223 2043 non
1246 1979 1386 2065 placaris
1410 2000 1489 2044 voce
1513 1979 1572 2045 sed
1594 1980 1732 2045 actibus.
1776 1988 1955 2066 parentum

294 2090 478 2148 nostrorum
501 2083 556 2167 qui
581 2083 806 2148 occubuerunt
829 2081 916 2169 apud
940 2089 973 2147 te
996 2083 1081 2147 bene
1106 2090 1181 2148 acta
1196 2091 1382 2148 servantur:
1407 2084 1500 2148 cuius
1516 2083 1759 2149 mansuetudini
1775 2090 1852 2149 tuae
1867 2083 1955 2150 fides

293 2187 488 2267 innotuerit,
520 2185 714 2250 hereditatis
742 2186 812 2250 iure
837 2184 924 2269 quod
946 2186 1072 2250 auctori
1095 2186 1258 2251 debueras
1282 2188 1390 2252 suboli
1412 2208 1490 2251 mox
1512 2186 1678 2252 refundes.
1723 2187 1886 2253 habemus
1910 2187 1955 2254 de

294 2289 452 2352 maiorum
483 2288 649 2374 obsequiis
678 2288 837 2368 fructum,
869 2295 902 2352 et
929 2296 1039 2355 tamen
1069 2288 1110 2355 de
1142 2290 1334 2355 excessibus
1363 2290 1523 2377 supplicia
1545 2311 1611 2354 non
1633 2291 1794 2356 timemus.
1839 2291 1956 2356 linitur

295 2390 474 2476 indignatio
502 2391 672 2457 moderata
701 2413 773 2455 oum
805 2391 948 2467 homine,
981 2415 1055 2457 cum
1082 2399 1217 2478 propter
1239 2393 1486 2457 retributionem
1511 2399 1647 2479 quaerat
1667 2400 1724 2458 tua
1745 2395 1852 2480 pistas
1874 2414 1953 2458 suc-

242 2498 472 2560 recesseram.
502 2533 543 2542 -
574 2495 713 2560 Restant
743 2493 850 2558 adhuc
879 2497 983 2560 multa
1010 2515 1093 2579 quae
1126 2494 1287 2574 dicerem,
1321 2495 1380 2560 sed
1408 2497 1494 2561 inter
1521 2498 1632 2583 plures
1660 2504 1791 2562 actuum
1821 2504 1956 2563 tuorum

167 2597 263 2693 ,il-{¹⁰33
298 2618 478 2682 praecones
509 2599 662 2662 convenit
695 2597 865 2662 inlibatum
898 2597 1019 2682 aliquid
1048 2599 1222 2663 reservari.
1268 2598 1390 2663 debent
1419 2599 1479 2664 tibi
1509 2599 1696 2664 veneranda
1726 2599 1834 2666 studia
1864 2600 1956 2687 quod

297 2700 482 2785 loquuntur.
527 2707 720 2765 amaverunt
742 2721 970 2787 praecessores
999 2701 1044 2765 tui
1072 2701 1249 2778 inscitiam,
1280 2703 1355 2787 quia
1382 2722 1557 2789 numquam
1580 2703 1744 2768 laudanda
1765 2712 1955 2789 gesserunt.

294 2804 449 2868 sordebat
470 2804 556 2869 iuter
578 2810 686 2868 aratra
709 2803 961 2869 facundissimus
978 2813 1021 2884 et,
1044 2805 1131 2889 quod
1148 2806 1266 2891 peritia
1283 2804 1430 2885 dederat,
1453 2807 1501 2870 vis
1524 2806 1678 2892 negabat.
1717 2813 1806 2872 mute
1823 2826 1954 2871 maere·
1968 2834 1994 2877 n·
2007 2830 2049 2870 aa

243 2909 282 2969 77
296 2905 376 2970 bant
408 2913 519 2972 actore
558 2906 735 2972 tribunalia
774 2928 835 2972 nee
867 2908 935 2972 ulla
967 2906 1209 2972 concedebatur
1241 2908 1349 2994 palma
1383 2907 1515 2971 dicenti.
1567 2909 1601 2972 in
1634 2929 1711 2973 casu
1743 2908 1953 2993 negotiorum
2011 2936 2040 2975 sa

295 3009 434 3073 nutabat
463 3016 614 3087 eventus,
652 3009 780 3093 quando
808 3010 926 3074 litteris
955 3010 1072 3094 genius
1102 3031 1167 3074 non
1197 3010 1346 3075 dabatur.
1398 3032 1480 3075 unus
1510 3010 1631 3095 ubique
1661 3011 1793 3096 ingenia
1822 3030 1956 3075 maeror

295 3121 519 3198 oppresserat,
559 3113 635 3197 quia
669 3112 861 3176 adterehant
899 3113 966 3176 otia
1000 3112 1222 3198 eloquentium
1256 3113 1446 3185 facultates:
1482 3135 1636 3201 pompam
1665 3115 1829 3178 seniorum
1865 3113 1956 3178 edax

295 3217 506 3301 neglegentia
540 3216 729 3302 possidebat
762 3238 823 3281 nec
857 3215 1099 3281 accendebatur
1139 3217 1201 3280 tiro
1236 3217 1457 3281 aemulatione
1491 3216 1655 3282 sectanda.
1713 3216 1789 3281 vide
1824 3215 1956 3281 divitias

296 3320 419 3383 saeculi
442 3320 506 3383 tui:
530 3327 608 3384 tunc
631 3320 688 3383 vix
711 3320 782 3383 lora
805 3318 950 3384 habuere
975 3320 1149 3405 perfectos,
1173 3341 1258 3385 nunc
1282 3321 1423 3384 ecclesia
1446 3320 1554 3405 dirigit
1576 3319 1789 3386 laudatorem.

243 3425 282 3487 78
403 3422 512 3487 XVII.
546 3422 610 3487 Eat
630 3444 713 3487 nunc
731 3430 763 3487 et
783 3424 962 3487 coturnatis
978 3424 1191 3489 relationibus
1207 3423 1432 3488 Alexandrum
1448 3426 1549 3489 iactet
1564 3424 1751 3508 antiquitas,
1775 3424 1825 3488 cui
1842 3424 1954 3488 lamae

166 3510 263 3605 filliis,
296 3525 496 3612 opulentiam
527 3526 656 3611 peperit
685 3524 743 3588 dos
773 3525 993 3610 loquentium,
1028 3532 1064 3589 ut
1091 3547 1151 3612 per
1179 3526 1371 3591 adiutricem
1404 3526 1590 3591 facundiam
1620 3526 1769 3590 videatur
1800 3546 1954 3591 crescam

295 3631 393 3695 rebus
416 3629 567 3693 mendica
590 3628 744 3695 laudatio.
781 3630 869 3714 regis
892 3631 994 3693 nostri
1016 3630 1134 3694 merita
1156 3631 1311 3695 solacium
1335 3651 1399 3694 non
1416 3629 1586 3716 postulant
1601 3629 1801 3695 adserentis:
1825 3630 1955 3695 minora

296 3740 372 3798 sunt
395 3735 466 3798 eius
482 3733 568 3797 veris
591 3733 729 3812 actibus,
753 3733 899 3816 quamvis
915 3738 1013 3797 aucta
1029 3734 1094 3796 sint
1110 3740 1255 3798 veterum
1272 3742 1367 3819 gesta
1382 3733 1571 3798 mendaciis.
1609 3733 1799 3814 simulastis,
1821 3740 1955 3820 poetae.

244 3842 284 3902 79
298 3836 445 3921 grandia,
469 3835 525 3899 sed
550 3835 647 3900 lateri
663 3857 722 3899 vos
746 3837 899 3901 convenit
921 3842 1129 3923 praesentem
1154 3835 1320 3902 dominum
1344 3838 1490 3922 gessisse
1514 3837 1649 3922 potiora.
1687 3835 1821 3902 Pelleus
1836 3836 1956 3903 ductor

293 3939 540 4025 praeconiorum
571 3959 703 4002 suorum
736 3959 895 4002 summam
920 3937 1063 4003 Choerili
1087 3940 1190 4004 voluit
1220 3948 1368 4009 constare
1399 3941 1575 4021 beneficio,
1608 3960 1649 4004 ne
1679 3938 1813 4004 fallendi
1836 3947 1952 4005 votum
2015 3974 2043 4013 ³5

294 4041 468 4105 multitudo
492 4040 757 4127 deprehenderet
780 4048 813 4106 et
835 4041 930 4106 lieret
952 4042 1046 4106 testis
1068 4042 1290 4129 inpudentiae,
1316 4045 1370 4129 qui
1388 4043 1633 4109 adsciscebatur
1649 4044 1680 4107 in
1698 4042 1954 4129 adstipulatione

295 4145 461 4208 victoriae.
508 4145 587 4208 nihil
611 4142 748 4208 detraho
773 4144 973 4224 senioribus,
997 4166 1077 4230 quos
1100 4148 1295 4232 praecipuos
1319 4148 1489 4213 habuisset
1512 4149 1703 4232 antiquitas,
1726 4149 1788 4212 nisi
1812 4147 1954 4213 Romani

241 4254 283 4314 80
295 4248 435 4312 nominis
472 4248 594 4311 erectio
624 4255 657 4312 tc
691 4246 845 4311 dedisset.
895 4249 985 4313 illum
1013 4270 1112 4315 verae
1143 4251 1311 4334 religionis
1343 4252 1492 4336 ignarum
1524 4250 1667 4315 obtinuit
1696 4251 1813 4315 erroris
1846 4258 1956 4317 mater

398 4452 415 4503 2
433 4463 519 4505 ament
536 4454 626 4505 famuli
638 4453 672 4517 B,
695 4456 784 4506 famuli
801 4465 889 4508 ament
906 4458 981 4507 ceteri
1102 4455 1119 4508 3
1137 4460 1225 4510 eredes
1237 4458 1271 4522 B,
1294 4457 1356 4512 cred
1374 4459 1425 4524 VL,
1446 4460 1527 4512 eredit
1538 4459 1650 4511 abab
1769 4458 1787 4511 4
1806 4462 1917 4529 impetat
1928 4461 1956 4513 B

296 4537 413 4591 leuatus
427 4540 451 4589 Β
502 4549 615 4592 crassata
627 4541 724 4593 codices
813 4541 972 4609 Sadquisita
988 4552 1027 4594 eet
1040 4544 1071 4594 iis
1078 4561 1100 4609 p
1187 4542 1263 4596 9nos
1274 4545 1308 4608 Β,
1326 4563 1378 4596 non
1390 4547 1465 4597 ceteri
1517 4547 1626 4613 dampna
1642 4547 1666 4596 V
1749 4544 1783 4599 10
1794 4549 1907 4600 uidimus
1919 4548 1955 4611 B,

295 4627 413 4678 uidemus
431 4627 513 4689 ceteri,
530 4630 669 4691 recrescat.
741 4629 852 4695 optimus
863 4627 889 4677 Β
995 4628 1025 4679 11
1045 4630 1179 4682 liberatam
1197 4630 1285 4696 Fertip
1354 4630 1457 4700 terram]
1476 4641 1569 4685 treram
1582 4633 1607 4683 B
1676 4631 1809 4701 manus]
1828 4635 1954 4687 ductibus

295 4713 383 4780 Fertig
519 4710 550 4763 12
571 4715 697 4766 solidioris
721 4717 793 4767 areni
817 4717 964 4783 emergebat
976 4716 1075 4780 ecana,
1098 4718 1340 4770 solidiorischeniem
1363 4721 1388 4781 (ἓ
1405 4721 1433 4769 ia
1452 4720 1487 4771 lit.
1504 4719 1539 4783 V)
1562 4720 1804 4787 nrargebatBVLlr,
1825 4722 1955 4774 solidioris

294 4800 415 4851 siccinem
434 4798 533 4859 (sicima
551 4798 585 4861 Τ)
609 4803 742 4867 mergebat
759 4801 840 4865 ΤΒΒ,
864 4804 963 4854 sarcina
981 4804 1106 4854 solidioris
1125 4806 1256 4871 mergebat
1269 4803 1304 4868 Ι),
1327 4806 1452 4857 solidioris
1469 4808 1573 4859 schoeni
1591 4809 1739 4874 emergebat
1755 4807 1859 4871 dionae,
1881 4808 1955 4874 quod

295 4887 348 4951 ipae
365 4894 458 4952 posteo
475 4887 568 4950 reiecit,
589 4887 678 4953 Fertip
696 4897 718 4939 et
738 4889 833 4939 Hartcl
851 4890 1026 4954 probaverant
1150 4888 1182 4940 14
1202 4893 1359 4959 perdorimus
1375 4892 1400 4942 Β
1486 4892 1584 4945 latitB
1707 4893 1740 4945 15
1763 4895 1843 4960 exigit
1859 4895 1955 4962 scripti

294 4988 351 5023 urm
369 4972 461 5035 Hert,
485 4974 572 5038 exiget
594 4973 655 5023 libri
795 4973 827 5023 lli
849 4975 952 5041 suptilia
967 4974 993 5024 Β
1096 4977 1212 5043 placares
1227 4976 1253 5028 Β
1356 4980 1477 5031 acti-bus
1496 4980 1521 5031 B
1661 4977 1694 5031 l'l
1711 4980 1911 5033 mansuetudine
1927 4981 1954 5032 B

297 5056 329 5107 18
352 5058 472 5109 debueris
492 5057 531 5106 aa
637 5059 718 5110 soboli
746 5058 768 5106 V
868 5061 1017 5126 relnndisp
1039 5061 1108 5125 qnod
1129 5063 1219 5112 aialim
1357 5063 1387 5114 21
1414 5065 1519 5116 dicerim
1536 5064 1561 5115 B
1698 5063 1733 5117 22
1759 5067 1854 5118 dehent
1874 5067 1911 5119 ihi
1928 5066 1954 5117 Β

295 5140 329 5193 23
351 5144 472 5195 locuntur
489 5144 513 5193 V
529 5148 562 5209 (et
581 5144 677 5210 signent.
696 5146 713 5193 l.
728 5143 760 5203 c.)
823 5143 1004 5212 praecessores]
1023 5163 1126 5213 praeces
1144 5148 1281 5200 sororosB
1341 5151 1493 5202 laudandam
1505 5151 1530 5202 Β
1633 5150 1669 5202 24
1686 5161 1809 5218 atrasup.
1822 5153 1868 5204 lin.
1887 5170 1917 5205 re
1933 5152 1960 5203 V

294 5226 329 5281 25
351 5241 455 5282 auctore
475 5228 514 5279 Τ2
537 5240 560 5281 ct
584 5231 662 5281 Siris.
771 5231 954 5282 concidebatur
971 5232 997 5281 Β
1103 5250 1190 5285 tasum
1211 5234 1232 5283 12
1250 5243 1273 5285 rt
1291 5233 1369 5285 Sir-m.
1395 5236 1439 5301 (ef.
1456 5255 1483 5302 p.
1495 5240 1550 5300 231,
1568 5237 1613 5301 25)
1758 5236 1792 5289 26
1815 5240 1910 5306 ganu'ur
1929 5239 1954 5290 Β

295 5312 328 5366 22
347 5319 491 5368 atterebant
503 5316 527 5365 V
655 5312 689 5365 28
707 5318 864 5383 negligentia
877 5317 902 5367 Β
997 5316 1053 5383 ricc]
1072 5337 1104 5372 ne
1121 5320 1146 5370 Β
1276 5318 1310 5371 29
1328 5324 1456 5388 perlectus
1468 5323 1494 5373 Β
1588 5325 1696 5377 ecclesia
1713 5324 1781 5392 7⁸²1),
1797 5325 1908 5377 eclesiae
1919 5324 1955 5389 Β,

295 5402 418 5454 οωΙοείω
435 5405 511 5454 cereri
649 5402 681 5454 31
701 5405 851 5470 loquentum
864 5406 887 5467 b,
905 5405 1070 5472 eloquentum
1081 5425 1102 5472 p
1240 5405 1275 5458 32
1292 5409 1430 5459 asserentis
1446 5408 1471 5457 V
1604 5408 1640 5462 83
1657 5420 1733 5463 aneta
1745 5414 1769 5475 b,
1785 5420 1842 5463 aeta
1853 5412 1955 5463 cadim

295 5495 356 5623 ιιὶιέιιι
372 5486 417 5536 Vh
498 5490 642 5542 simulantes
654 5490 680 5540 Β
794 5489 828 5541 34
845 5491 938 5558 pallius
955 5491 1053 5543 codices
1167 5491 1203 5543 35
1220 5494 1370 5559 thoerilip.
1392 5495 1476 5560 cyrilli
1494 5496 1592 5548 codices
1707 5496 1741 5549 37
1760 5498 1954 5565 praccipuuaB

297 5574 303 5589 ¹
348 5573 502 5625 obtenuitB
