4500 6232
489 285 527 345 10
1175 279 1215 333 VI
1233 277 1357 346 (EPlS'I'.
1376 279 1399 344 l,
1417 279 1454 346 3).

484 452 623 517 hominis
653 451 812 516 montium
838 456 966 515 secreta
995 449 1195 537 respondent
1223 459 1271 533 et,
1301 450 1378 515 dum
1407 457 1565 536 angustus
1594 451 1717 515 clamor
1742 449 1895 531 vincitur,
1928 449 2142 514 valitudinem

457 559 582 621 2sua1n
606 556 771 620 elementa
793 553 1016 618 manifestant.
1054 554 1252 640 evangelicis
1268 555 1325 619 tali
1348 554 1435 618 facto
1458 554 1633 618 obsecutus
1655 554 1795 618 oraculis
1816 553 1958 618 fructum
1980 552 2022 616 de
2044 573 2142 638 prae·

342 671 397 714 nuo.
409 679 441 724 ιι,
451 677 471 715 ι.
485 659 572 743 cepti
601 679 672 722 sum
695 658 834 722 veritate
863 658 1010 737 sortitus,
1043 656 1134 720 euius
1165 656 1311 721 declarat
1339 657 1523 738 instructio,
1555 656 1641 744 quod
1670 657 1812 742 pulsanti
1839 677 1940 742 saepe
1965 661 2080 741 surgat
2108 661 2144 720 et

484 762 608 825 tribuat
630 761 722 841 deus,
746 761 773 824 si
796 782 860 825 non
883 766 1017 846 propter
1039 760 1201 842 meritum,
1228 760 1279 826 vei
1301 766 1434 847 propter
1456 761 1735 845 inportunitatem.
1772 759 1916 824 facessat
1930 759 2067 846 posthac
2090 759 2141 823 in-

484 864 628 929 fidelium
650 864 735 928 male
759 870 855 928 cauta
877 863 1052 927 discussio:
1082 863 1262 948 integritati
1294 863 1476 928 sententiae
1499 863 1631 948 periclis
1653 863 1878 948 praesentibus
1899 862 2039 927 idoneus
2061 860 2141 926 milri

486 969 580 1033 testis
597 967 785 1054 adstipulor.
823 966 987 1053 frequenti
1003 966 1150 1030 oratione
1173 973 1285 1052 optata
1306 966 1481 1052 promerui,
1506 986 1698 1030 concessum
1722 972 1773 1030 est
1795 986 1929 1053 precum
1952 963 2145 1029 adsiduitati

454 1069 573 1157 3quod
595 1071 778 1156 negabatur
800 1070 954 1134 examini.
1000 1068 1104 1133 debeo
1128 1067 1222 1132 vobis
1246 1068 1439 1148 amicitiam,
1462 1068 1683 1154 querimoniae
1705 1088 1817 1149 meae,
1840 1088 1936 1153 quas,
1959 1067 2037 1132 dum
2058 1067 2143 1132 votis

487 1175 640 1240 effectum
660 1174 820 1254 tribuitis,
850 1174 922 1258 pius
946 1172 1072 1237 amabo.
1116 1170 1215 1234 fuerit
1243 1171 1320 1235 licet
1349 1172 1439 1256 origo
1467 1177 1578 1235 vestra
1600 1192 1620 1235 a
1643 1172 1730 1235 iusto
1757 1171 1870 1236 dolore
1892 1171 2045 1251 veniens,
2075 1170 2143 1234 fre-

487 1283 626 1363 quenter
649 1299 668 1341 a
690 1276 800 1356 vobis,
830 1281 1003 1362 postquam
1030 1274 1259 1360 praestitistis,
1290 1275 1390 1339 etiam
1412 1275 1558 1339 inlaesus
1580 1275 1743 1362 incipiam.
1788 1274 1994 1339 delenificam
2016 1273 2144 1359 allega·

487 1381 611 1445 tionem
633 1380 804 1466 amplexus
828 1378 1014 1464 epistularis
1037 1378 1171 1463 alloquii
1195 1399 1258 1463 ago
1290 1383 1387 1463 atque
1415 1377 1522 1442 habeo
1552 1379 1690 1464 gratias,
1720 1377 1807 1464 quod
1834 1398 1887 1443 me
1916 1378 1972 1443 diu
2001 1377 2143 1441 tristium

455 1484 639 1548 inoluistis
663 1505 736 1548 esse
760 1483 963 1569 participem.
1008 1481 1134 1545 fecistis
1157 1481 1220 1545 hoc
1242 1480 1377 1545 forsitan
1393 1488 1468 1545 uoto
1493 1488 1526 1546 et
1548 1480 1654 1546 studio
1678 1482 1889 1564 consulentis,
1914 1481 1972 1548 sed
1995 1480 2144 1546 adscribo

486 1587 631 1673 peccatis
653 1587 745 1668 meis,
769 1586 856 1671 quod
878 1584 1064 1666 maioribus,
1087 1584 1164 1649 dum
1186 1585 1377 1671 temperatis
1401 1586 1551 1671 alloquio,
1578 1606 1649 1648 sum
1671 1586 1811 1650 iactatus
1834 1583 2021 1670 angoribus.
2065 1583 2145 1649 mihi

486 1691 542 1753 uni
572 1690 604 1753 in
632 1689 804 1754 adversum
834 1689 966 1775 provisa
995 1689 1202 1773 contingunt,
1235 1687 1313 1752 dum
1344 1689 1495 1773 graviora
1521 1709 1651 1774 semper
1672 1688 1705 1753 in
1728 1709 1876 1754 maerore
1899 1689 2036 1753 aestimo
2059 1709 2145 1774 quae

486 1797 654 1872 tacentur,
687 1793 764 1877 quia
794 1791 891 1856 credo
923 1791 1010 1877 quod
1038 1791 1079 1855 de
1106 1789 1327 1855 mediocribus
1360 1812 1460 1878 saepe
1492 1791 1773 1856 communicentur
1793 1791 1894 1857 verba
1921 1790 2145 1876 languoribus,

486 1915 559 1959 cum
582 1895 775 1981 proximitas
796 1895 920 1959 funeris
943 1895 1082 1980 imperet
1104 1894 1237 1958 silentia
1259 1894 1323 1958 cito
1347 1894 1536 1980 rumpenda.
1576 1894 1639 1959 deo
1663 1895 1798 1980 gratias,
1820 1895 1933 1981 quiea
1953 1914 2037 1979 quae
2060 1892 2145 1958 dura

488 1999 705 2064 aestimantur
728 1998 903 2063 clementis
925 1998 1011 2062 bene
1028 1997 1126 2061 vertit
1149 2002 1183 2061 et
1205 2017 1290 2082 quae
1314 2018 1356 2060 ex
1378 1997 1494 2062 merito
1518 2005 1630 2062 nostro
1646 2004 1785 2062 ventura
1807 1999 1996 2084 collegimus
2020 2018 2064 2062 ex
2086 2017 2146 2061 sua

456 2102 570 2167 5facit
590 2102 801 2166 miseratione
825 2099 1005 2165 transferri.
1050 2099 1227 2165 voluissem
1251 2107 1361 2165 tamen
1393 2101 1493 2166 talem
1523 2101 1610 2165 circa
1639 2102 1835 2186 parvitatem
1861 2121 1968 2165 meam
1997 2099 2145 2186 dignatio

486 2210 598 2270 vestra
614 2205 776 2269 tenuisset
791 2204 957 2285 affectum,
981 2209 1018 2267 ut
1032 2224 1130 2289 quern
1147 2203 1300 2268 comitem
1316 2224 1416 2289 saepe
1431 2203 1560 2289 gaudiis
1576 2203 1783 2285 adhibuistis,
1808 2224 1883 2269 cum
1897 2223 1937 2268 eo
1959 2202 2146 2289 elegissetis

487 2308 586 2372 etiam
609 2307 749 2373 adversa
770 2308 895 2394 partiri.
942 2328 984 2372 an
1006 2307 1130 2393 putatis
1153 2307 1221 2371 tale
1244 2306 1441 2371 beneficium
1463 2307 1497 2371 in
1520 2314 1690 2393 acceptum
1712 2328 1863 2373 measse
1890 2307 2084 2388 relaturum,
2117 2305 2147 2370 si

487 2411 529 2475 ab
553 2411 695 2475 aestibus
718 2411 862 2497 pectoris
885 2410 986 2476 vestri
1009 2417 1175 2495 tamquam
1197 2411 1283 2474 maie
1312 2409 1420 2475 fidelis
1452 2409 1628 2493 excludar?
1674 2416 1828 2493 nonest,
1856 2417 1894 2475 ut
1915 2410 2028 2493 video,
2058 2408 2146 2496 apud

489 2534 548 2578 vos
577 2514 643 2579 mei
669 2514 751 2579 ratio
784 2514 973 2600 dispensata
1005 2513 1144 2578 consilii.
1195 2534 1256 2598 ego
1288 2513 1369 2579 mihi
1400 2514 1506 2599 perire
1538 2515 1677 2599 gratiam
1709 2519 1804 2601 puto,
1841 2514 1903 2578 nisi
1936 2535 2009 2579 earn
2037 2534 2147 2578 rerum

457 2618 633 2683 domnium
656 2618 825 2682 vobiscum
849 2617 1139 2681 communicatione
1163 2617 1323 2684 nutriatis.
1370 2615 1520 2698 desinite,
1544 2637 1677 2701 quaeso,
1707 2617 1741 2682 in
1764 2617 1825 2682 hac
1847 2616 1928 2682 mihi
1950 2623 2043 2704 parte
2067 2637 2147 2682 eon-

489 2721 598 2785 sulere
620 2726 732 2786 vestra
754 2719 907 2806 inpendio
931 2719 1033 2784 verba
1057 2720 1213 2805 cupienti:
1237 2720 1290 2784 cui
1312 2720 1340 2783 si
1357 2720 1458 2784 votivi
1481 2727 1645 2804 negentur
1666 2721 1797 2803 affatus,
1819 2720 1978 2803 fatiscam,
2000 2727 2038 2785 ut
2059 2727 2149 2785 terra

348 2823 478 2921 suffiti·
492 2825 546 2888 cui
568 2825 660 2888 eaelo
683 2824 765 2888 nihil
787 2825 922 2909 liquitur
943 2845 1005 2888 nee
1027 2844 1129 2888 venas
1153 2843 1230 2886 suas
1254 2842 1332 2887 suco
1356 2822 1462 2887 bibuli
1487 2823 1609 2887 umoris
1639 2823 1794 2899 infundit,
1824 2824 1910 2890 unde
1940 2823 2060 2889 innatis
2088 2822 2148 2888 ali·

393 2907 398 2929 ’
487 2933 600 2993 menta
617 2927 733 2991 culmis
750 2926 908 2993 exhibeat
925 2932 958 2991 et
973 2926 1015 2991 ad
1030 2926 1148 2991 falcem
1165 2926 1317 3012 gravidas
1341 2927 1457 2990 aristas
1481 2926 1631 2994 adducat.
1668 2933 1706 2992 ut
1727 2928 1828 3014 piscis
1851 2949 1937 3014 aqua
1960 2928 2146 2992 abstractus

488 3031 643 3096 vitalibus
675 3029 872 3095 indumentis
909 3031 1056 3117 privatus
1092 3029 1311 3114 extinguitur,
1346 3031 1393 3094 sic
1427 3049 1489 3114 ego
1523 3028 1692 3094 subductis
1723 3031 1856 3117 alloquii
1887 3031 1988 3096 vestri
2017 3029 2148 3095 fluentis

488 3133 667 3199 interimor.
717 3140 877 3217 quaerant
909 3134 965 3198 alii
994 3133 1080 3219 quod
1113 3132 1273 3198 delectet:
1311 3154 1373 3218 ego
1402 3154 1454 3198 res
1483 3133 1524 3198 sd
1555 3133 1694 3197 animam
1726 3136 1928 3220 pertinentes
1962 3134 2148 3221 expostulo.

459 3236 569 3300 ‘lmihi
590 3257 657 3301 nou
679 3241 747 3299 tam
769 3225 905 3302 delicias
921 3237 1023 3302 verba
1038 3244 1149 3301 vestra
1171 3237 1302 3322 pariunt
1324 3257 1421 3322 quam
1445 3235 1594 3301 salutem.
1632 3257 1701 3301 rem
1716 3237 1824 3303 fateor
1845 3239 1944 3303 nullis
1968 3238 2148 3302 coloratam

490 3340 585 3422 fucis,
608 3339 706 3404 nuliis
730 3339 924 3405 nebularum
947 3340 1111 3426 depictam
1132 3338 1323 3420 mendaciis,
1347 3340 1504 3425 quianon
1522 3360 1593 3404 sum
1610 3341 1783 3405 simulandi
1799 3341 1933 3407 artifex:
1957 3337 2148 3427 decerptum

490 3442 612 3528 aliquid
635 3445 723 3509 vitae
746 3464 840 3507 meae
864 3445 993 3523 censui,
1021 3443 1098 3508 dnm
1121 3444 1249 3509 tacetis.
1291 3443 1379 3507 male
1403 3464 1460 3507 uos
1483 3442 1597 3507 fideles
1620 3443 1789 3525 adseritis,
1819 3445 1847 3509 si
1871 3443 1913 3509 ad
1936 3465 2032 3510 aures
2053 3464 2147 3508 meas

489 3546 689 3633 generaliter
720 3545 872 3612 deflenda
900 3568 960 3633 per
989 3568 1047 3612 vos
1076 3545 1266 3612 deferantur
1294 3544 1516 3625 incommode,
1555 3547 1647 3631 quasi
1677 3548 1804 3613 nescire
1834 3547 1932 3612 alicui
1960 3545 2147 3612 Christiano

459 3650 592 3715 81iceat
614 3651 751 3731 malum,
783 3651 836 3714 eui
864 3649 970 3715 Roma
993 3649 1188 3715 subcumbit.
1233 3648 1392 3713 barbaras
1416 3649 1566 3713 nationes
1590 3654 1624 3712 et
1647 3670 1667 3713 a
1689 3657 1800 3715 nostro
1823 3651 1925 3715 limite
1948 3654 2017 3715 toto
2040 3669 2149 3737 paene

490 3751 568 3818 orbe
599 3753 757 3819 discretas
789 3754 953 3818 continuis
982 3753 1065 3819 haec
1092 3753 1216 3818 conicio
1250 3753 1403 3819 lamentis
1434 3753 1658 3838 ingemescere
1683 3760 1717 3818 et
1744 3754 1785 3819 ad
1815 3755 1973 3820 solacium
2000 3759 2149 3820 nostrum

490 3857 641 3921 lacrimas
673 3855 888 3921 commodare.
939 3856 1035 3921 huius
1062 3856 1110 3920 rei
1140 3855 1331 3940 magnitudo
1358 3861 1469 3919 vestra
1501 3854 1656 3922 adhibere
1686 3879 1722 3922 se
1750 3857 1892 3922 indicem
1918 3857 2019 3945 fugit,
2049 3862 2087 3921 nt
2114 3856 2149 3921 in

492 3960 670 4046 perniciem
691 3981 799 4024 meam
822 3959 989 4024 fallacium
1011 3960 1199 4024 nuntiorum
1222 3957 1386 4023 diabolica
1409 3979 1482 4023 cum
1505 3959 1682 4025 securitate
1697 3967 1775 4026 vota
1797 3963 2007 4044 mentiantur,
2029 3968 2147 4026 utnon

493 4062 536 4127 sit
557 4061 599 4127 ad
623 4062 716 4126 cuius
733 4062 906 4127 veritatem
927 4070 1002 4149 post
1024 4062 1154 4126 fabulas
1177 4060 1309 4125 redeam
1332 4081 1393 4125 nec
1416 4062 1471 4146 qui
1495 4062 1638 4126 animum
1661 4084 1770 4130 meum
1785 4066 1855 4130 veri
1869 4065 2149 4131 demonstratione

336 4145 669 4242 Affissffissfisusteutet.
720 4187 799 4231 cave
827 4165 930 4245 faxis,
965 4165 1008 4228 mi
1038 4164 1183 4237 domine,
1216 4165 1384 4229 vobiscum
1415 4163 1494 4228 mihi
1525 4165 1590 4229 alia
1621 4188 1673 4231 res
1700 4174 1764 4232 est:
1800 4169 1867 4233 alia
1896 4168 1959 4234 fori
1986 4169 2049 4250 vis,
2083 4169 2151 4235 alia

354 4263 474 4369 OEffil
493 4269 635 4335 triclinii.
672 4266 783 4333 audiat
799 4275 842 4348 te,
860 4290 943 4353 quae
959 4269 991 4332 in
1009 4269 1254 4333 conuersatione
1270 4266 1403 4355 publica
1418 4267 1580 4349 didiceris,
1597 4269 1723 4335 familia
1736 4271 1917 4337 domestica
1932 4278 2149 4338 retexentem.

493 4371 714 4437 subiectorum
737 4373 862 4437 animos
885 4377 919 4436 et
940 4371 1055 4436 fideles
1078 4378 1115 4436 ut
1138 4371 1261 4458 putatis
1290 4377 1417 4436 mentes
1444 4371 1639 4436 relationum
1662 4380 1843 4438 uestrarum
1872 4373 1952 4439 cibis
1979 4375 2075 4456 alite,
2105 4395 2148 4440 ne

495 4477 605 4540 ieiuna
627 4477 804 4541 amicorum
829 4476 928 4542 corda
950 4476 1068 4541 talibus
1091 4476 1224 4541 ferculis
1245 4477 1377 4561 inpasta
1399 4475 1590 4540 moriantur.

595 4767 756 4822 fielimenta
772 4768 798 4820 B
883 4771 1034 4837 strangilicis
1055 4767 1101 4819 Ba
1226 4767 1243 4821 3
1265 4777 1356 4836 surgat
1376 4768 1440 4820 dene
1462 4775 1488 4820 et
1510 4769 1606 4820 tribnat
1626 4766 1757 4821 VLTGPd
1883 4770 1901 4824 b
1922 4773 2044 4841 periculis
2066 4765 2149 4822 wls

492 4857 590 4908 idoneis
602 4855 647 4905 Ba
750 4854 768 4907 6
785 4857 910 4924 astipulor
925 4856 950 4904 V
1005 4856 1149 4908 assiduitati
1165 4855 1189 4904 V
1290 4852 1305 4905 i
1324 4871 1388 4920 quae
1399 4853 1434 4917 B,
1452 4871 1528 4920 quam
1540 4855 1616 4906 ceteri
1719 4855 1737 4908 8
1754 4857 1872 4910 tribuiles
1883 4856 1930 4908 13⁰
2036 4854 2072 4909 10
2087 4857 2149 4909 alie

491 4943 546 5010 quii
558 4942 592 5007 Β,
609 4942 704 5009 eloquii
715 4940 790 4992 ueteri
852 4939 938 5008 atque]
956 4942 1013 5008 adq.
1025 4941 1051 4991 B
1149 4939 1179 4990 11
1202 4937 1308 5007 fecistis]
1327 4940 1451 4991 fecissetis
1463 4939 1496 5003 B,
1514 4941 1624 4991 feceritis
1636 4942 1697 5002 fort.
1758 4944 1858 4995 ascribo
1874 4942 1900 4993 V
1989 4941 2024 4995 14
2039 4944 2149 5010 langori-

492 5028 606 5080 busBV
697 5023 730 5077 l‘t
747 5033 833 5077 temen
851 5028 920 5092 qnod
936 5028 1013 5078 talem
1027 5026 1085 5079 cle
1183 5023 1216 5077 18
1232 5025 1368 5092 elegissitie
1381 5024 1427 5075 Ba
1522 5022 1558 5076 20
1576 5033 1696 5092 tanquam
1712 5026 1738 5077 V
1828 5026 1863 5081 23
1875 5031 1991 5082 fatiscam
1999 5029 2033 5095 B,
2050 5031 2151 5083 adme

492 5115 568 5167 cereri
687 5109 722 5163 24
738 5113 846 5178 liquitur
857 5112 894 5176 B,
917 5113 1043 5179 linquitur
1059 5112 1134 5164 ceteri
1255 5108 1289 5161 26
1308 5112 1400 5162 uestris
1412 5110 1457 5160 Ba
1532 5113 1635 5163 fluentis
1656 5130 1712 5179 sup.
1731 5115 1776 5166 lin.
1790 5114 1840 5164 Bt
1962 5114 1998 5169 28
2014 5117 2113 5169 dfiieiss
2124 5115 2151 5168 B

492 5200 633 5251 coloratum
645 5196 690 5248 Ba
816 5195 852 5250 30
867 5200 990 5250 adwretis
1002 5198 1027 5249 B
1153 5194 1188 5247 32
1205 5197 1360 5248 subcumbet
1370 5195 1404 5259 B,
1422 5196 1567 5247 succumbit
1584 5196 1609 5245 V
1725 5196 1760 5250 33
1777 5201 1898 5252 discretas
1910 5200 1944 5266 B,
1961 5203 2058 5254 diuisus
2075 5203 2151 5254 aeteri

492 5283 527 5336 36
544 5285 577 5336 ed
593 5301 649 5350 sup.
664 5285 709 5334 lia.
723 5283 749 5333 B
853 5282 887 5336 37
904 5286 954 5339 alie
971 5285 1019 5340 tori
1037 5285 1085 5352 uis,
1103 5284 1154 5335 alie
1170 5283 1275 5339 triclinii
1292 5282 1391 5341 tudites
1408 5288 1431 5338 tl
1445 5280 1532 5333 Cicero
1544 5281 1562 5332 l·
1574 5299 1604 5346 a,
1622 5283 1693 5335 aliud
1705 5286 1754 5340 fori
1765 5287 1814 5359 irre,
1831 5288 1902 5340 aliud
1913 5289 2017 5345 triclinii
2028 5287 2151 5340 οᾶἅοιια

493 5368 528 5424 38
545 5371 765 5426 concenationem
782 5369 825 5425 B¹

2197 2938 2225 2980 23
