4500 6232
502 282 666 339 CDXXXIV
685 280 807 351 (EPIS'l'.
826 282 851 341 9.
871 281 924 347 12),
942 279 1092 334 cbxxxv
1112 278 1234 345 (EPIST.
1252 279 1277 337 9,
1298 280 1349 345 13),
1367 277 1532 333 CDXXXVI
1551 280 1653 346 (DIC'I'.
1671 280 1726 346 27).
1881 280 1944 342 299

877 537 1092 607 cnmlv
1115 538 1224 624 (srrsr.
1241 543 1271 618 9,
1291 540 1355 623 12).

856 717 1106 792 MESSALAE
1132 716 1381 790 ENNODIVS.

409 845 505 939 Fero
522 882 701 940 vestrarum
718 877 951 942 abstinentiam
969 879 1162 951 litterarum,
1188 879 1215 942 si
1233 879 1279 941 sic
1296 878 1337 942 ad
1354 878 1558 941 incrementa
1580 872 1692 960 gaudii
1714 875 1779 939 mei
1802 875 1944 960 pertinet
1960 879 1971 937 l

291 976 377 1062 quod
410 980 537 1044 tacetis.
584 1002 648 1045 non
679 987 730 1045 est
763 983 903 1046 molesta
932 984 1094 1067 paginalis
1124 983 1338 1060 intermissio,
1373 982 1399 1045 si
1432 1001 1505 1045 oum
1535 977 1713 1065 splendidis
1747 976 1945 1042 dictionibus

290 1082 469 1166 iunguntur
497 1105 570 1149 rara
598 1085 781 1170 conloquia.
827 1085 912 1170 quod
942 1085 983 1150 de
1007 1087 1113 1169 gratia
1142 1086 1229 1149 circa
1252 1106 1309 1149 vos
1334 1084 1400 1165 dci,
1430 1083 1516 1170 quod
1540 1082 1581 1148 de
1604 1082 1726 1146 sanctis
1750 1080 1943 1167 parentibus

224 1215 235 1248 z.
288 1188 557 1270 praesumebatur
572 1189 707 1274 accipio.
738 1190 803 1253 iam
815 1189 979 1274 suffragiis
995 1191 1172 1254 amicorum
1189 1189 1252 1260 dei,
1269 1191 1324 1274 qni
1340 1189 1398 1252 tibi
1414 1196 1509 1274 pater
1524 1193 1558 1251 et
1573 1186 1676 1250 irater
1688 1192 1750 1264 est,
1769 1184 1943 1269 agnovisti.

292 1310 369 1355 vere
398 1290 572 1355 dictionem
603 1298 692 1356 tuam
722 1294 792 1358 sine
823 1294 980 1370 lacrimis,
1013 1314 1093 1378 quas
1122 1291 1246 1357 dabant
1275 1291 1409 1377 gaudia,
1442 1313 1505 1355 non
1536 1289 1648 1375 relegi.
1694 1289 1770 1352 nolo
1799 1285 1887 1373 apud
1909 1290 1977 1352 tea

291 1414 375 1478 quae
404 1393 445 1458 de
474 1401 506 1459 te
535 1396 639 1458 sentio
663 1396 836 1461 verborum
862 1397 1099 1482 inportunitate
1123 1394 1314 1483 producere.
1360 1394 1474 1458 labora
1497 1401 1548 1473 ut,
1578 1392 1663 1478 quod
1688 1396 1889 1477 suggerente
1912 1388 1946 1453 in

292 1497 440 1561 sensibus
471 1519 554 1563 vena
589 1499 732 1566 invenis.
769 1520 936 1585 conponas
969 1500 1167 1585 eloquentia.
1213 1499 1293 1562 nihil
1324 1498 1382 1562 tibi
1410 1520 1429 1562 a
1459 1497 1568 1561 domui
1597 1497 1712 1561 Fausti
1742 1502 1776 1560 et
1807 1493 1946 1559 domnae

292 1620 384 1664 meae
409 1602 520 1665 matris
543 1608 619 1666 tuac
643 1602 710 1665 filio
733 1604 840 1666 minus
864 1610 924 1682 est,
948 1604 1011 1666 nisi
1028 1602 1112 1687 quod
1130 1603 1199 1687 ipse
1218 1601 1363 1665 studiose
1380 1600 1592 1665 subtraxeris.
1631 1606 1745 1686 parcat
1760 1598 1820 1663 tibi
1835 1604 1945 1662 tamen

292 1701 388 1779 deus,
426 1710 464 1767 ut
492 1705 607 1770 credas
642 1727 693 1771 me
728 1707 942 1771 inmemorem
974 1707 1023 1771 tui
1053 1728 1144 1784 esse,
1183 1704 1260 1769 dum
1291 1704 1535 1790 inpedientibus
1567 1704 1687 1768 morbis
1717 1702 1881 1789 frequenti
1913 1707 1947 1765 te

293 1808 469 1892 scriptione
493 1830 558 1873 non
574 1831 727 1874 veneror:
752 1809 853 1874 debes
876 1830 973 1873 nosse
995 1809 1129 1895 dignum
1147 1829 1220 1873 osse
1236 1809 1333 1872 venia
1349 1807 1503 1893 quicquid
1519 1808 1718 1872 necessitate
1735 1805 1945 1891 delinquitur.

291 1909 421 1976 domine
445 1913 500 1993 mi,
525 1914 756 1978 salutationem
779 1914 1004 2000 plenissimam
1028 1912 1141 1977 dicens
1164 1910 1362 1976 benedicere
1386 1933 1438 1977 me
1462 1911 1560 1976 deum
1584 1912 1617 1974 in
1640 1909 1888 2000 operibuseius
1904 1908 1978 1973 de3

292 2013 401 2078 domni
427 2015 543 2080 Avieni
567 2017 797 2081 coniunctione
822 2017 972 2101 significo
996 2024 1029 2080 et
1053 2016 1093 2080 de
1118 2024 1150 2079 te
1175 2014 1258 2099 quod
1284 2015 1355 2078 eius
1381 2015 1486 2099 pietas
1509 2014 1684 2098 pollicetur
1707 2020 1858 2098 expecto.

889 2305 1082 2374 clixxxv
1106 2309 1214 2387 (srrsr.
1233 2311 1264 2388 9,
1283 2308 1346 2390 13).

842 2485 1128 2559 PANFRONIO
1156 2485 1403 2559 ENNODIVS.

404 2615 628 2727 peregrinari
652 2664 704 2706 me
729 2644 761 2706 in
785 2644 856 2707 solo
886 2644 991 2729 patrio
1015 2643 1109 2708 vobis
1141 2644 1334 2709 absentibus
1364 2643 1533 2721 crederes,
1563 2645 1693 2708 etiamsi
1714 2645 1869 2709 valerem.
1914 2649 1976 2709 att

293 2768 367 2811 cum
390 2744 562 2831 aegritudo
586 2746 664 2809 mihi
689 2752 721 2810 et
744 2746 947 2831 quorundam
970 2748 1099 2812 insistat
1122 2749 1302 2830 infirmitas,
1326 2749 1412 2813 inter
1434 2755 1591 2832 utrasque
1609 2746 1685 2833 quid
1701 2747 1841 2811 faciam?
1876 2746 1948 2833 quis

293 2871 356 2914 uno
385 2857 532 2934 tempore
561 2856 595 2913 et
623 2849 755 2913 morbos
786 2849 872 2914 ferat
899 2858 932 2914 ct
962 2850 1126 2936 perfidos?
1166 2853 1250 2916 scias
1279 2852 1370 2916 nulla
1393 2853 1562 2921 cautione,
1594 2850 1684 2914 nulla
1705 2849 1894 2914 innocentia
1916 2848 1949 2913 in

294 2952 424 3017 civitate
453 2957 566 3015 nostra
590 2972 673 3035 quae
698 2950 759 3016 deo
782 2951 891 3017 medio
915 2955 1078 3037 promissa
1100 2961 1176 3019 sunt
1198 2955 1361 3018 custodiri.
1407 2963 1512 3019 totum
1536 2954 1685 3018 felicitati
1710 2953 1873 3032 tribuitur,
1904 2953 1950 3017 nil

293 3057 410 3125 amori:
441 3056 528 3119 circa
555 3055 695 3119 humiles
725 3075 799 3119 rara
826 3053 990 3141 dignatio:
1021 3059 1163 3144 optimus
1193 3059 1249 3121 ille
1279 3060 1333 3143 qui
1358 3059 1485 3123 celsior.
1530 3057 1589 3122 sed
1612 3056 1694 3121 haec
1718 3077 1781 3142 ego
1804 3077 1869 3121 non
1892 3077 1950 3141 pro

215 3198 220 3210 ·
293 3163 372 3239 mei,
404 3163 455 3225 cui
486 3161 565 3225 nihil
595 3169 747 3247 superest
779 3163 864 3248 quod
889 3185 1034 3250 sperem,
1066 3163 1326 3229 consideratione
1351 3164 1495 3249 suspiro:
1529 3160 1619 3225 dolet
1641 3160 1719 3224 mihi
1742 3159 1817 3224 illos
1840 3159 1950 3244 perire

293 3286 375 3350 quos
404 3265 515 3350 diligo.
560 3266 690 3350 plenius
717 3265 811 3329 vobis
840 3286 910 3330 rem
939 3285 1068 3329 omnem
1096 3273 1130 3330 et
1157 3287 1254 3351 quam
1284 3271 1419 3350 propter
1448 3263 1591 3328 studium
1619 3269 1765 3328 vestrum
1795 3260 1982 3327 invidiam2

295 3370 515 3433 contraxerim
544 3369 642 3433 homo
672 3375 783 3433 vester
813 3368 1003 3434 insinuabit.
1049 3390 1112 3454 ego
1144 3370 1300 3433 honorem
1332 3367 1540 3430 salutationis
1573 3365 1754 3453 inpertiens
1785 3386 1881 3451 rogo,
1914 3371 1950 3429 ut

295 3472 415 3557 scripta
438 3493 512 3536 mea
535 3478 569 3536 et
591 3471 709 3535 domno
733 3470 861 3535 Avieno
886 3478 919 3536 et
951 3471 1069 3536 domno
1092 3472 1224 3536 Liberio
1254 3471 1404 3557 protinus
1435 3469 1651 3548 contradatis,
1683 3475 1716 3535 et
1743 3489 1804 3554 per
1831 3469 1950 3555 ipsum,

295 3575 349 3658 qui
379 3575 471 3638 nobis
500 3574 711 3639 Panfroniam
743 3579 888 3638 nostram
918 3595 1031 3638 sanam
1067 3575 1207 3654 tribuat,
1244 3574 1392 3652 coniuro,
1432 3578 1468 3636 ut
1497 3593 1575 3636 mox
1607 3594 1658 3636 me
1691 3571 1769 3657 quid
1803 3571 1951 3658 responsi

217 3712 222 3725 ·
296 3675 445 3742 dederint
474 3678 659 3752 instruatis;
691 3678 767 3762 quia
797 3677 823 3740 si
853 3678 965 3761 regius
995 3678 1208 3763 occupatione
1237 3677 1346 3762 aliqua
1369 3684 1510 3762 negatur
1532 3675 1710 3757 adventus,
1742 3697 1804 3762 ego
1828 3674 1868 3740 ad
1892 3696 1951 3740 vos

295 3782 357 3846 deo
379 3803 454 3848 meo
478 3783 679 3866 suffragante
703 3781 763 3845 sub
788 3782 903 3866 quavis
927 3781 1146 3845 membrorum
1169 3802 1316 3845 meorum
1340 3780 1518 3864 fragilitate
1543 3780 1655 3845 venire
1678 3779 1810 3844 festino.

916 4070 1133 4139 tumul
1156 4072 1250 4158 (mor.
1269 4075 1334 4157 27).

434 4252 594 4326 VERBA
621 4252 812 4326 lVNONlS
840 4252 939 4325 CVM
965 4250 1164 4325 ANTEVM
1191 4250 1401 4324 VIDERET
1427 4249 1594 4323 PAREM
1620 4248 1813 4322 VlRlBVS

864 4389 1102 4463 HERCVLIS
1130 4389 1387 4464 EXTITISSE.

410 4520 571 4613 Tandem
596 4548 771 4634 aliquando
796 4549 851 4634 qui
874 4548 995 4613 iudicio
1021 4555 1132 4613 nostro
1155 4549 1373 4636 responderet
1402 4549 1555 4613 inventus
1579 4554 1647 4628 est,
1678 4548 1732 4632 qui
1755 4545 1797 4613 de
1819 4545 1979 4611 inimico!

296 4659 417 4733 nostro,
442 4659 475 4716 et
490 4652 566 4715 dum
584 4652 733 4732 vincitur,
757 4651 950 4718 triumfaret.
988 4652 1176 4717 Herculeae
1194 4655 1290 4734 vires,
1315 4653 1377 4716 nisi
1393 4653 1551 4733 eliserint,
1576 4672 1641 4716 non
1663 4650 1829 4716 iacebunt:
1854 4670 1952 4737 quem

400 4858 581 4927 [CDXXXIV]
624 4862 637 4912 1
661 4862 793 4913 Ennodius
816 4862 941 4914 Messalae
958 4861 973 4912 b
1115 4859 1132 4911 2
1155 4861 1299 4914 absentiam
1318 4860 1396 4913 Sim.
1535 4859 1553 4912 8
1574 4859 1708 4927 paginolas
1725 4858 1762 4923 B,
1787 4855 1919 4926 paginati!
1933 4857 1959 4908 V

296 4944 328 5013 si]
347 4949 384 4998 sic
396 4946 422 4998 B
473 4949 603 5015 apenditiis
616 4949 641 4998 Β
731 4947 749 4999 4
765 4949 893 5015 colloquia
905 4948 929 4999 V
1016 4947 1032 4998 ir
1051 4950 1263 5016 praesumebatur
1276 4947 1372 5011 Schott,
1391 4949 1627 5014 praesumebatur
1639 4946 1672 5009 Β,
1691 4952 1867 5013 praesumatur
1879 4944 1955 4995 ceteri

296 5034 313 5085 6
330 5036 425 5086 dabant
443 5033 481 5085 Τ2
492 5045 515 5086 et
528 5035 616 5097 Sir-m,
633 5036 732 5087 dabunt
747 5033 891 5100 numu,
909 5037 1006 5088 debunt
1019 5036 1044 5086 B
1148 5034 1166 5086 8
1183 5037 1299 5087 sentibus
1311 5035 1337 5086 B
1403 5043 1429 5085 ct
1440 5051 1471 5086 aar
1482 5052 1501 5085 u
1512 5035 1552 5086 ecl
1563 5051 1579 5085 a
1590 5051 1657 5086 corr.
1670 5031 1695 5081 B
1798 5028 1815 5082 9
1832 5032 1887 5098 ipse
1899 5029 1955 5092 ΒΟ,

296 5122 353 5187 ipsa
364 5122 439 5172 ceteri
561 5119 595 5171 10
613 5138 669 5172 esse
685 5122 724 5173 tui
739 5120 796 5172 OPb
921 5120 952 5173 ll
971 5122 1042 5174 debis
1060 5122 1131 5173 nossi
1143 5121 1169 5171 Β
1254 5137 1310 5172 esee
1327 5138 1376 5172 om.
1390 5119 1415 5170 Β
1536 5117 1569 5170 12
1587 5116 1634 5185 mi]
1652 5118 1715 5170 mibi
1726 5117 1752 5170 B
1758 5116 1804 5169 Vt
1886 5116 1955 5169 salu·

297 5208 399 5259 tationis
412 5207 456 5257 Β(Ι
526 5209 597 5260 dium
610 5208 635 5257 Β

401 5310 567 5377 [CDXXXV]
600 5310 632 5362 14
650 5312 782 5364 Ennodins
799 5311 965 5364 Panfroniob
1060 5309 1093 5364 15
1110 5312 1221 5365 crederis
1232 5311 1258 5362 B
1311 5307 1347 5376 at]
1366 5311 1398 5360 ad
1410 5309 1435 5360 B
1524 5307 1556 5360 16
1574 5318 1696 5375 auosque
1707 5307 1741 5372 B,
1758 5314 1868 5374 umque
1880 5306 1956 5359 reteri

296 5395 330 5446 21
349 5398 451 5465 plenius
464 5437 555 5449 ......
569 5399 683 5449 studium
701 5416 749 5448 om.
761 5396 787 5447 Β
902 5394 936 5448 ΒΖ
954 5397 1069 5449 insinuat
1085 5414 1147 5465 ergo
1161 5396 1186 5447 B
1305 5395 1340 5447 23
1357 5395 1452 5447 scribta
1463 5394 1489 5444 Β
1600 5392 1635 5445 24
1652 5395 1727 5446 nobis
1738 5393 1772 5457 Β,
1789 5394 1865 5445 nobie
1881 5392 1956 5445 oderi

296 5484 393 5535 tribuat
410 5485 516 5535 ooninro
528 5482 656 5548 BVW,
674 5485 821 5536 coirtribuat
833 5485 890 5535 iuro
902 5483 952 5547 1⁷⁰,
970 5482 1118 5534 contribuat
1130 5484 1237 5535 corriuro
1248 5481 1348 5533 11¹o'1’o
1410 5478 1479 5544 mox}
1494 5498 1540 5531 uos
1553 5479 1631 5531 uim.
1728 5478 1764 5531 25
1781 5482 1921 5532 instruatu
1931 5478 1957 5530 Β

402 5584 577 5653 [CDXXXVl]
610 5584 643 5637 27
661 5587 784 5638 antheum
799 5585 824 5634 V
881 5602 969 5653 parom
985 5583 1096 5651 viribus]
1120 5586 1258 5651 perenibus
1271 5584 1296 5634 Β
1396 5583 1431 5634 28
1448 5584 1569 5635 extetisse
1581 5582 1606 5633 Β
1701 5580 1737 5634 30
1753 5584 1924 5651 triumpharet
1935 5581 1961 5632 V

1696 5675 1749 5729 33·
