4500 6232
978 313 1070 368 xxiv
1088 312 1211 383 (urnac.
1231 315 1255 381 1,
1274 315 1327 384 19),
1347 314 1424 369 xxv
1443 313 1566 385 (nrrsr.
1585 315 1609 382 1,
1627 311 1682 382 ao).

1131 607 1252 675 XXIV
1276 608 1386 689 (nr‘rsr.
1413 613 1439 690 1,
1468 607 1530 694 lb).

1075 802 1313 878 ENNODIVS
1340 804 1591 878 DEVTERIO.

478 969 491 1027 ¹
618 947 738 1060 Quam
763 980 861 1044 velim
884 1000 984 1065 saepe
1008 978 1150 1043 efficium
1174 979 1371 1044 visitationis
1400 980 1566 1060 omittere,
1597 981 1624 1044 si
1648 980 1777 1046 dulcem
1806 980 1921 1045 tribuit
1950 979 2047 1065 culpa
2074 998 2161 1043 nier-

507 1082 639 1164 ccdcm,
671 1090 705 1147 et
734 1082 885 1146 caelestis
919 1081 1063 1146 mandati
1094 1083 1291 1146 sententiam
1320 1083 1428 1146 sciens
1461 1083 1668 1168 prudensque
1700 1084 1895 1168 neglegere,
1928 1083 1957 1147 si
1987 1080 2160 1147 desideriis

507 1191 635 1276 copiam
658 1187 851 1253 vindicanda
874 1189 1066 1253 conciliant!
1113 1188 1192 1253 mihi
1220 1189 1276 1252 uni
1308 1188 1445 1273 contigit
1474 1186 1514 1252 dc
1545 1187 1736 1251 offensionis
1759 1186 1875 1250 merito
1899 1184 2050 1251 evenisse
2073 1183 2161 1270 qued

477 1291 678 1378 fgaudeam.
725 1292 822 1357 didici
854 1313 939 1356 nunc
969 1292 1026 1355 tali
1055 1293 1318 1357 remuneratione
1349 1298 1458 1356 errata
1488 1291 1615 1355 sectari.
1660 1312 1725 1355 non
1756 1297 1832 1355 sunt
1859 1290 2013 1371 adversa,
2047 1288 2162 1353 doctor

508 1399 647 1483 optime,
675 1397 891 1460 amicitiarum
921 1395 1073 1479 religioni
1101 1416 1184 1480 quae
1214 1394 1345 1482 profero
1376 1402 1510 1460 coactus
1539 1394 1571 1458 in
1602 1393 1760 1475 medium,
1791 1393 1890 1457 immo
1920 1398 2055 1480 propter
2083 1412 2162 1456 con·

507 1501 684 1567 fossionem
700 1499 799 1584 digna
815 1499 996 1585 proposito.
1033 1497 1223 1563 valitudinis
1240 1506 1315 1564 tuac
1338 1498 1438 1563 dubia
1461 1518 1637 1583 numquam
1653 1497 1743 1563 velut
1765 1498 1911 1582 ingratus
1935 1497 2061 1582 optavi;
2085 1495 2163 1580 quin

394 1642 398 1650 ·
508 1606 618 1685 etiam,
641 1603 847 1689 quantumin
863 1624 915 1667 me
930 1603 1001 1683 fuit,
1025 1609 1138 1666 contra
1154 1603 1343 1687 ingruentes
1361 1601 1419 1666 tibi
1443 1601 1694 1685 inaequalitates
1717 1620 1851 1686 precum
1874 1621 1990 1664 manus
2013 1599 2163 1686 opposui.

479 1710 569 1774 3sed
593 1729 670 1773 ecee
694 1728 790 1792 quam
814 1706 926 1769 alacer
949 1726 1066 1769 sensus
1090 1712 1151 1771 est.
1175 1726 1240 1768 non
1264 1705 1297 1768 in
1320 1724 1478 1790 prospera
1501 1703 1721 1769 membrorum
1745 1704 1851 1766 salute
1869 1702 2003 1767 fundata
2019 1700 2164 1767 ostendit

507 1812 641 1898 pagina,
672 1811 705 1874 in
734 1831 799 1895 qua
826 1817 962 1893 utraque
991 1808 1064 1872 lucc
1094 1808 1226 1874 fulsisti.
1271 1815 1342 1886 tua,
1373 1828 1512 1892 quaeso,
1544 1807 1667 1870 lumina
1694 1807 1780 1870 nube
1809 1805 1931 1870 doloris
1954 1805 2161 1882 hebetantur,

509 1916 600 1979 cuius
631 1921 696 1978 tam
726 1914 813 1976 clara
845 1917 920 1975 sunt
949 1911 1114 1975 earmina?
1160 1917 1193 1974 et
1220 1910 1275 1996 qui
1303 1911 1410 1973 lucem
1438 1910 1598 1993 loqueris,
1630 1908 1670 1972 de
1699 1908 1824 1973 visione
1857 1909 2019 1972 causaris?
2064 1927 2163 1991 quam

508 2019 626 2097 timeo,
650 2039 691 2082 ne
714 2037 832 2101 pareus
858 2016 891 2078 in
914 2015 1038 2079 maritis
1063 2014 1126 2078 tuis
1149 2013 1299 2077 laudator
1321 2011 1477 2075 inveniar.
1523 2011 1582 2076 tibi
1606 2019 1694 2076 reete
1718 2010 1913 2075 adscribitur
1935 2011 2062 2075 eunctis
2085 2010 2163 2074 dare

509 2123 621 2186 ocules
645 2127 679 2186 et
702 2120 842 2185 obseura
866 2119 1023 2183 mentium
1047 2116 1222 2203 peregrino
1248 2113 1421 2200 splendore
1446 2113 1583 2182 radiare.
1629 2136 1708 2199 ergo
1731 2119 1827 2199 putas
1850 2114 1910 2178 tibi
1932 2112 2075 2177 validum
2097 2134 2164 2177 non

477 2227 584 2290 lesse
616 2223 702 2309 quod
734 2223 870 2286 tribuis?
921 2222 1023 2307 pello,
1058 2241 1196 2304 quaeso,
1236 2218 1343 2283 animo
1375 2238 1470 2281 curas
1501 2219 1664 2304 superflua
1694 2218 1828 2281 forsitan
1859 2216 2077 2281 sollicitudine
2107 2224 2165 2280 aut

509 2327 659 2393 cautione
695 2331 880 2412 conceptas.
931 2323 1023 2388 dabit
1060 2322 1157 2403 deus,
1193 2329 1227 2385 ut
1259 2319 1413 2407 quidquid
1448 2322 1626 2406 corporalis
1662 2321 1805 2385 adcessit
1840 2318 2052 2399 incommodi,
2091 2318 2163 2383 vice

509 2431 637 2496 animae
662 2436 739 2494 tuae
762 2450 822 2514 per
846 2427 961 2492 sudum
986 2427 1150 2491 rutilantis
1174 2427 1279 2490 nitore
1302 2423 1486 2488 mundetur.

1148 2716 1248 2783 XXV
1272 2717 1381 2803 (amar.
1409 2720 1436 2798 l,
1460 2715 1527 2801 20).

1106 2910 1344 2984 ENNODIVS
1371 2910 1571 2985 FAVSTO.

485 3077 497 3136 ¹
634 3061 727 3154 Vere
751 3090 872 3174 gratias
896 3089 1042 3167 trinitati,
1072 3110 1168 3173 quam
1191 3110 1387 3154 veneramur
1415 3097 1449 3153 et
1477 3089 1623 3172 colimus,
1654 3088 1715 3154 deo
1738 3095 1861 3169 nostro,
1892 3110 1976 3174 quae
2005 3087 2065 3153 sub
2088 3108 2165 3174 per-

511 3214 664 3259 sonarum
688 3193 898 3258 distinctione
929 3199 963 3257 et
992 3194 1192 3278 aequalitate
1220 3195 1360 3259 mirabili
1391 3215 1488 3258 unam
1518 3216 1577 3259 nos
1607 3195 1659 3281 pie
1690 3195 1785 3258 iussit
1813 3193 1934 3259 sentire
1965 3199 2000 3257 et
2028 3191 2165 3256 adorare

512 3296 739 3376 substantiam,
763 3317 847 3382 quae
870 3297 1037 3383 planctum
1059 3305 1206 3361 nostrum
1230 3297 1327 3362 vertit
1349 3297 1381 3360 in
1405 3297 1571 3382 gaudium,
1601 3320 1683 3383 quae
1708 3297 1855 3362 dolorum
1879 3297 2015 3362 comites
2029 3294 2079 3359 ad
2102 3293 2163 3358 eb·

356 3413 504 3468 mamaea.
515 3400 664 3485 sequium
686 3400 832 3465 laetitiae
856 3400 1006 3464 lacrimas
1030 3401 1240 3480 conmutavit,
1271 3408 1306 3465 ut
1333 3423 1410 3466 vere
1441 3402 1667 3488 cum'profeta
1690 3402 1810 3467 dicam:
1846 3401 1929 3486 ‘quis
1952 3399 2044 3464 dabit
2066 3398 2167 3486 capiti

510 3523 584 3568 mae
608 3524 727 3588 aquam
751 3510 783 3568 et
807 3504 909 3568 oculis
934 3504 1016 3568 meis
1044 3502 1168 3568 fontem
1195 3503 1366 3568 fletuum‘3'
1397 3512 1433 3568 nt
1461 3505 1695 3570 beneficiorum
1726 3505 1916 3570 caelestium
1948 3501 2167 3588 magnitudini

512 3606 572 3671 sub
596 3606 657 3671 hac
680 3605 854 3671 devotione
880 3606 1114 3692 respondeam:
1139 3607 1191 3670 cui
1215 3608 1352 3693 contigit
1368 3614 1445 3672 ante
1461 3609 1611 3694 accipere
1629 3609 1786 3673 caelestia
1803 3607 1889 3672 dona
1904 3627 2001 3692 quam
2016 3627 2167 3692 poscere,

483 3711 549 3775 iet
570 3711 661 3796 prius
684 3709 761 3795 quid
784 3710 861 3775 boni
885 3710 1052 3774 evenisset
1075 3710 1186 3793 legere
1210 3732 1305 3795 quam
1329 3711 1405 3797 quid
1430 3712 1506 3775 mali
1529 3713 1731 3777 minarentur
1752 3719 1889 3797 peccata
1912 3711 2044 3776 sentire.
2073 3717 2166 3775 tuum

513 3821 574 3894 est,
598 3812 806 3900 dispensator
828 3813 1045 3898 omnipotens,
1069 3812 1155 3898 qued
1179 3813 1220 3878 de
1244 3814 1369 3879 serenis
1393 3813 1584 3900 pignoribus
1615 3821 1648 3880 ct
1677 3815 1807 3880 futurae
1837 3815 2045 3880 innocentiae
2069 3814 2166 3879 here-

514 3915 624 3982 didate
647 3917 679 3980 in
704 3917 770 3993 illa,
794 3937 878 4001 quae
901 3916 1083 4004 praecessit
1105 3916 1283 3994 anxietate,
1307 3937 1372 3980 non
1396 3916 1505 3980 timui:
1530 3920 1585 4003 qui
1608 3918 1763 3983 reductae
1787 3919 1886 3984 etiam
1910 3925 2031 3983 statum
2047 3918 2167 3982 valitu-

514 4017 599 4082 dinis
623 4019 716 4103 quasi
748 4019 950 4105 stupefactus
980 4022 1093 4107 accepi
1126 4029 1160 4086 ot
1189 4023 1221 4086 in
1250 4022 1451 4087 confusionis
1483 4025 1695 4091 similitudine
1724 4027 1924 4105 conlocatus,
1955 4046 2038 4110 quae
2068 4046 2169 4111 supra

513 4121 665 4184 moritum
689 4142 796 4185 meum
821 4123 950 4186 conlata
974 4131 1048 4188 sunt
1077 4146 1234 4211 prospera
1264 4126 1415 4191 evenisse
1439 4127 1494 4190 vix
1518 4126 1652 4192 credidi.
1688 4150 1765 4193 vere
1789 4150 1952 4216 supernae
1975 4148 2167 4194 remunera·

513 4223 612 4287 tionis
635 4222 766 4288 divitias
789 4223 931 4289 humana
951 4247 1043 4290 mens
1067 4230 1171 4292 nescit
1187 4229 1385 4314 expandere.
1423 4229 1470 4294 sic
1487 4231 1596 4295 animo
1613 4232 1746 4316 fragiles
1763 4239 1996 4319 temperantur,
2019 4239 2055 4297 ut
2077 4232 2167 4318 prius

482 4326 688 4391 dotationem
712 4326 844 4392 videant
867 4349 964 4413 quam
987 4331 1208 4415 periculorum
1232 4332 1358 4397 incerta
1379 4332 1637 4420 deprehendant.
1675 4335 1756 4400 deus
1773 4335 1869 4416 bone,
1893 4337 1926 4400 in
1945 4357 2008 4421 quo
2025 4336 2165 4422 abrupto

513 4430 729 4517 pependimus
759 4437 836 4495 tnnc
871 4453 962 4512 cum,
991 4435 1156 4520 potentiae
1187 4435 1339 4500 caelestis
1371 4444 1406 4500 ut
1434 4438 1567 4522 plenum
1603 4444 1691 4503 esset
1721 4439 1929 4524 parvulorum
1963 4440 1996 4502 in
2030 4438 2167 4505 reducta

515 4534 620 4598 salute
644 4534 875 4612 testimonium,
899 4537 973 4621 plus
997 4544 1048 4601 est
1070 4528 1217 4603 nostrum
1239 4539 1437 4605 labefactata
1459 4562 1518 4626 per
1541 4542 1715 4606 meritum?
1746 4542 1818 4606 dico
1842 4543 1970 4627 integre
1994 4548 2027 4607 et
2049 4563 2166 4607 vocem

514 4658 610 4722 quam
634 4636 802 4722 proposito
833 4636 937 4703 debeo
967 4640 1057 4704 nulla
1086 4641 1249 4706 mendacii
1276 4643 1363 4708 nube
1394 4635 1563 4722 concludo,
1594 4644 1748 4709 confundi
1776 4645 1877 4710 verba
1907 4645 2107 4729 singultibus
2131 4653 2166 4712 et

515 4739 575 4805 sub
599 4738 703 4804 solida
726 4740 944 4823 gratulatione
972 4742 1178 4809 uberioribus
1212 4747 1242 4810 in
1273 4746 1384 4810 fletum
1418 4747 1521 4812 oculis
1553 4768 1652 4830 saepe
1684 4770 1736 4814 mc
1767 4749 1931 4835 respicere
1954 4748 2040 4834 quod
2065 4750 2167 4814 crasi.

513 4933 925 4942 —.—-———-—..-——-.

618 5066 723 5134 [xxm]
761 5069 774 5118 l
793 5071 916 5121 Deuterio
934 5072 1066 5122 Ermodius
1079 5071 1174 5123 Harrei
1293 5070 1311 5122 ‘2
1329 5074 1417 5123 uellim
1429 5073 1454 5122 B
1579 5073 1775 5127 amonicali
1856 5073 1980 5144 prudeus]
1996 5094 2044 5143 pru
2057 5077 2085 5127 in
2096 5077 2169 5129 litB

512 5154 530 5207 i)
548 5156 718 5208 remoratione
734 5154 758 5204 V
873 5152 888 5204 7
907 5153 995 5222 digna]
1018 5158 1096 5223 digrm
1113 5158 1191 5224 digna
1207 5158 1245 5220 B,
1268 5159 1372 5224 dignam
1389 5160 1463 5210 ceteri
1584 5160 1601 5211 9
1619 5179 1739 5229 prospero
1755 5162 1780 5211 B
1857 5166 1915 5212 me·
1924 5163 2029 5213 brorum
2040 5162 2066 5212 B
2087 5166 2169 5225 (men-

513 5244 617 5293 brorum
629 5241 690 5304 131)
797 5240 831 5293 10
848 5243 995 5293 habitantur
1007 5242 1032 5291 Β
1143 5244 1173 5293 ll
1193 5244 1311 5310 loquares
1322 5244 1368 5294 B!
1481 5244 1513 5296 14
1532 5248 1628 5299 tribues
1640 5248 1666 5298 B
1741 5250 1871 5316 superflua
1882 5248 1915 5311 B,
1932 5251 2076 5316 superfluas
2093 5250 2170 5302 ceteri

513 5329 660 5381 sollitudine
676 5328 701 5378 Β
708 5326 718 5364 ¹
835 5327 869 5379 15
886 5337 1026 5396 mineeptus
1040 5329 1066 5379 B
1144 5330 1221 5382 dubet
1232 5330 1273 5381 B¹
1350 5332 1472 5397 quiequid
1489 5332 1514 5381 V
1586 5335 1694 5385 accessit
1712 5334 1736 5384 V
1808 5335 1954 5385 inconmodi
1965 5333 2043 5385 BVL

618 5427 710 5497 [XXV]
749 5429 781 5481 li
799 5433 894 5484 Fausto
907 5433 1040 5484 Ennomus
1049 5433 1145 5486 Horret
1198 5432 1231 5484 18
1248 5431 1325 5501 quaa]
1342 5451 1419 5501 quam
1429 5433 1473 5484 Β)
1565 5419 1602 5507 ΙΒῙ
1621 5439 1744 5504 propheta
1759 5438 1784 5487 V
1831 5437 1959 5490 auitae
2061 5435 2097 5489 28
2108 5456 2169 5490 ecn-

513 5517 565 5568 lota
580 5515 613 5576 B,
630 5517 762 5569 terricula
779 5517 836 5580 Vn,
853 5519 946 5570 collata
965 5517 1021 5583 T²,
1040 5519 1164 5571 collocata
1181 5521 1227 5571 rel.
1361 5517 1396 5571 31
1414 5522 1542 5587 potentine
1554 5521 1592 5586 B,
1612 5525 1725 5590 minutia
1741 5527 1817 5588 reteri
1945 5521 1981 5587 32
2000 5524 2171 5589 labefacttB

513 5599 549 5655 ³3
565 5603 689 5655 confundi
697 5603 731 5667 B,
748 5605 878 5657 confunde
896 5606 971 5658 cruri
1040 5602 1077 5674 et]
1096 5607 1151 5661 utb
1255 5604 1290 5658 34
1307 5607 1356 5659 sub
1373 5623 1430 5682 nep.
1448 5607 1494 5660 iia.
1510 5605 1545 5655 Vl
