4500 6232
593 266 668 322 exn
686 267 806 337 (crau.
825 272 850 333 a,
871 272 921 337 n),
940 271 1027 324 cxur
1046 271 1169 338 (arrsr.
1187 273 1213 334 a,
1230 272 1284 339 31),
1303 273 1389 326 oxrv
1408 272 1530 342 (mrsu.
1548 274 1574 338 a,
1591 274 1646 339 aa).
1886 277 1945 339 127

941 560 1043 628 cxll
1067 563 1173 648 (canu.
1190 567 1220 644 2,
1241 566 1304 648 17).

579 755 763 829 VERSVS
791 756 945 829 SVPER
974 757 1160 829 REGlAM
1187 758 1414 831 TRICLlNll
1440 759 1489 832 IN
1516 759 1663 832 DOMO.

661 923 781 988 Navita
805 946 863 1010 per
886 930 997 1009 postes
1022 923 1193 1009 suspendit
1216 946 1352 989 munera
1374 927 1474 1012 ponti,

710 1026 895 1091 inferibus
919 1027 1057 1112 propriis
1082 1028 1214 1092 flumine
1238 1035 1333 1113 parta
1355 1051 1482 1113 gerens.

661 1132 809 1197 Venator
831 1133 935 1218 portis
959 1131 1093 1217 adponit
1116 1133 1240 1197 missile
1264 1132 1396 1214 ferrum,

707 1235 915 1300 Vestibulum
940 1237 1036 1321 galea
1059 1237 1195 1300 comitur
1217 1237 1380 1321 armigeri.

591 1355 602 1387 ⁵
662 1339 807 1404 Discitur
830 1339 862 1403 in
886 1340 989 1403 valvis
1013 1360 1067 1404 ars
1091 1340 1193 1403 virtus
1217 1360 1335 1403 nomen
1359 1341 1461 1425 origo.

707 1442 777 1507 Nos
800 1443 915 1506 frontis
941 1443 1034 1528 signo
1060 1443 1223 1507 credimur
1245 1465 1317 1508 csse
1340 1442 1403 1507 dci.

661 1546 715 1611 Sic
739 1552 886 1610 nostrum
909 1545 1016 1632 pando
1041 1546 1193 1627 studium,
1217 1545 1285 1610 dux
1307 1547 1418 1611 littora
1441 1549 1531 1626 recti,

707 1651 752 1715 Vt
775 1650 890 1714 domus
914 1652 1081 1734 ingenium
1104 1673 1169 1715 non
1193 1658 1302 1716 taceat
1325 1651 1457 1717 domini.

661 1756 723 1829 Qui
747 1761 858 1840 gestas
882 1754 1014 1819 Latium
1038 1755 1175 1820 satiatus
1197 1763 1329 1842 pectora
1351 1778 1468 1835 rorem,

580 1874 604 1910 1⁰
709 1859 829 1943 Aspice
854 1865 1025 1945 serpentes
1048 1859 1101 1922 hic
1124 1859 1295 1924 Heliconis
1318 1880 1429 1944 aquas.

932 2163 1056 2233 cxlll
1072 2165 1182 2252 (cerer.
1200 2169 1229 2247 3,
1247 2167 1313 2251 31).

893 2359 1130 2435 ENNODIVS
1157 2360 1348 2436 AVIENO.

405 2501 576 2613 Quamvis
612 2538 825 2623 epistularum
859 2539 1000 2625 qualitas
1034 2561 1093 2624 pro
1130 2539 1269 2624 ingeniis
1304 2547 1505 2624 conponatur
1536 2547 1569 2605 et
1603 2561 1702 2625 saepe
1738 2541 1975 2611 sollemnitati!

295 2636 430 2716 militet,
469 2659 711 2725 nonnumquam
746 2642 930 2707 affectionis
965 2649 1105 2708 testetur
1138 2642 1275 2722 indicia,
1315 2663 1395 2727 quas
1428 2642 1604 2724 aliquando
1637 2642 1739 2707 dictat
1770 2643 1950 2724 sinceritas,

295 2740 486 2827 plerumque
502 2742 569 2807 fuci
585 2743 701 2808 similis
717 2746 935 2827 concinnatio,
959 2767 1043 2831 quae
1066 2746 1242 2811 candorem
1265 2746 1443 2830 imaginata
1465 2744 1654 2831 diligentiae
1677 2745 1863 2812 urbanitate
1886 2767 1950 2830 qua

229 2869 241 2903 s
295 2843 416 2927 tegitur
439 2845 624 2927 innotescit,
647 2847 726 2912 dum
748 2848 918 2913 fabricatis
941 2849 1063 2913 nudata
1086 2849 1283 2934 tegminibus
1306 2849 1392 2914 intra
1408 2849 1557 2914 velamen
1574 2848 1735 2934 aperitur:
1760 2869 1822 2933 ego
1838 2855 1981 2918 tament

295 2946 328 3010 in
350 2948 479 3032 paginis
502 2951 673 3036 speculum
696 2959 774 3037 puto
799 2973 874 3017 esse
905 2952 1145 3031 conscientiae,
1178 2973 1237 3037 per
1268 2971 1350 3037 quas
1378 2951 1553 3015 amicitiam
1582 2950 1771 3015 discernere
1802 2951 1952 3015 absentia

295 3051 350 3114 vix
380 3054 572 3137 praesumit:
602 3055 724 3118 clarum
756 3062 807 3119 est
835 3062 961 3134 tamen,
993 3053 1069 3140 quid
1097 3054 1129 3117 in
1160 3054 1222 3117 illis
1255 3054 1410 3140 simplex,
1441 3053 1517 3139 quid
1540 3054 1661 3118 artifex
1684 3075 1791 3118 sermo
1814 3053 1949 3119 deferat.

296 3153 414 3218 scindit
436 3157 541 3221 nubes
565 3157 685 3242 eloquii
709 3178 801 3223 mens
825 3157 1012 3223 dictationis
1036 3157 1217 3243 interpres,
1247 3156 1310 3220 cito
1334 3156 1375 3221 ad
1404 3156 1606 3222 intellectum
1635 3157 1785 3243 pervenit
1814 3156 1951 3221 falcibus

297 3257 361 3320 suis
385 3257 557 3324 verborum
582 3260 665 3325 calle
694 3268 853 3327 reserato.
900 3283 977 3347 ergo
1008 3260 1059 3324 his
1089 3261 1184 3325 valde
1214 3259 1362 3325 delector
1392 3260 1526 3339 officiis,
1558 3261 1674 3345 quibus
1704 3258 1857 3346 panditur
1883 3259 1949 3322 sin-

298 3361 416 3425 ceritas
449 3384 510 3428 nec
543 3364 674 3428 occasio
709 3387 744 3430 so
777 3365 941 3430 interserit
974 3385 1088 3429 secura
1121 3362 1264 3427 fallendi.
1318 3363 1447 3448 gaudeo
1491 3371 1600 3428 tamon
1635 3363 1713 3427 mihi
1747 3362 1799 3426 vel
1834 3371 1980 3433 causas3

297 3461 460 3528 scribendi
492 3467 544 3530 vel
576 3467 758 3552 perlatores
792 3468 958 3548 accidere,
993 3475 1030 3531 ut
1063 3467 1123 3531 snb
1156 3468 1217 3532 lrac
1252 3467 1437 3552 frequentia
1469 3489 1543 3532 meo
1575 3472 1651 3531 voto
1685 3465 1884 3531 satisfaciam
1917 3470 1950 3531 et

296 3565 453 3652 pudorem
478 3575 621 3633 vcstmm
646 3591 796 3652 onerem,
827 3572 888 3636 nisi
912 3593 931 3635 a
954 3572 1047 3635 vobis
1072 3576 1225 3656 suscepta
1249 3570 1437 3635 redduntur.
1483 3570 1588 3649 salve,
1620 3570 1663 3634 mi
1687 3567 1831 3649 domine,
1863 3576 1897 3635 et
1919 3570 1951 3633 in

296 3673 492 3737 sententiam
514 3695 621 3739 meam
645 3674 764 3740 affectu
786 3674 969 3760 imperante
992 3675 1148 3741 concede.
1192 3675 1275 3739 vale.

936 3981 1047 4049 cxlv
1071 3984 1181 4068 (rrrsr.
1199 3987 1229 4062 3,
1248 3985 1313 4068 32).

886 4177 1122 4253 ENNODlVS
1148 4176 1362 4251 PASSlVO.

420 4325 465 4421 Si
497 4356 538 4420 ad
573 4357 789 4441 eloquendam
824 4356 990 4421 sufficeret
1023 4375 1129 4418 sermo
1163 4353 1351 4427 caritatem,
1387 4351 1413 4414 si
1452 4357 1554 4414 totum
1589 4351 1725 4415 infantia
1758 4352 1953 4438 explanaret
1968 4365 1981 4424 1

299 4461 462 4541 affectum,
486 4461 536 4524 cui
560 4460 665 4545 magis
688 4481 785 4545 quam
808 4460 903 4525 vobis
927 4461 1117 4545 paginarum
1142 4457 1359 4542 frequentiam
1382 4461 1647 4540 praestaremus?
1691 4462 1724 4519 et
1747 4455 1808 4518 nisi
1832 4461 1956 4519 artaret

299 4565 449 4630 meritum
472 4563 626 4652 pectoris,
650 4565 731 4628 nulli
754 4564 884 4650 dignius
909 4563 1068 4627 sermonis
1090 4562 1246 4626 militaret
1268 4559 1420 4623 officium.
1458 4557 1514 4622 alii
1537 4558 1700 4637 affectum,
1724 4578 1820 4643 quem
1844 4565 1954 4622 mente

300 4668 464 4735 nesciunt,
504 4687 560 4730 ore
598 4672 763 4731 testantur
795 4673 829 4731 et
862 4667 1001 4752 pingunt
1040 4663 1253 4731 inlecebrosis
1288 4663 1501 4746 epistularum
1535 4669 1700 4726 momenta
1739 4662 1953 4740 commerciis,

404 4925 494 4995 [exn]
524 4944 603 4994 super
618 4928 714 4995 regiam
727 4927 830 4979 triclinii
843 4944 935 4979 uorsus
947 4928 973 4976 in
986 4925 1095 4976 domoB
1186 4942 1208 4974 v.
1223 4922 1240 4973 ‘2
1258 4923 1360 4973 flamine
1374 4919 1448 4970 VLT
1534 4939 1558 4971 v.
1571 4919 1588 4972 3
1605 4923 1714 4988 adponet
1726 4918 1759 4982 B,
1776 4928 1886 4987 apponet
1902 4917 1955 4981 Vn,

300 5013 457 5081 apportatT,
476 5021 593 5081 apportat
606 5012 664 5065 (IPb
779 5030 805 5064 v.
822 5011 839 5061 a
857 5013 984 5064 credimus
998 5010 1056 5062 uPt
1169 5027 1194 5060 v.
1214 5006 1228 5058 7
1247 5010 1284 5059 sic
1300 5025 1346 5059 nos
1364 5006 1525 5072 triumphans
1543 5008 1656 5058 studium
1669 5005 1694 5056 B
1810 5023 1835 5055 v.
1853 5001 1888 5055 10
1904 5020 1954 5056 aar·

301 5101 383 5167 pontis
400 5098 518 5151 VLTOP
584 5099 690 5151 olicouis
708 5099 806 5150 codices

405 5198 506 5268 [CXIII]
550 5199 567 5252 2
593 5201 775 5268 sollempnitati
794 5200 819 5250 V
961 5200 978 5251 5
1005 5201 1142 5251 fabricatas
1164 5197 1208 5248 B‘*
1358 5191 1373 5242 l
1391 5202 1521 5261 presumat
1542 5194 1567 5245 B
1723 5193 1756 5245 10
1782 5193 1885 5244 fallendi
1907 5192 1956 5258 Bb,

301 5288 354 5340 felli
370 5286 470 5350 Vtro,
487 5287 541 5338 falli
554 5286 579 5337 P
654 5303 731 5338 caum
742 5286 768 5336 B
881 5286 910 5337 ll
932 5297 992 5339 uoto
1010 5287 1163 5338 satisfaciam
1176 5283 1274 5346 Bm,
1292 5283 1360 5333 uotis
1379 5282 1468 5332 faciam
1482 5280 1526 5331 VL
1533 5280 1619 5334 ΤῙΟΡ
1737 5278 1770 5330 12
1787 5287 1898 5332 uestram
1914 5279 1955 5330 V⁶

300 5391 402 5427 onorem
420 5371 513 5437 T²OP,
530 5374 650 5425 horrerem
665 5371 761 5438 Vtut,
779 5374 900 5425 honorem
912 5373 937 5423 B
1006 5374 1144 5424 reddantur
1158 5370 1216 5423 CPh
1286 5369 1321 5418 mi
1339 5385 1387 5418 om.
1405 5366 1534 5419 VLTOPb
1641 5364 1673 5416 13
1691 5367 1749 5418 uale
1766 5383 1815 5418 om.
1828 5365 1854 5417 B

404 5474 505 5543 [CXIV]
537 5475 569 5528 15
586 5474 764 5543 eloquendam]
782 5478 940 5547 coquendam
958 5475 1011 5538 VL,
1028 5475 1202 5542 exequendam
1217 5472 1262 5524 GP
1357 5469 1387 5521 ll
1401 5471 1520 5522 militarat
1537 5471 1661 5522 sermonis
1673 5469 1752 5521 Sim.
1847 5469 1878 5523 18
1889 5489 1956 5524 arm·

300 5562 395 5625 march
411 5562 561 5622 murmontis
578 5562 675 5618 wuido
1040 5578 1044 5586 ‘
