4500 6232
729 294 776 347 xa
794 293 916 363 (aaran
936 293 961 356 a,
981 293 1015 359 u,
1036 292 1096 344 xm
1116 292 1239 357 (amau
1258 293 1282 359 a,
1300 296 1337 359 s).
1824 296 1865 359 39

209 468 293 553 quod
316 490 379 533 non
412 468 451 533 de
483 469 655 532 verborum
684 467 829 552 pondere
857 467 908 531 vel
938 488 1056 553 pompa
1091 468 1251 551 capiatur,
1286 468 1338 550 qui
1369 466 1409 529 de
1439 467 1584 530 absentis
1613 469 1783 553 propinqui
1814 474 1865 532 est

209 572 313 636 saluto
338 572 510 647 sollicitus,
545 593 605 635 nec
629 573 781 636 aestimat
804 574 893 636 nasei
916 593 1012 656 posse
1037 572 1195 635 offensam
1219 570 1259 634 do
1289 573 1403 654 gratia,
1434 571 1494 635 hoc
1524 570 1565 635 ad
1595 571 1751 635 laetitiam
1783 573 1862 636 satis

209 697 283 741 esse
308 676 481 751 coniciens,
505 677 530 738 si
554 683 698 760 optatam
722 677 849 740 nuntiet
873 677 1013 761 epistula
1039 677 1238 760 sospitatem.
1284 675 1341 739 sed
1366 695 1433 752 vos,
1458 695 1538 758 quos
1563 674 1645 739 libra
1668 675 1807 759 peritiae
1831 676 1896 739 in3

209 778 330 864 eloquii
363 779 457 842 lance
491 781 657 863 pensavit,
693 780 808 869 quibus
843 780 977 843 ubertas
1013 780 1155 862 linguae,
1190 780 1369 863 castigatus
1404 799 1526 851 sermo,
1560 779 1702 842 Latiaris
1737 777 1864 850 duetus,

145 898 156 929 ⁵
210 882 369 968 quadrata
400 888 528 946 constat
562 883 713 959 elocutio,
746 885 899 968 quaeritis
935 884 1085 945 nimirum
1114 884 1145 945 in
1175 883 1247 945 aliis
1277 880 1360 965 quod
1391 882 1560 960 exercetis,
1595 883 1750 967 quaeritis
1779 881 1863 968 quod

207 987 333 1051 amatis.
379 1007 435 1050 nos
458 987 499 1050 ab
523 986 683 1050 scolarum
706 988 886 1072 gymnasiis
910 989 1112 1070 sequestrati.
1145 986 1267 1049 arentis
1292 984 1415 1068 ingenii
1439 986 1540 1069 guttis
1564 986 1726 1070 quaedam
1750 987 1863 1050 oceani

207 1091 329 1156 fluenta
352 1110 576 1177 provocamus,
610 1092 700 1175 quasi
725 1091 852 1174 lychnis
877 1097 989 1152 oorrtra
1012 1091 1088 1152 solis
1113 1090 1220 1152 radios
1243 1089 1428 1173 pugnaturi.
1474 1089 1538 1152 mei
1560 1090 1682 1153 macies
1709 1090 1894 1174 longeest

207 1200 367 1259 monstrat
397 1193 493 1257 studii
523 1200 572 1259 et,
607 1195 667 1257 nisi
700 1201 874 1257 excusetur
906 1194 1027 1278 pietate
1063 1194 1244 1276 garrulitas.
1277 1192 1482 1276 dispendium
1511 1193 1631 1276 proprii
1660 1193 1790 1278 pudoris
1818 1199 1867 1256 est

208 1296 295 1383 quod
318 1297 433 1361 amavi.
482 1318 564 1359 vena
587 1295 716 1380 quidem
748 1296 879 1380 linguae
904 1318 923 1357 a
946 1296 1076 1379 generis
1105 1296 1194 1358 fonte
1226 1295 1365 1358 trahitur
1396 1305 1428 1359 et
1454 1298 1582 1360 fervore
1612 1297 1753 1381 genuino
1783 1295 1867 1359 solet

149 1424 155 1451 ⁸
208 1399 315 1466 fetura
338 1399 457 1464 nobilis
481 1400 621 1463 incitari:
655 1421 716 1483 ogo
746 1419 821 1461 meo
849 1419 920 1462 sum
950 1400 1043 1483 inpar
1071 1400 1233 1484 prosapia,
1263 1419 1314 1460 me
1344 1397 1474 1462 dotibus
1502 1401 1619 1463 vestris
1648 1400 1741 1485 quasi
1769 1419 1865 1484 pere·

207 1505 335 1590 grinum
364 1505 520 1569 scientiae
550 1503 717 1588 plenitudo
746 1525 809 1566 nou
839 1503 957 1586 tetigit.
988 1525 1048 1587 ego
1081 1523 1137 1565 vos
1168 1509 1293 1566 tantum
1323 1501 1457 1566 laudare
1487 1504 1591 1586 magis
1622 1523 1719 1587 quam
1746 1501 1866 1566 imitari

207 1608 311 1673 valeo.
357 1614 391 1672 et
415 1608 561 1692 quamvis
586 1606 724 1672 necdum
748 1609 780 1671 in
804 1630 856 1672 me
880 1608 920 1672 ad
944 1608 1056 1670 florem
1082 1608 1207 1670 venerit
1231 1613 1358 1669 matura
1381 1604 1533 1669 facundia
1555 1613 1588 1669 et
1609 1625 1742 1690 pressus
1763 1606 1894 1669 onereb

207 1712 331 1796 gratiae
355 1710 504 1775 solvendi
527 1711 660 1776 deserar
682 1712 849 1787 facultate,
874 1712 1039 1776 committo
1064 1719 1173 1774 tamen
1199 1710 1348 1773 cumbam
1372 1716 1505 1774 tenuem
1527 1708 1654 1794 placido
1670 1710 1762 1788 mari,
1786 1710 1863 1794 quia

207 1835 321 1901 parum
344 1815 385 1879 ab
408 1814 641 1900 ingratitudine
658 1814 768 1879 differt
784 1822 873 1879 muta
888 1816 1073 1900 gratulatio.
1113 1814 1198 1878 unde
1221 1815 1365 1878 nascitur
1385 1833 1512 1897 quaeso,
1541 1819 1576 1876 ut
1597 1833 1756 1899 prospera
1779 1833 1861 1896 quae

142 1934 153 1969 ἴ»
207 1918 248 1983 de
275 1918 367 1983 vobis
397 1918 569 2004 perlatoris
598 1919 755 1983 relatione
783 1920 931 2003 cognovi,
963 1918 1228 1983 intercoelestis
1258 1916 1336 1980 mihi
1368 1915 1528 1980 beneficia
1559 1922 1784 2001 conputantur.
1830 1916 1894 1980 etti

206 2023 354 2107 quamvis
379 2021 515 2087 reddere
546 2022 700 2086 deberem
730 2023 889 2087 sermonis
916 2022 1032 2085 officia.
1067 2020 1123 2085 sed
1155 2023 1229 2105 quia
1258 2021 1453 2105 portitorum
1484 2019 1695 2104 neglegentia
1721 2019 1800 2083 fecit
1830 2026 1866 2082 ut

207 2124 352 2191 directae
376 2147 395 2189 a
416 2126 509 2190 vobis
534 2133 590 2190 aut
621 2127 841 2190 retinerentur
870 2131 926 2189 aut
955 2124 1170 2211 perderentur
1197 2124 1374 2209 epistulae:
1406 2144 1467 2207 ego
1497 2131 1606 2186 tamen
1634 2122 1865 2187 verecundiam

206 2248 313 2292 meam
339 2229 372 2292 in
395 2229 533 2293 statione
556 2229 731 2314 degentem
762 2229 803 2293 ad
832 2231 957 2293 incerta
984 2227 1106 2292 deduxi
1137 2232 1169 2291 et
1197 2234 1301 2290 totum
1333 2247 1385 2289 me
1415 2225 1589 2310 legendum
1613 2227 1727 2312 ¹sapori
1756 2237 1865 2291 vestro

211 2331 377 2398 conmitto.
423 2332 523 2409 salve,
547 2334 590 2396 mi
614 2332 755 2409 domine,
786 2342 820 2398 et
843 2338 1006 2397 amantem
1030 2333 1128 2397 vestri
1151 2332 1377 2416 frequentibus
1401 2332 1500 2395 colite
1530 2330 1649 2395 muniis
1673 2332 1865 2399 litterarum.

207 2435 294 2499 circa
316 2456 400 2521 quae
425 2435 534 2500 studia
556 2436 685 2521 pigrum
708 2457 781 2501 esse
806 2458 865 2501 uec
888 2435 1079 2521 diligentem
1105 2437 1257 2500 convenit
1280 2457 1341 2499 nec
1364 2432 1549 2499 facundum⁴

864 2741 949 2809 XM
973 2745 1081 2827 (misr.
1106 2747 1136 2824 2,
1160 2746 1205 2828 8).

755 2938 992 3013 ENNODIVS
1019 2937 1327 3014 APOLLINARI.

319 3083 360 3176 Ρ
361 3136 397 3179 ro
430 3124 505 3180 voto
541 3117 682 3181 militant
716 3114 886 3180 desideriis
921 3116 1059 3201 propriis
1093 3118 1304 3181 necessitates
1342 3117 1484 3192 alienae,
1523 3115 1598 3179 dum
1637 3116 1669 3177 in
1707 3110 1890 3198 gaudiuml

208 3224 354 3281 nostrum
377 3218 559 3303 aliquorum
583 3218 734 3306 precibus
757 3218 951 3284 exhibemus
974 3220 1175 3306 obsequium.
1222 3223 1293 3306 quis
1327 3242 1390 3284 non
1422 3221 1526 3306 pretio
1548 3226 1681 3305 propter
1704 3239 1739 3281 se
1763 3236 1863 3301 quac-

207 3326 304 3398 reret,
329 3320 414 3405 quod
446 3321 541 3386 alteri
571 3323 631 3386 sub
660 3323 721 3387 hac
748 3324 917 3387 occasione
949 3328 1155 3408 praestatur?
1189 3324 1312 3389 debent
1341 3325 1420 3388 mihi
1448 3346 1533 3388 nune
1563 3323 1741 3409 perlatores
1769 3340 1864 3405 prae·

131 3433 148 3472 2·
209 3423 350 3487 sentium
372 3422 484 3489 debita
508 3447 582 3490 moa
605 3433 638 3490 ot
661 3446 725 3489 non
748 3426 851 3489 solum
874 3425 991 3490 meod
1020 3427 1215 3491 solutionem
1243 3449 1307 3491 non
1337 3427 1538 3514 pertrahunt,
1569 3424 1626 3489 sed
1657 3445 1692 3488 se
1721 3421 1865 3486 fatentur

208 3523 373 3590 obnoxios.
417 3548 482 3592 non
507 3534 557 3592 est
580 3530 725 3594 incuriae
748 3528 833 3612 quod
856 3550 927 3593 raro
952 3551 971 3593 a
993 3551 1045 3594 me
1069 3530 1190 3615 scripta
1210 3537 1440 3616 prorogantur:
1464 3529 1581 3593 similia
1604 3528 1803 3613 frequenter,
1826 3531 1863 3587 ut

206 3648 292 3694 nunc
323 3631 462 3717 repperi,
496 3632 582 3696 bona
615 3655 651 3698 se
686 3633 890 3699 subtrabunt.
941 3633 1107 3697 inveniant
1141 3655 1219 3718 ergo
1252 3634 1348 3698 huius
1382 3634 1527 3699 benificii
1562 3632 1714 3712 fructum,
1750 3631 1776 3694 si
1810 3631 1894 3694 mel

205 3731 351 3818 diligitis,
374 3734 558 3819 portitores,
581 3736 634 3819 qui
657 3737 739 3800 sieut
763 3759 782 3801 a
804 3758 856 3801 me
881 3759 931 3818 ea,
963 3758 1047 3823 quae
1077 3744 1171 3802 erant
1199 3737 1387 3820 obferenda,
1419 3744 1611 3825 exegerunt,
1645 3737 1693 3801 ita
1726 3734 1767 3800 ad
1795 3755 1862 3813 sos,

205 3844 242 3902 ut
264 3840 385 3925 opinor,
408 3838 449 3904 de
471 3840 655 3926 scriptionis
679 3843 861 3907 conmercia
885 3848 1000 3929 optata
1022 3843 1216 3929 perducunt.
1246 3843 1377 3908 domino
1400 3842 1455 3921 mi,
1480 3840 1682 3906 salutationis
1706 3839 1864 3925 obsequia

206 3942 382 4007 restituens
412 3942 509 4007 deum
543 3964 669 4030 precor,
702 3952 739 4009 ut
767 3945 850 4010 haee
878 3947 969 4010 vobis
999 3947 1032 4010 in
1062 3947 1146 4011 bona
1175 3949 1359 4012 constitutis
1388 3946 1567 4011 valitudine
1596 3944 1803 4030 porrigantur
1831 3948 1864 4006 et

206 4042 360 4109 reddatur
382 4045 456 4110 ilico
480 4047 610 4132 pagina,
635 4069 718 4133 quae
742 4071 849 4115 meam
873 4058 1018 4137 quaerat,
1042 4058 1185 4116 vestram
1207 4053 1335 4117 nuntiet
1358 4051 1559 4136 sospitatem.

309 4336 459 4390 ‘laestimat
477 4340 568 4405 scrqrsi
636 4338 858 4405 exltimat,;,¹uasci
877 4341 934 4406 (nus
952 4344 979 4394 iu
997 4344 1045 4405 lit.)
1065 4362 1138 4410 posse
1156 4347 1279 4396 oflensam
1293 4343 1332 4406 Β,
1350 4345 1479 4395 existimat
1497 4344 1565 4410 quod
1583 4343 1652 4394 nasci
1671 4343 1750 4410 possit
1767 4345 1864 4395 offensa

205 4425 280 4475 ceteri
375 4423 392 4475 4
411 4427 532 4491 perrsauit
544 4426 647 4490 marat,
667 4429 784 4494 pensabit
802 4429 862 4480 libri
880 4430 1014 4497 (leuabat
1030 4429 1078 4495 Vt)
1136 4448 1219 4483 sermo
1236 4432 1265 4481 ia
1283 4432 1319 4482 lit.
1337 4431 1361 4479 V
1452 4429 1469 4480 5
1486 4430 1600 4481 elocutio
1614 4426 1641 4480 B
1693 4430 1821 4495 quaeretis
1835 4426 1864 4482 B

205 4508 223 4557 e
239 4526 350 4576 gemus·
362 4509 366 4576 l
377 4511 422 4562 siis
434 4512 511 4576 (cras.
525 4509 549 4576 s)
562 4509 590 4562 Β
650 4515 729 4580 gottis
741 4513 769 4565 Β
831 4515 937 4567 ocbeani
949 4514 976 4565 Β
1090 4513 1104 4565 l
1118 4517 1219 4582 lychnis
1233 4517 1321 4579 Siras,
1338 4517 1425 4584 lygnis
1437 4516 1462 4566 B
1470 4515 1522 4577 Vb,
1539 4516 1618 4583 lignis
1626 4516 1674 4566 rel.
1735 4516 1822 4567 radius
1834 4513 1861 4567 Β

204 4592 388 4661 {lpodorisBl
475 4595 583 4663 llfonte]
597 4600 671 4649 ferrae
682 4597 709 4650 Β
715 4597 725 4635 ¹
814 4598 844 4650 ll
859 4602 979 4653 scientiae
988 4599 1164 4654 seientiaeB¹
1252 4601 1285 4652 l‘).
1298 4599 1416 4669 necdum]
1427 4602 1565 4654 norrdurnb
1653 4597 1685 4650 13
1697 4601 1862 4653 desernuB

204 4682 322 4746 cymbam
338 4680 362 4729 V
463 4680 497 4733 14
508 4701 604 4749 quaeso
615 4684 719 4750 Harsa,
737 4703 803 4752 quae
814 4685 899 4751 Bal,
917 4689 985 4753 quod
999 4687 1056 4752 ΤΒ,
1073 4707 1122 4740 om.
1136 4685 1214 4749 CPb,·
1228 4690 1375 4755 praviorem
1393 4688 1618 4755 computantis
1635 4689 1734 4740 subesse
1752 4699 1862 4754 apparet

207 4763 239 4815 15
256 4773 411 4834 conputatur
427 4767 484 4832 VL,
509 4777 661 4837 conpetatur
673 4768 714 4834 Β,
735 4779 915 4840 computantur
932 4770 1030 4838 Tele,
1052 4783 1225 4842 conputantur
1244 4773 1322 4826 δίκη.
1464 4772 1497 4826 16
1519 4775 1638 4826 deberem
1660 4775 1764 4826 reddere
1783 4773 1862 4826 sim.

205 4851 290 4903 offici·
303 4848 339 4916 B,
357 4854 471 4905 officium
488 4857 564 4906 ceteri
633 4858 694 4923 quia
711 4858 849 4910 delendam
860 4861 927 4926 fort.
998 4860 1156 4927 negligentia
1169 4858 1197 4911 Β
1309 4859 1342 4911 19
1361 4862 1442 4912 colete
1454 4859 1523 4912 BV!
1627 4858 1662 4910 20
1679 4867 1807 4911 conuenet
1819 4856 1862 4910 131

310 4952 389 5022 [XLI]
431 4955 465 5008 21
483 4960 624 5025 apollonari
640 4957 736 5011 VMU
861 4959 896 5012 22
914 4963 1006 5014 militet
1020 4961 1057 5011 Vl
1144 4965 1323 5017 ammiratae
1339 4963 1366 5015 Β
1495 4961 1671 5016 23³1i00mm
1684 4959 1711 5012 B
1797 4963 1863 5029 preti

205 5057 260 5106 sup.
274 5041 319 5091 liu.
332 5058 347 5092 o
360 5039 388 5092 Β
491 5043 526 5095 25
543 5053 743 5114 pertrauutsup.
757 5047 803 5098 lin.
817 5048 833 5096 b
844 5046 870 5098 B
973 5046 1008 5099 26
1025 5051 1120 5101 scribta
1134 5047 1161 5100 Β
1258 5046 1292 5099 27
1311 5051 1449 5101 subtraant
1460 5067 1515 5116 sup.
1530 5051 1575 5100 lio.
1590 5049 1645 5101 1113
1708 5048 1825 5100 beneficii
1842 5047 1866 5096 V

205 5122 240 5177 28
257 5127 369 5194 diligetis
381 5126 426 5267 lel
496 5132 625 5183 offerenda
641 5131 666 5180 V
776 5129 811 5183 29
829 5130 875 5201 mi]
895 5134 958 5184 mihi
975 5133 1053 5186 BVL
1170 5132 1205 5187 30
1223 5137 1369 5189 constitutis
1382 5133 1423 5200 Β,
1445 5154 1492 5187 om.
1512 5136 1587 5189 catari
1655 5133 1805 5187 ualitudinis
1821 5130 1860 5182 V¹

205 5221 374 5282 perrogentur
