4500 6232
689 275 785 332 CDLV
804 275 927 344 (EPIST.
944 277 969 341 9,
987 277 1032 346 97)
1051 307 1084 317 -
1103 277 1483 352 commulatum).
1851 288 1913 352 317

260 453 310 517 rel
337 474 460 539 genere
499 453 628 540 apicem
655 452 870 519 ecelesiastici
897 452 1031 519 honoris
1060 453 1222 537 ascendit,
1258 462 1293 521 et
1320 477 1373 522 me
1402 455 1600 542 dedignatur
1627 458 1790 545 adloquio.
1835 481 1915 526 rere

259 556 325 622 tale
348 557 482 639 lactum,
511 563 568 622 aut
595 556 702 621 studio
730 562 788 620 aut
815 557 1026 643 neglegentia
1058 559 1214 638 evenerit,
1245 579 1310 624 nou
1339 559 1507 645 probatur.
1552 581 1615 646 ego
1642 567 1754 628 tamen
1782 562 1915 628 servitia

260 661 468 726 salutationis
484 660 629 748 inpendo
646 666 680 725 et
694 658 812 725 Italica
827 661 1045 746 simplicitate,
1067 661 1155 728 unde
1172 663 1338 728 tristitiam
1361 663 1544 745 habuerim,
1568 665 1639 730 sine
1654 666 1915 732 dissimulatione

258 765 443 832 manifesto.

885 969 1023 1038 oum
1045 971 1156 1056 (arur.
1174 977 1204 1056 9,
1222 973 1289 1058 28).

859 1149 1095 1241 ENNODlVS
1123 1150 1317 1226 AGAPIO.

368 1278 521 1376 Duriter
554 1308 699 1374 officium
732 1309 907 1395 gestientis
945 1309 1046 1375 animi
1080 1309 1122 1374 ad
1155 1311 1346 1376 memoriam
1382 1311 1525 1376 tristium
1558 1330 1651 1376 meus
1687 1308 1945 1376 recordationel

261 1410 458 1478 stimulanda
485 1414 663 1478 revocavit.
707 1434 783 1478 uam
812 1434 943 1499 semper
973 1413 1155 1479 remedium
1182 1413 1301 1479 doloris
1334 1414 1455 1480 oblivio
1484 1423 1545 1494 est,
1580 1415 1656 1500 quia
1678 1414 1764 1500 quod
1788 1415 1916 1482 ratione
1930 1409 2026 1513 Ἣ
2040 1440 2062 1505 J

261 1538 324 1583 uon
347 1538 534 1604 possumus,
562 1522 747 1603 temporum
771 1517 956 1603 prolixitate
981 1519 1168 1603 sepelimus.
1215 1518 1299 1583 bene
1322 1525 1391 1596 est,
1420 1519 1497 1604 quia
1529 1518 1742 1584 diuturnitate
1771 1519 1917 1585 senescit

261 1621 403 1687 adflictio
426 1626 459 1684 et
481 1621 590 1706 magni
619 1619 740 1685 doloris
773 1621 955 1686 consolatio
987 1620 1082 1685 citius
1113 1643 1173 1707 per
1204 1622 1370 1700 silentium
1398 1628 1602 1708 procuratur.
1646 1642 1721 1686 uam
1745 1622 1777 1686 in
1801 1621 1915 1686 huius·

262 1723 349 1789 modi
372 1724 513 1807 negotiis
544 1724 618 1810 plus
647 1724 756 1809 agitur
783 1724 828 1787 nil
856 1721 994 1808 agendo.
1041 1723 1098 1788 sed
1130 1723 1207 1810 quid
1235 1725 1330 1807 facio,
1361 1725 1438 1810 quia
1467 1726 1627 1811 epistolae
1655 1731 1786 1791 vestrae
1816 1725 1948 1790 lectiot

260 1829 326 1894 iam
349 1826 512 1891 obductae
535 1827 696 1891 cicatricis
718 1827 904 1913 penetralia
925 1827 1083 1892 rescindit
1105 1835 1139 1892 et
1161 1829 1325 1914 sepultam
1348 1829 1501 1893 immaturi
1517 1828 1640 1893 funeris
1655 1828 1917 1894 recordationem

261 1951 372 1997 amara
394 1937 482 1996 sorte
512 1929 677 1995 vivificat?
716 1952 795 2016 ergo
819 1950 880 2016 ego
903 1932 1064 1996 communi
1091 1930 1185 1996 fratri
1210 1933 1468 1998 consolationem
1496 1932 1575 1998 darc
1604 1939 1763 2018 poteram,
1793 1953 1867 1996 cum
1889 1931 1918 1996 si

261 2034 338 2122 quid
362 2033 576 2098 humanitatis
598 2035 632 2098 in
655 2054 707 2098 me
732 2055 807 2099 esse
832 2033 984 2116 creditur,
1018 2036 1064 2099 sic
1095 2034 1265 2101 dolerem?
1304 2044 1361 2100 aut
1390 2057 1545 2122 umquam
1573 2037 1656 2101 flens
1684 2036 1811 2122 placuit
1839 2056 1917 2100 con·

262 2140 408 2205 solator?
432 2158 511 2222 crgo
530 2143 724 2224 expectatur
738 2138 900 2203 medicina
916 2138 955 2202 de
971 2138 1150 2205 morbidis?
1173 2160 1236 2203 non
1253 2138 1294 2205 de
1311 2161 1374 2220 me,
1398 2140 1517 2205 domne
1532 2139 1652 2226 Agapi,
1676 2139 1762 2205 bene
1778 2137 1947 2220 iudicas,3

263 2242 292 2307 si
315 2242 405 2335 etin
428 2242 575 2327 germani
597 2242 645 2306 tui
668 2243 872 2308 maeroribus
896 2250 930 2307 et
951 2243 985 2309 iu
1008 2242 1100 2308 obitu
1125 2243 1281 2330 spiritalis
1303 2244 1362 2308 tilii
1385 2265 1447 2330 ego
1471 2245 1565 2331 quasi
1588 2244 1732 2330 opinioni
1751 2249 1828 2309 tuae
1849 2242 1917 2308 dis·

261 2352 394 2433 putator
424 2366 569 2411 occurro.
622 2366 703 2411 sana
737 2353 872 2432 pectora
903 2347 966 2412 iter
1000 2346 1177 2412 curationis
1206 2347 1389 2412 inveniunt:
1422 2368 1520 2413 nemo
1553 2349 1693 2413 alterum
1725 2347 1813 2414 unda
1847 2348 1919 2434 ipso

260 2449 389 2516 laborat
411 2448 562 2515 absolvit.
608 2449 667 2514 sed
690 2449 765 2515 hinc
789 2449 881 2514 alias.
927 2456 1044 2536 potens
1076 2457 1127 2514 est
1153 2449 1247 2531 deus,
1276 2451 1331 2536 qui
1359 2451 1447 2516 solus
1470 2450 1511 2515 ad
1542 2451 1606 2515 ista
1631 2450 1720 2515 valet
1747 2471 1919 2517 occurrere

261 2560 294 2618 et
323 2553 502 2618 communis
536 2554 612 2617 mali
643 2554 818 2619 sublevare
851 2574 1050 2639 pressuram.
1095 2573 1154 2618 vos
1189 2560 1301 2619 tamen
1336 2553 1537 2619 honorificae
1569 2555 1677 2619 cultus
1710 2554 1949 2620 salutationist

261 2658 441 2744 impertiens
465 2678 555 2743 rogo,
578 2663 614 2722 ut
638 2657 752 2723 crebro
775 2656 856 2721 mihi
877 2656 1064 2743 epistolaris
1085 2657 1271 2722 commercii
1288 2678 1424 2724 munera
1440 2658 1627 2739 conferatis,
1651 2656 1793 2744 adquae
1810 2657 1919 2723 studia

263 2762 391 2848 pigrum
414 2781 488 2825 esse
511 2781 572 2826 uec
595 2765 762 2827 amantem
786 2760 938 2826 convenit
960 2780 1021 2825 uec
1043 2758 1230 2824 facundum.

878 3049 1037 3119 cunm
1061 3052 1172 3138 (sorsr.
1190 3056 1221 3135 9,
1239 3053 1306 3138 99).

853 3229 1090 3304 ENNODIVS
1117 3230 1324 3304 LIBERIO.

383 3358 429 3455 Si
451 3397 623 3476 poetarum
646 3390 779 3475 spiritus
802 3389 977 3476 disciplina
991 3390 1155 3475 paginalis
1171 3389 1357 3456 admitteret
1381 3398 1414 3456 et
1435 3397 1576 3458 centena
1590 3413 1656 3473 ora,
1680 3398 1715 3457 et
1730 3412 1795 3457 vox
1809 3391 1945 3460 fenest
1970 3426 2039 3480 vm,

261 3495 316 3558 rix
345 3494 432 3580 quod
460 3493 646 3560 celsitudini
676 3501 806 3560 vestrae
835 3515 855 3559 a
882 3515 935 3559 me
968 3493 1109 3558 debetur
1145 3494 1317 3559 verborum
1351 3494 1504 3561 ubertate
1535 3502 1708 3561 reseraret.
1754 3495 1812 3561 ssd
1840 3483 2075 3586 quiaffl‘ffl

263 3598 391 3683 magnis
416 3597 578 3662 obnoxius
602 3600 659 3664 vix
682 3597 722 3663 ad
746 3619 848 3683 parva
871 3597 1009 3679 sufficio,
1037 3596 1164 3683 providi
1187 3604 1261 3685 post
1284 3597 1337 3662 dei
1359 3598 1614 3664 misericordiam
1637 3607 1768 3665 vestrae
1790 3599 1918 3685 gratiae
1984 3583 2014 3627 ¹¹·

198 3746 203 3757 ·
263 3723 484 3789 repensorem.
529 3723 604 3766 nam
627 3702 729 3767 frater
750 3707 862 3766 vester
884 3699 1024 3766 domnus
1046 3699 1200 3779 Faustus,
1224 3700 1300 3764 dum
1324 3700 1447 3767 debere
1467 3723 1503 3767 se
1524 3701 1720 3768 beneficium
1736 3702 1823 3788 quod
1839 3701 1919 3767 mihi

261 3807 423 3872 tribuistis
447 3805 619 3891 eloquitur,
642 3805 683 3870 ab
707 3805 872 3870 inbecillis
896 3804 1079 3870 cervicibus
1102 3806 1213 3890 gravis
1236 3805 1345 3870 oneris
1369 3807 1513 3870 sarcinas
1537 3806 1698 3871 amolitur.
1734 3812 1810 3871 sunt
1832 3807 1951 3876 inter2

263 3910 344 3977 duos
366 3910 551 3997 praecelsos
580 3908 643 3973 ista
672 3909 871 3974 communia:
900 3929 960 3973 vos
989 3909 1081 3973 vobis
1110 3916 1144 3974 et
1173 3908 1250 3974 dare
1280 3894 1381 3994 digna
1404 3911 1507 3974 nostis
1531 3917 1565 3974 et
1594 3906 1746 3983 reddare
1781 3931 1834 3975 me
1858 3909 1920 3976 sub

263 4016 353 4081 lasce
376 4015 476 4080 vestri
498 4013 643 4078 muneris
667 4014 880 4079 constitutum
904 4013 974 4078 sola
997 4020 1108 4077 manet
1123 4011 1164 4078 de
1181 4013 1395 4078 obnoxietate
1412 4013 1587 4092 confessio,
1611 4012 1688 4077 dum
1705 4020 1921 4099 praeventum

263 4119 389 4204 gratiae
413 4125 542 4184 vestrae
566 4118 653 4183 mole
676 4117 763 4204 quod
793 4118 858 4182 voti
883 4125 1059 4203 conpotem
1088 4117 1167 4183 lecit
1194 4116 1255 4181 hoc
1284 4118 1442 4203 inparem.
1487 4116 1603 4183 adsum
1633 4123 1744 4183 tamen
1774 4117 1922 4204 partibus

266 4225 347 4289 meis
372 4230 406 4287 ct
427 4223 512 4286 inter
535 4221 693 4286 orandum
717 4223 864 4308 quamvis
880 4229 1036 4308 peccator
1051 4220 1160 4301 deum,
1183 4228 1220 4286 ut
1235 4242 1294 4308 pro
1312 4242 1365 4286 me
1381 4241 1510 4308 quoque
1527 4222 1619 4287 vobis
1635 4221 1762 4301 reddat,
1785 4222 1923 4307 inploro.

265 4347 343 4392 ecce
375 4325 439 4390 duo
470 4327 535 4391 ista
562 4325 742 4390 sufficiunt:
777 4347 852 4390 nam
881 4332 915 4389 et
945 4324 986 4390 de
1015 4325 1107 4390 caelo
1135 4346 1195 4411 prc
1224 4346 1277 4389 me
1309 4325 1496 4410 expectatis
1525 4324 1611 4410 quod
1641 4345 1700 4388 vos
1727 4324 1954 4395 exhibuissed

264 4431 471 4512 meministis,
497 4436 531 4495 et
553 4436 604 4496 est
626 4432 774 4516 aequalis
797 4431 853 4517 qui
877 4451 912 4494 se
936 4428 1058 4496 debere
1087 4430 1231 4497 latentur
1257 4431 1290 4494 iu
1317 4431 1425 4495 terris.
1471 4435 1613 4514 expecto
1636 4435 1753 4494 tamen
1772 4427 1923 4494 beneficii

368 4708 382 4759 1
402 4708 454 4777 vel]
474 4718 499 4762 st
513 4709 572 4762 OPb
641 4709 755 4775 alloquio
772 4706 797 4757 V
898 4703 916 4756 9
933 4713 1053 4758 euenerat
1065 4704 1091 4756 Β

368 4810 494 4881 [CDLVI]
530 4813 547 4865 5
569 4814 673 4882 agapito
689 4810 754 4863 V¹L
880 4806 895 4860 'l
918 4810 1015 4862 obliuio
1032 4809 1127 4860 doloris
1144 4806 1254 4860 VBM
1374 4805 1392 4859 8
1413 4809 1542 4876 sepeimns
1561 4808 1592 4873 (li
1609 4825 1667 4874 sup.
1680 4807 1726 4859 lin.
1744 4815 1767 4859 et
1784 4824 1841 4873 esp.
1859 4805 1879 4871 i)
1895 4805 1925 4870 V,

263 4901 411 4968 sepeliimua
423 4898 464 4952 L¹
530 4901 641 4952 saniscet
652 4898 679 4950 B
777 4895 794 4948 9
812 4897 917 4948 afflictio
933 4895 958 4945 V
1016 4895 1159 4947 cumulatio
1171 4894 1197 4945 B
1261 4892 1349 4962 citius]
1367 4897 1443 4947 cuius
1455 4896 1479 4960 b,
1496 4913 1545 4947 orn.
1558 4894 1638 4947 dum.
1741 4891 1775 4944 10
1792 4895 1924 4946 nostrast

265 4984 295 5036 11
315 4987 426 5039 obducta
439 4985 517 5037 Sirm.
609 4984 730 5037 rescindit
746 4980 838 5048 wer,
862 4981 1008 5035 rescindent
1022 4978 1076 5044 VL,
1099 4980 1250 5034 rsacandent
1262 4979 1288 5030 B
1415 4978 1448 5033 19
1465 4982 1668 5033 consulationem
1680 4979 1707 5031 Β
1833 4977 1866 5031 13
1884 4976 1923 5047 inl

264 5073 299 5123 im
311 5071 337 5122 B
414 5073 527 5140 placarit
544 5073 608 5123 coni.
623 5071 719 5122 Hortel
835 5066 868 5119 14
886 5069 972 5120 domni
985 5067 1011 5119 Β
1123 5065 1156 5119 15
1172 5064 1256 5132 obitu]
1275 5067 1356 5121 obbtu
1368 5067 1412 5118 B⁰
1487 5069 1614 5135 spiritales
1626 5067 1652 5119 Β
1767 5064 1798 5118 18
1815 5067 1888 5119 cultu
1900 5065 1926 5117 B

263 5166 288 5210 st
299 5157 388 5221 Siren,
405 5159 505 5209 cultum
517 5159 584 5225 fort.
600 5166 629 5208 ut
641 5175 671 5224 p.
687 5160 748 5220 290,
761 5159 793 5207 10
898 5153 931 5206 19
948 5157 1093 5207 conteratos
1105 5153 1131 5205 Β
1200 5154 1234 5205 ad
1251 5150 1328 5220 quae]
1347 5162 1404 5220 atq3
1422 5152 1447 5204 B

369 5259 506 5329 [cuuvn]
543 5259 577 5313 99
595 5261 729 5330 paginulas
740 5259 766 5311 Β
845 5267 872 5311 et
888 5267 998 5311 centena
1009 5257 1044 5323 B,
1067 5265 1177 5310 centena
1194 5257 1270 5309 ceteri
1384 5253 1419 5307 93
1435 5256 1596 5309 celsitudinis
1607 5254 1633 5307 B
1747 5251 1782 5306 24
1800 5270 1882 5322 parus
1893 5253 1927 5316 Β,

264 5364 345 5416 pauca
364 5349 439 5400 ceteri
563 5345 598 5397 25
615 5347 736 5400 daberese
753 5363 782 5399 ae
801 5353 853 5413 (pr.
871 5363 899 5398 se
917 5345 979 5403 del.)
996 5345 1030 5411 B,
1052 5363 1108 5398 sese
1124 5353 1191 5397 recte
1202 5345 1269 5411 fort.
1391 5341 1426 5394 96
1443 5345 1581 5396 tribuestes
1593 5343 1619 5394 B
1703 5343 1826 5394 inbicillis
1845 5339 1926 5406 (alal

264 5450 320 5500 serp.
334 5432 392 5498 lim)
404 5432 429 5482 Β
523 5434 608 5485 oneris
623 5432 691 5498 clu,
713 5434 816 5485 honoris
829 5432 906 5483 BVL
1038 5428 1072 5482 27
1090 5432 1139 5483 suls
1155 5434 1160 5493 l
1175 5431 1224 5483 sub
1235 5429 1261 5480 B
1391 5427 1426 5479 98
1444 5431 1497 5480 sola
1516 5437 1601 5481 manet
1612 5429 1646 5493 B,
1667 5429 1781 5481 solamen
1794 5467 1800 5480 .
1814 5436 1840 5480 et
1851 5428 1928 5480 ceteri

264 5516 299 5570 99
319 5528 456 5587 conpotem
468 5519 494 5569 B
614 5518 649 5571 30
666 5520 810 5572 horandum
823 5519 856 5583 Β,
874 5519 1029 5570 hortandum
1045 5516 1151 5569 V¹LT¹
1233 5517 1321 5568 reddet
1332 5515 1358 5566 B
1477 5514 1510 5567 31
1530 5525 1676 5584 expectatos
1688 5515 1721 5581 B,
1738 5514 1932 5583 exspectem

264 5600 299 5655 39
316 5605 473 5656 meminiates
486 5604 511 5654 Β
578 5605 701 5672 aequales
713 5604 739 5656 Β
808 5612 928 5671 exspecto
944 5603 969 5652 V
