4500 6232
282 262 329 315 Lx
921 255 1099 310 EPISTVLA
1121 253 1304 308 FLORIANI.

282 434 331 497 cui
366 433 531 498 crucifixus
572 443 620 497 est
653 429 805 509 mundus,
840 429 990 515 templum
1025 449 1096 491 vere
1133 425 1352 512 dignissimum
1384 424 1547 503 trinitatis,
1590 424 1716 511 plenum
1747 423 1937 488 reverentiae

282 537 544 616 Cluistiauitatis,
573 559 611 600 ex
634 535 757 622 placida
781 535 919 600 bonitate
940 533 1157 610 mitissimum,
1186 531 1309 595 ieiuniis
1332 530 1535 615 castigatum,
1563 528 1756 594 erationibus
1778 528 1935 610 refectum,

282 641 417 727 puritate
439 640 693 705 mundissimum:
717 640 770 725 qui
792 638 868 702 milri
891 660 996 702 sacras
1019 637 1164 723 exposuit
1187 636 1357 722 scripturas
1380 644 1412 699 et
1433 635 1523 699 liores
1546 644 1669 700 tenerae
1689 633 1846 720 lanuginis
1867 634 1936 721 ipse

282 745 432 832 suscepit:
456 746 508 831 qui
532 768 589 830 pro
611 744 675 808 tilio
697 752 728 807 et
748 742 903 829 discipulo
923 763 1162 827 successoreque
1184 762 1242 804 suo
1264 739 1337 803 lieet
1355 737 1485 824 indigno
1508 761 1568 802 non
1591 737 1717 823 ambigo
1738 736 1823 824 quod
1840 738 1933 824 (lans)

282 858 396 912 exoret.
1973 872 1985 909 a

243 954 260 1018 7
388 951 533 1016 Vincunt·
554 973 641 1036 ergo,
663 948 788 1015 domine
810 948 862 1028 mi,
884 947 963 1012 tanti
987 946 1060 1011 insti
1085 946 1255 1011 orationem
1278 954 1485 1032 peecatorum.
1529 944 1625 1030 igitur
1646 943 1720 1030 quia
1740 942 1937 1009 conversatio

140 1071 200 1117 mu.
215 1076 272 1121 aaa
286 1063 390 1120 vestra
412 1055 443 1119 in
472 1055 565 1118 caelis
592 1062 652 1132 est,
682 1054 764 1117 sicut
786 1050 864 1116 dicit
892 1051 1054 1138 apostolus
1083 1060 1198 1130 ‚vestra
1225 1059 1329 1114 autem
1357 1049 1553 1113 conversatio
1582 1047 1616 1111 in
1637 1047 1731 1113 caelis
1752 1051 1821 1127 est‘,
1850 1055 1937 1111 orate

282 1181 353 1222 cum
376 1157 425 1221 his
448 1167 479 1222 et
509 1165 616 1243 rogate
646 1157 733 1221 illum
761 1178 863 1221 meum
892 1155 1137 1219 sacratissimum
1166 1143 1375 1219 consessorem
1398 1152 1619 1231 Ambrosium,
1647 1161 1799 1238 quatenus
1829 1158 1937 1214 ment

283 1263 470 1349 peculiarem
497 1262 648 1326 famulum
676 1270 811 1340 tueatur,
840 1270 875 1324 ut-
901 1260 1062 1346 proprium
1095 1259 1194 1324 civem
1221 1258 1342 1337 foveat,
1375 1267 1409 1320 ut
1438 1256 1622 1321 familiarem
1653 1255 1812 1320 alumnum
1839 1262 1937 1333 eruat,

240 1369 259 1432 8
283 1367 429 1451 quoniam
458 1365 542 1452 apud
564 1365 725 1430 dominnm
751 1363 858 1429 Iesum
884 1362 969 1448 qnod
997 1363 1135 1428 oraverit
1161 1362 1312 1427 exorabit.
1355 1361 1502 1447 quocirca
1527 1359 1723 1425 salutationis
1751 1357 1936 1445 obsequium
1962 1419 1987 1460 ¹⁰

282 1471 468 1534 famulanter
494 1470 655 1534 insinuans
683 1490 824 1553 praecor,
852 1478 887 1531 ut
914 1489 972 1553 pro
995 1467 1175 1532 beatissimo
1197 1466 1267 1531 viro
1296 1464 1424 1529 domino
1452 1485 1521 1529 meo
1543 1463 1640 1528 Datio
1667 1463 1815 1550 episcopo
1841 1463 1936 1528 fratre

282 1581 386 1637 vestro
413 1596 534 1659 semper
563 1573 667 1637 oretis.
717 1594 850 1658 aequum
878 1579 925 1634 est
952 1571 1050 1650 enirn,
1081 1581 1117 1635 ut
1142 1593 1200 1657 pro
1228 1592 1281 1649 eo,
1310 1591 1402 1654 quem
1436 1567 1615 1632 monasterii
1642 1577 1750 1653 saepta
1776 1576 1937 1632 sacranmt

281 1699 503 1758 successorem,
530 1678 622 1742 ctiam
647 1676 859 1740 confessorum
883 1696 1043 1738 successor
1064 1674 1205 1759 egregius
1229 1673 1391 1738 beatorum
1412 1693 1540 1736 exorare
1563 1694 1625 1735 non
1648 1669 1786 1751 desinas;
1815 1679 1848 1735 et
1868 1670 1937 1751 hoc,

281 1781 307 1844 si
335 1779 464 1865 dignum
496 1780 627 1860 ducitis,
660 1779 887 1866 supplicamus,
927 1787 961 1842 ut
988 1777 1190 1842 beatitudinis
1217 1787 1339 1842 vestrae
1372 1777 1543 1862 sospitntae
1578 1774 1763 1862 parvitatem
1797 1784 1935 1840 nostram

280 1883 417 1965 faciatis,
440 1885 522 1948 sicut
543 1885 692 1971 petimus,
715 1905 933 1948 successorem.
978 1881 1127 1968 Explicit.
1963 1937 1987 1975 ¹⁵

771 2044 1062 2051 ...——--—---—-—·
1076 2042 1547 2049 .-—---—-—.-——--..—.

387 2125 480 2179 4laua
499 2130 603 2194 inclusi,
629 2131 712 2181 libens
731 2129 888 2192 dloorurseu,
911 2130 1002 2180 beatus
1023 2130 1064 2179 cel
1081 2129 1139 2195 pins
1157 2130 1218 2188 fort.
1322 2127 1339 2178 ll
1357 2128 1497 2179 orationem
1516 2125 1688 2195 peccatorum]
1712 2126 1826 2177 oratione
1848 2123 1935 2175 multi·

282 2215 396 2265 tudinem
415 2225 576 2281 peecatorum
595 2217 691 2267 conicio
798 2215 831 2265 10
848 2213 979 2282 quoniam]
1003 2217 1047 2282 qni
1069 2215 1170 2265 Frater
1276 2213 1307 2264 14
1326 2215 1463 2280 urspitatne
1481 2215 1581 2280 scripsi,
1604 2214 1750 2281 sospitatem
1768 2210 1832 2274 cod,
1856 2209 1936 2276 sospi-

281 2301 326 2351 tati
345 2300 445 2351 Frelrer
552 2303 583 2354 15
603 2299 785 2368 successorem]
804 2303 938 2352 certiorem
956 2303 1020 2352 coni.
1039 2301 1139 2352 Frelrer

664 2922 900 3005 ARNVLFl
927 2923 1296 3005 LEXOVIENSIS
1320 2922 1559 3004 EPISCOPI

304 3045 531 3127 EPISTVLA
555 3047 616 3126 Al)
641 3046 893 3128 llENRlCUM
919 3047 1126 3129 Plsuuuu
1152 3048 1381 3129 ROMANAE
1404 3046 1655 3129 ECCLESIAE
1680 3044 1916 3126 LEGATUM.

768 3183 887 3251 (Arnnlfi
906 3200 951 3253 op.
970 3183 1012 3238 cd.
1032 3183 1109 3239 Giles
1128 3183 1229 3239 Oxonii
1249 3185 1325 3249 1844,
1344 3203 1370 3254 p.
1384 3186 1456 3255 131.)

899 3304 975 3372 [Vide
992 3323 1070 3373 supra
1088 3323 1112 3373 p.
1127 3309 1138 3356 l
1156 3315 1182 3358 et
1199 3304 1318 3373 xxva]

242 3461 257 3522 l
386 3418 439 3536 In
462 3490 526 3554 quo
541 3467 637 3532 verbo
659 3490 746 3553 reges
768 3468 867 3532 nostri
890 3467 929 3532 dc
952 3469 1149 3556 susceptione
1171 3468 1290 3534 domini
1313 3492 1413 3556 papae
1428 3470 1637 3550 convenerint,
1660 3478 1764 3535 vestra
1784 3468 1939 3556 sapientia

281 3594 342 3636 non
367 3573 498 3658 ignorat.
542 3582 572 3636 et
596 3581 701 3636 noster
728 3572 854 3659 quidem
884 3572 924 3638 ad
947 3575 1172 3640 ecclesiasticas
1202 3598 1352 3661 personas
1380 3575 1466 3661 regni
1496 3576 1545 3639 sui
1568 3575 1687 3661 legatos
1712 3573 1883 3640 dest-inavit
1904 3575 1938 3640 in

282 3676 431 3761 Angliarn
454 3699 524 3741 curn
548 3677 645 3741 literis
652 3725 661 3756 ,
691 3699 769 3763 quas
791 3701 810 3742 a
831 3677 960 3743 domiuo
982 3702 1065 3766 papa
1088 3689 1258 3766 receperat,
1288 3689 1320 3743 et
1342 3681 1459 3767 scripto
1482 3679 1552 3760 illo,
1581 3679 1667 3766 quod
1689 3703 1709 3745 a
1730 3679 1937 3745 schismaticis

281 3789 329 3845 cst
351 3779 390 3844 de
412 3781 558 3867 Papiensi
582 3781 800 3845 conventiculo
823 3783 1016 3865 fabricatum,
1039 3795 1073 3848 ut
1096 3784 1215 3848 scilieet
1236 3793 1369 3870 utroque
1391 3785 1507 3872 scripto
1529 3793 1676 3871 tanquam
1699 3784 1937 3870 allegationibus
1951 3834 2009 3865 enno
2024 3828 2075 3867 „50

281 3885 416 3969 panium
439 3885 583 3970 utrinque
606 3885 767 3970 proposito
791 3887 904 3950 rectius
926 3887 1049 3972 possint
1070 3888 1160 3973 quasi
1188 3886 1227 3951 dc
1256 3886 1372 3952 iudicio
1393 3889 1527 3953 fomrare
1548 3889 1713 3954 consilium
1735 3898 1766 3953 et
1787 3888 1937 3976 liquidius

239 3995 259 4056 2
282 3985 321 4050 de
343 3987 603 4073 contemplatione
618 3988 765 4052 falsitatis
782 3990 944 4074 oppositae
965 4012 1150 4074 cognoscere
1173 3991 1343 4056 veritatem.
1380 3993 1428 4056 cui
1451 4015 1526 4057 sanc
1546 3993 1711 4080 colloquio,
1733 3995 1808 4081 quia
1827 4018 1939 4083 corpo-

281 4090 387 4154 raliter
409 4089 518 4154 adesse
541 4113 603 4154 non
625 4091 728 4176 potui,
757 4114 811 4177 per
832 4093 996 4178 epistolam
1019 4094 1129 4158 saltem
1152 4095 1300 4159 iuteresse
1322 4097 1443 4176 cinari,
1470 4109 1505 4162 ut
1526 4121 1677 4184 personae
1700 4099 1798 4164 ricem
1822 4101 1937 4186 pagina

281 4193 426 4279 suppleat
447 4204 479 4257 et
501 4194 592 4258 vivae
615 4195 701 4259 vocis
725 4195 906 4260 instantiam
935 4197 1068 4283 epistola
1094 4197 1194 4263 tidelis
1221 4200 1381 4265 instauret
1432 4203 1520 4267 cuius
1551 4203 1645 4268 etiam
1675 4204 1825 4290 epistolae
1852 4214 1937 4269 tran·

281 4298 432 4383 scriptum
462 4299 618 4362 sanctitati
651 4309 771 4363 vestrae
805 4301 910 4365 censui
940 4300 1175 4382 destinandum,
1215 4314 1249 4367 ut·
1279 4303 1475 4369 ‹levetioncm
1513 4329 1613 4371 meam
1646 4309 1790 4393 quamvis
1825 4331 1935 4394 parum

284 4401 397 4480 utilem,
420 4401 592 4466 officiosam
615 4414 717 4467 tamen
741 4413 844 4468 vestra
867 4404 992 4469 dilectio
1015 4417 1223 4491 recognoscat.

240 4511 260 4574 3
386 4504 436 4568 Dc
459 4514 578 4570 caetero
601 4507 714 4571 liburni
730 4507 929 4572 ENNODII
953 4510 1044 4574 vobis
1059 4511 1159 4589 mitto,
1181 4511 1316 4576 alienum
1338 4512 1472 4599 quidem,
1495 4514 1550 4578 scd
1573 4516 1599 4579 si
1622 4517 1812 4604 experientia
1834 4526 1937 4582 vestra

281 4606 468 4693 probaverit,
491 4611 710 4697 transcriptum
733 4636 803 4677 curn
826 4625 943 4700 quanta
965 4615 1030 4678 fieri
1053 4617 1167 4701 poterit
1189 4616 1385 4681 festinatione
1408 4618 1571 4683 remittant.
1615 4642 1673 4705 ego
1695 4632 1798 4686 autem
1821 4622 1935 4689 librum

281 4711 369 4775 illum
393 4735 454 4775 non
478 4712 830 4802 ridemur,priusqua1n
855 4717 930 4781 milri
952 4728 1056 4782 restro
1078 4718 1186 4783 fuisset
1209 4721 1387 4806 assignatus
1410 4721 1535 4802 iudicio,
1558 4724 1688 4811 visoque
1702 4726 1834 4791 miratus
1856 4750 1937 4809 sum,

280 4838 343 4901 qua
364 4815 499 4901 primum
522 4817 563 4881 ab
585 4830 710 4883 auctmc
733 4819 919 4885 confidentia
942 4821 1044 4886 editus
1068 4831 1120 4886 aut
1143 4845 1206 4908 (pm
1229 4824 1430 4909 postmodum
1453 4826 1493 4890 ab
1516 4827 1586 4890 aliis
1610 4828 1702 4895 luerit
1723 4831 1831 4896 favam
1852 4841 1937 4897 tran·

240 4919 427 5005 ascriptus.
472 4943 570 5006 neque
597 4923 679 4987 enim
710 4923 785 4987 milri
819 4924 933 5009 dignus
962 4925 1099 5005 videtur,
1135 4927 1223 4991 cuius
1254 4927 1359 4992 studio
1389 4929 1437 4993 uel
1468 4931 1640 5016 scripturae
1665 4942 1784 4999 tanturn
1812 4946 1935 5024 tempus

283 5021 393 5087 debeat
416 5024 484 5089 sive
507 5048 617 5090 census
641 5026 793 5113 impendi,
823 5051 893 5093 cunr
921 5041 950 5094 et
974 5031 1118 5095 volumen
1142 5032 1276 5097 effusum
1299 5035 1354 5113 sit,
1381 5047 1411 5100 et
1434 5036 1475 5100 ad
1498 5038 1699 5124 intelligenda
1720 5063 1800 5126 quan
1822 5041 1937 5128 scripta

282 5137 355 5190 sunt
383 5127 507 5213 singula
543 5129 649 5194 multis
681 5141 713 5194 et
740 5130 889 5196 taediosis
924 5144 1063 5220 oporteat
1096 5136 1312 5202 iterationibus
1343 5139 1493 5225 replicari.
1549 5143 1649 5227 prima
1676 5142 1831 5228 siquidem
1859 5144 1937 5209 facie

282 5229 418 5295 difficilis
441 5240 471 5295 et
495 5232 645 5296 obscurus
669 5233 784 5299 incedit
807 5246 850 5313 ct,
879 5260 949 5301 cum
972 5261 1073 5302 rerum
1096 5238 1311 5305 difficultatem
1339 5243 1430 5307 stilus
1452 5244 1586 5310 lucidior
1607 5246 1719 5311 debeat
1740 5249 1867 5336 aperire,
1889 5249 1937 5314 iu·

280 5332 482 5417 telligcutiam
507 5337 611 5422 potius
640 5359 741 5401 sermo
769 5340 951 5405 tenebrosus
975 5341 1128 5406 obtundit.
1173 5366 1305 5431 cumque
1333 5347 1464 5411 multum
1493 5348 1606 5413 lrabeat
1633 5350 1748 5416 laboris
1775 5355 1937 5441 inspectio,

281 5434 356 5502 nibil
374 5436 465 5503 babet
481 5441 637 5506 assecutio
654 5442 836 5530 voluptatis
851 5445 924 5530 quia
939 5468 995 5510 nec
1010 5446 1207 5513 absolutione
1222 5450 1374 5514 sententia
1391 5452 1562 5538 complacet
1579 5478 1635 5519 nce
1650 5457 1750 5521 oratio
1765 5467 1937 5525 venustate.

240 5547 405 5611 {asumma
433 5542 516 5606 enim
542 5545 609 5609 eins
638 5546 768 5612 intentio
801 5557 849 5613 est
883 5549 974 5614 aliter
1002 5550 1107 5616 omnia
1137 5551 1255 5619 dixisse
1281 5576 1373 5641 (pram
1403 5557 1529 5637 caeteri,
1558 5556 1690 5646 ideoque
1716 5570 1818 5627 totum
1851 5562 1937 5652 qnod
