4500 6232
966 280 1055 334 xum
1073 279 1194 345 (crau.
1215 281 1237 343 1,
1256 281 1291 346 o).

670 455 764 520 Vatis
787 462 823 518 ut
846 455 1021 539 ingressus,
1046 452 1225 517 Pharaonis
1248 459 1395 538 tempore
1420 453 1507 537 regis

671 558 806 623 Adiuvit
829 558 940 644 gracili
963 558 1146 621 locuturum
1170 576 1250 621 voce
1274 557 1445 642 profetam.

671 663 715 727 Se
737 663 862 748 stupuit
884 661 1062 746 tuncipsc,
1086 680 1169 739 reor,
1192 660 1278 724 bene
1302 662 1449 725 conscius
1473 661 1538 725 oris

672 764 845 830 Murmuris
868 769 902 829 et
924 762 1021 843 soliti,
1046 763 1253 848 conplentem
1277 763 1433 850 principis
1456 785 1554 828 aures

588 909 606 920 ··
675 869 825 935 Pondere
847 888 928 931 voce
952 888 1031 931 sono
1055 888 1153 931 sensu
1177 867 1341 953 probitate
1364 867 1499 954 pudore.

670 976 720 1039 Tu
742 974 911 1049 famulum,
935 979 980 1051 tu,
1004 978 1127 1051 sancte,
1150 991 1265 1035 mone:
1289 971 1482 1037 desolvere
1506 979 1628 1057 grates,

669 1077 759 1151 Quas
782 1067 903 1141 debere
926 1076 1025 1140 iuvat.
1062 1082 1209 1139 sanctum
1233 1061 1470 1159 conplectimur
1492 1096 1605 1139 omnes

669 1181 756 1244 Ecce
780 1179 877 1260 diem,
900 1178 1088 1262 voluitque
1112 1199 1148 1242 se
1171 1177 1266 1241 iubar
1288 1177 1400 1243 indere
1424 1178 1521 1242 terris

670 1283 856 1368 Promptius
880 1289 913 1346 ct
936 1281 1033 1345 radiis
1055 1281 1181 1344 animas
1204 1282 1349 1346 animare
1374 1281 1573 1367 propinquis,

672 1386 743 1460 Quo
768 1385 890 1471 gaudet
912 1384 1061 1456 mundus,
1085 1406 1158 1448 cum
1182 1407 1246 1449 uon
1271 1386 1337 1449 sint
1359 1385 1479 1471 gaudia
1500 1384 1622 1449 mundi.

671 1489 787 1554 Cernis
811 1488 1002 1553 adorantem
1026 1487 1160 1573 pavidos
1184 1488 1385 1552 summittere
1409 1488 1518 1551 vultus

672 1593 765 1656 Vatis
790 1594 820 1655 in
845 1591 1046 1677 obsequium.
1082 1593 1201 1656 natalis
1225 1598 1373 1677 tempora
1395 1594 1494 1656 sentit

670 1696 771 1760 Festa
794 1718 853 1761 nec
876 1696 1002 1759 amissis
1026 1696 1227 1780 contempnit
1249 1696 1350 1760 tristis
1373 1696 1523 1761 alumnis.

718 1800 786 1864 Iste
810 1800 879 1864 dies
904 1800 1030 1863 cunctis
1054 1799 1142 1863 vitae
1166 1800 1357 1884 cunctisque
1381 1799 1494 1864 salutis

602 1943 606 1953 =
675 1904 782 1967 Causa
805 1903 876 1981 fuit,
901 1902 1020 1968 veteris
1043 1902 1226 1966 dissolvens
1250 1903 1380 1966 vincula
1401 1923 1519 1967 noxae.

673 2008 823 2073 Christus
846 2009 879 2072 in
902 2008 963 2072 boc
986 2007 1101 2072 tribuit
1124 2007 1223 2071 decus
1246 2013 1281 2071 et
1303 2013 1450 2072 tutamen
1472 2008 1505 2070 in
1529 2008 1615 2070 arvis

672 2112 835 2191 Ausoniis,
859 2112 953 2197 parili
976 2112 1115 2197 populos
1138 2113 1193 2197 qui
1216 2117 1325 2176 mente
1348 2111 1511 2195 gubernet

671 2216 714 2279 Et
737 2222 855 2301 gentes
877 2217 1001 2302 pietate
1027 2221 1131 2299 regat,
1155 2214 1272 2299 quibus
1296 2221 1409 2279 auctor
1432 2214 1565 2300 Olympi

671 2319 842 2384 Pollicitus
865 2318 961 2382 simili
985 2338 1100 2401 regem
1123 2315 1288 2401 probitate
1311 2318 1446 2402 paravit.

591 2462 595 2471 ·
674 2423 804 2489 Dexter
826 2431 862 2487 ut
884 2424 955 2509 ipse
979 2421 1061 2486 deus
1083 2421 1164 2484 solio
1188 2420 1245 2484 dat
1267 2421 1338 2485 iura
1361 2441 1502 2485 corusco.

671 2527 845 2591 Proximus
867 2527 919 2591 hic
943 2526 1045 2606 caelo,
1071 2525 1122 2589 cui
1147 2527 1228 2589 recti
1252 2525 1384 2590 conscia
1407 2547 1499 2590 mens
1521 2533 1582 2604 est,

674 2631 812 2719 Semper
835 2634 906 2709 erit,
931 2653 1027 2717 quem
1051 2633 1137 2695 iusta
1161 2630 1310 2716 probant,
1333 2653 1430 2716 quem
1453 2631 1559 2696 iudice
1582 2630 1702 2696 mundo

671 2734 812 2799 Publica
834 2742 910 2798 vota
932 2734 1055 2819 legunt.
1089 2733 1205 2812 fateor,
1229 2733 1384 2818 suffragia
1407 2755 1527 2818 magna

674 2837 831 2916 Contulit,
855 2844 891 2902 ut
915 2837 1002 2902 scdis
1022 2838 1147 2922 gremio
1171 2837 1335 2928 frueretur
1358 2839 1533 2924 inemptae.

592 2955 616 2988 ⁵⁵
677 2940 797 3005 Libera
820 2947 852 3004 te
876 2940 1043 3005 dominum
1066 2941 1176 3028 posuit
1199 2940 1262 3005 sibi
1286 2942 1383 3006 turba
1406 2962 1594 3027 perennem,

675 3043 815 3108 Servitio
840 3044 1002 3109 laudanda
1025 3065 1095 3108 suo.
1134 3067 1202 3130 pro,
1227 3053 1367 3130 quantus
1389 3047 1510 3131 ubique

674 3146 801 3212 Feruor
823 3154 907 3212 erat!
944 3155 1057 3213 sancto
1080 3148 1192 3213 muudi
1215 3149 1391 3234 plaudente
1415 3149 1557 3214 tumultu

675 3251 837 3316 Omnibus
860 3252 947 3317 idem
970 3253 1106 3333 animus,
1129 3253 1234 3318 turbis
1257 3275 1323 3318 vox
1346 3253 1496 3318 omnibus
1518 3275 1595 3320 una.

676 3355 730 3420 Sic
754 3361 863 3420 tamen
885 3357 1079 3421 alterutrum
1102 3356 1273 3422 certabant
1295 3358 1427 3423 vincere
1450 3360 1542 3432 votis,

679 3458 749 3525 Ceu
773 3459 833 3524 sibi
857 3481 929 3524 cum
953 3460 1024 3525 diro
1047 3459 1193 3526 bellandi
1215 3463 1395 3527 comminus
1419 3461 1513 3527 hoste

678 3562 787 3628 Causa
809 3564 904 3629 foret.
944 3566 1059 3650 vulgus
1082 3566 1214 3651 proprio
1237 3572 1313 3630 tunc
1338 3566 1497 3650 sanguine
1520 3566 1619 3630 vincit

676 3667 865 3732 Pollioitum
888 3668 1040 3752 quotiens
1063 3669 1161 3734 fuerit
1184 3669 1321 3748 sufferre
1344 3668 1476 3756 pericla.

677 3769 796 3856 Caspia
819 3792 883 3835 non
906 3772 1002 3836 aliter
1025 3792 1097 3835 cum
1120 3773 1213 3857 tigris
1236 3772 1302 3836 feta
1325 3771 1495 3857 Niphaten

677 3875 799 3939 Circuit
821 3882 878 3939 aut
900 3877 1026 3940 catulos
1049 3877 1195 3961 rapiendi
1219 3877 1337 3942 format
1360 3876 1402 3940 ad
1425 3897 1513 3954 usus,

601 3994 605 4003 ·
680 3978 786 4044 Ardet
808 3980 840 4042 in
865 3979 1031 4055 absentes,
1055 3982 1160 4044 saevis
1185 3983 1334 4046 mortalia
1357 3981 1482 4046 mandit

678 4081 828 4147 Membra
850 4083 966 4146 animis
990 4083 1220 4168 hominumque
1243 4105 1358 4149 necem
1381 4085 1464 4170 petit
1487 4104 1544 4148 ore
1561 4091 1705 4148 cruento.

676 4183 772 4250 Alter
794 4187 827 4250 in
851 4185 913 4250 hoc
936 4187 1063 4251 senium
1085 4188 1208 4252 teneris
1231 4188 1367 4252 miratus
1391 4189 1423 4251 in
1446 4187 1551 4267 aunis,

677 4288 772 4353 Alter
794 4289 827 4353 in
850 4291 983 4375 antiqua
1006 4290 1150 4354 iactabat
1173 4291 1274 4375 stirpe
1298 4298 1464 4377 parentes,

677 4393 823 4458 Alterius
848 4401 1002 4459 contenta
1025 4416 1139 4481 parum
1162 4394 1203 4459 de
1229 4395 1386 4479 sanguine
1409 4416 1503 4459 mens
1526 4402 1586 4459 est.

679 4496 792 4582 Digna
814 4497 936 4562 referre
960 4496 1020 4560 viri
1045 4499 1200 4562 virtutum
1224 4504 1397 4563 stemmata
1420 4498 1508 4564 mille

679 4600 930 4666 Commemorat.
968 4610 1091 4689 quanta
1113 4605 1200 4669 tituli
1223 4611 1300 4668 tunc
1323 4603 1418 4669 laude
1443 4609 1640 4690 superstant,

678 4703 861 4768 Vincuntur
885 4706 1045 4789 quotiens,
1070 4714 1104 4772 et
1127 4729 1252 4772 morum
1275 4709 1380 4793 gloria
1401 4708 1494 4772 victis

679 4806 820 4870 Parturit
843 4808 1005 4892 insignem
1028 4831 1087 4894 per
1108 4812 1241 4875 saccula
1265 4813 1362 4896 longa
1385 4811 1601 4896 triumphum!

677 4908 738 4973 Ille
762 4908 961 4994 pudicitiam,
984 4932 1068 4996 quac
1092 4913 1227 4997 pulchro
1251 4914 1282 4977 in
1307 4936 1444 5001 corpore
1469 4922 1584 4979 vemat

416 5242 439 5276 v.
455 5223 487 5275 31
508 5223 618 5274 faraonis
630 5221 656 5272 Β
662 5220 686 5269 V
794 5238 816 5271 v.
830 5217 863 5270 34
882 5223 1038 5289 conplectsm
1052 5223 1084 5287 B,
1103 5226 1269 5290 complectere
1284 5221 1344 5275 CPb
1453 5243 1474 5274 v.
1489 5221 1521 5274 3'l
1541 5226 1612 5275 iubat
1626 5223 1651 5273 B
1757 5240 1780 5274 v.
1794 5219 1826 5272 41
1845 5221 1934 5273 nultos
1944 5220 1969 5271 Β

311 5327 336 5360 v.
354 5309 389 5361 43
407 5312 524 5362 sdnrlssis
544 5306 605 5361 GPc
744 5325 767 5358 v.
787 5305 822 5358 50
839 5306 877 5372 ut]
901 5309 958 5358 ctb
1098 5327 1121 5360 v.
1141 5308 1174 5359 5⁴
1193 5312 1266 5362 sedas
1285 5310 1310 5360 Β
1448 5328 1470 5361 s.
1490 5307 1522 5359 57
1541 5311 1651 5361 tumulto
1670 5310 1695 5360 Β
1832 5326 1856 5359 v.
1874 5303 1911 5358 60
1926 5324 1969 5359 oo·

312 5396 398 5448 minus
426 5394 509 5448 mss
654 5412 678 5445 v.
696 5393 728 5444 61
753 5394 817 5445 uicit
838 5391 897 5444 CPb
1039 5411 1065 5446 v.
1082 5392 1117 5446 63
1140 5397 1219 5463 tegris
1237 5396 1262 5447 B
1366 5397 1463 5447 uil'atcu
1485 5395 1583 5447 codices
1725 5412 1749 5446 v.
1767 5394 1802 5446 64
1823 5392 1927 5446 catulus
1943 5394 1970 5446 Β

311 5497 336 5532 v.
358 5478 393 5532 65
419 5483 516 5534 mandit
543 5480 641 5545 Sobott,
674 5480 776 5532 mundet
800 5479 839 5543 B,
869 5479 971 5530 mandat
997 5482 1072 5533 oderi
1227 5501 1251 5535 v.
1276 5481 1310 5534 oc
1336 5480 1437 5548 mimis]
1466 5483 1568 5534 animus
1590 5479 1633 5532 V·
1786 5497 1811 5533 r.
1833 5474 1869 5531 '10
1896 5478 1969 5536 stin·

311 5574 379 5619 mata
395 5565 422 5617 B
428 5566 503 5619 VM*
