4500 6232
423 291 476 347 llll
939 288 961 347 Ι.
988 291 1036 347 Dll
1056 291 1145 346 Vl'l'll
1164 290 1212 346 ΕΤ
1231 289 1391 346 scalpris
1409 287 1559 344 ENNODI.

730 462 822 518 Codex
840 464 1040 520 Bruxeliensis:
1431 462 1551 518 codices
1569 464 1655 518 ceteri
1674 463 1786 518 Ennodi
1805 469 1834 520 et
1852 467 1989 523 Isidorus:

506 575 536 638 p.
551 554 624 630 49,6
670 552 786 638 negotii
1351 552 1467 638 negotii
1491 553 1671 618 intentionis

604 658 643 721 31
668 656 810 722 inscitiae
1349 657 1530 722 inscientiae

550 762 622 838 562
667 761 834 846 myfitioam
857 766 908 844 (=
925 761 1136 848 mephitioam)
1349 761 1512 846 mysticam

499 887 503 905 ·
601 867 621 929 9
665 864 849 929 abscondito
1349 863 1525 929 absconditi

606 967 726 1033 ludeo
1352 966 1480 1033 domino

604 1073 644 1136 14
667 1070 820 1135 dictorum
1351 1069 1512 1136 doctorum

603 1176 641 1239 17
665 1175 795 1261 appellit
817 1179 867 1257 (=
884 1175 1030 1261 appellet)
1351 1175 1473 1261 repellit
1493 1175 1625 1263 appellit

602 1279 643 1343 27
667 1277 848 1362 fatigatione
1351 1278 1585 1364 fatigationibus

551 1383 645 1458 51,10
667 1403 747 1467 nego
1353 1382 1458 1446 nescio

606 1486 645 1551 18
668 1483 816 1550 sodomae
1352 1484 1483 1550 sodoma

551 1589 622 1666 543
666 1590 844 1654 testimonio
963 1645 967 1653 .
1353 1592 1385 1655 in
1408 1591 1585 1656 testimonio

552 1695 623 1770 55,4
667 1691 819 1757 adversus
884 1775 885 1779 Ἰ
1351 1693 1410 1759 ad'

605 1799 645 1862 14
667 1796 722 1860 illa
744 1805 847 1860 vestra
869 1796 1016 1880 eligantia
1038 1795 1232 1883 pertrahetur
1353 1797 1439 1862 illam
1464 1807 1597 1862 vestram
1619 1799 1804 1884 elegantiam
1828 1799 2005 1885 pertrahitis

604 1902 645 1965 33
668 1923 756 1987 spem
1356 1922 1413 1965 om.

604 2006 645 2069 38
668 2001 854 2067 dishictioni
1355 2002 1580 2068 districtionem

552 2109 623 2185 578
667 2106 836 2171 humanum
861 2129 897 2170 os
1355 2129 1481 2171 manum
1504 2129 1539 2171 os

607 2212 646 2275 10
1353 2210 1467 2295 quibus
1491 2210 1716 2290 inseparatum

553 2315 646 2392 58,35
669 2322 816 2378 accusato
1356 2322 1518 2379 accusator

552 2418 646 2495 5814
1354 2417 1516 2482 desideriis
1538 2415 1761 2497 interpolatum

605 2524 647 2588 26
1352 2531 1400 2586 est
1421 2519 1644 2600 interpolatam

556 2626 624 2701 61‚1
672 2624 802 2709 gloriam
833 2648 894 2689 non
923 2625 1064 2710 requirit,
1100 2625 1141 2689 ad
1168 2624 1290 2689 laudem
1356 2624 1487 2710 gloriam
1510 2622 1696 2687 venerabilis

706 2751 793 2793 suam
823 2729 966 2793 iniuriam
995 2728 1093 2793 credit
1119 2727 1294 2815 essequod
1359 2749 1416 2791 om.
1440 2733 1541 2791 cetera

704 2828 851 2917 iungitur.
877 2833 1021 2920 respicite
1033 2834 1122 2918 qnasi
1140 2833 1220 2897 libra
1230 2855 1292 2918 qua
1358 2832 1432 2913 (cod.
1449 2829 1484 2897 V
1507 2831 1598 2894 addit
1618 2835 1726 2894 notam
1749 2829 1791 2896 lid
1800 2832 1818 2909 l)

703 2935 936 3023 dispensatione
959 2937 1146 3003 venerabilis

605 3046 624 3106 5
669 3039 828 3105 sufficiant
1356 3036 1516 3102 sufficiunt

554 3146 646 3222 6227
671 3145 800 3209 obruere
1356 3141 1503 3205 subruere

605 3249 646 3313 38
670 3247 824 3312 necdum
1357 3243 1472 3309 nedum

553 3353 622 3429 63,1
670 3351 811 3416 onerabit
833 3356 883 3431 (=
901 3351 1052 3430 oneravit)
1354 3347 1503 3413 onerabat

608 3457 647 3521 17
671 3454 836 3540 parientis
1354 3451 1493 3539 parentis

607 3560 647 3624 27
672 3557 805 3643 accipiat
1355 3555 1469 3642 accipit

606 3665 648 3729 28
671 3660 772 3725 ledere
795 3665 845 3740 (=
864 3659 995 3741 laedere)
1355 3658 1462 3723 ludere

554 3770 626 3844 646
670 3763 822 3828 dicisione
843 3767 895 3846 (=
913 3763 1079 3846 decisione)
1357 3761 1542 3826 discissione

607 3872 648 3934 20
670 3868 837 3932 involvunt
859 3868 970 3933 nebule
1356 3864 1492 3929 involvit
1513 3864 1626 3928 nebula

606 3974 644 4037 21
670 3969 885 4056 praedicantes
908 3970 986 4035 lucis
1009 3980 1165 4035 auctorem
1356 3966 1533 4054 praedicate
1554 3967 1633 4031 lucis
1656 3977 1796 4032 airctores

605 4078 646 4139 22
670 4074 724 4160 qui
1357 4072 1432 4157 quia
1510 4155 1517 4166 x

607 4180 648 4244 26
671 4199 863 4263 conquaeror
1358 4197 1472 4261 queror

608 4282 649 4345 33
673 4280 804 4367 sepelire
1358 4278 1482 4365 sepeliri

554 4386 648 4464 6525
671 4384 725 4470 qui
741 4384 842 4448 —eis
1359 4405 1565 4469 quae-eos

554 4490 648 4568 66,12
672 4511 691 4552 a
712 4498 823 4575 coepto
1358 4497 1470 4574 coepto

607 4594 649 4659 29
1358 4615 1421 4657 non
1443 4590 1667 4672 intapohrtum

556 4698 650 4775 sals
673 4696 787 4762 habeat
1357 4695 1452 4761 habet

426 4816 499 4882 Hac
521 4817 690 4882 lectionum
706 4817 915 4905 discrepantia
930 4815 1022 4881 credo
1042 4818 1119 4882 satis
1138 4839 1292 4904 superque
1306 4815 1554 4881 demonstratum
1575 4826 1623 4881 est
1644 4816 1802 4882 Isidonrm
1818 4841 1880 4882 non
1903 4841 1941 4882 ex
1959 4828 2083 4882 vetusto

427 4920 596 5008 archetypo
619 4944 677 4987 sna
698 4921 854 5002 hausisse,
881 4919 937 4986 sed
959 4943 997 4985 ex
1021 4930 1167 5007 conupto
1190 4920 1358 5007 exemplari
1387 4943 1467 4985 cum·
1487 4919 1637 4984 deteriore
1659 4919 1917 4985 Ennodianornm
1940 4920 2082 4986 codicum

425 5024 545 5091 familia
567 5026 724 5091 artissime
742 5027 908 5091 coniuncto
930 5024 1073 5112 pendere.
1088 5064 1129 5073 —
1145 5025 1224 5090 Illae
1246 5047 1322 5090 vero
1343 5023 1419 5089 IIII
1433 5033 1465 5088 et
1480 5023 1515 5090 V
1531 5023 1653 5110 synodi,
1675 5047 1754 5112 quas
1776 5033 1928 5090 memorat
1941 5024 2083 5089 Isidorus

426 5137 457 5192 et
479 5128 572 5195 hodie
594 5153 717 5217 quoque
740 5131 866 5217 plurimi
882 5129 1102 5207 discemeudas
1124 5152 1192 5194 esse
1213 5137 1327 5216 putant
1345 5130 1472 5194 alteram
1496 5151 1577 5193 anno
1596 5130 1658 5195 502
1674 5128 1802 5193 alteram
1819 5133 1881 5195 503
1904 5128 2085 5207 tribuentes,

426 5254 490 5296 non
512 5232 576 5297 duo
599 5234 731 5299 concilia
752 5243 848 5313 erant,
871 5232 925 5299 sed
948 5232 1088 5298 eiusdem
1110 5234 1233 5298 concilii
1256 5243 1427 5299 conventus
1450 5234 1498 5298 vel
1529 5232 1726 5297 collectiones
1750 5233 1798 5297 vel
1823 5233 2084 5318 congregationes,

426 5357 506 5422 quae
528 5337 683 5402 vocabula
705 5339 736 5402 in
759 5339 838 5404 actis
861 5337 974 5424 synodi
994 5339 1073 5425 ipsis
1096 5338 1272 5424 promiscue
1295 5336 1490 5418 adhibentur,
1512 5338 1531 5403 i.
1546 5359 1572 5402 c
1587 5337 1741 5402 sessiones
1764 5337 1823 5416 vel,
1846 5347 1879 5401 ut
1900 5338 1932 5401 in
1952 5339 2084 5402 coneilio

426 5438 674 5506 Chalcedonensi
697 5443 905 5524 nominantur,
926 5443 1073 5508 actiones.
1117 5465 1189 5507 nam
1212 5443 1240 5508 si
1262 5465 1342 5530 quae
1364 5443 1442 5508 actis
1465 5441 1656 5530 synodorum
1679 5453 1710 5508 et
1730 5440 1875 5530 epistulis
1897 5440 2084 5509 Theoderici

426 5541 527 5630 (Thiel
550 5542 639 5631 epist
661 5545 770 5632 pontif.
792 5569 823 5633 p.
839 5548 1021 5629 657-695)
1044 5568 1184 5634 quaeque
1206 5545 1247 5612 ab
1269 5554 1394 5614 auctore
1413 5545 1592 5614 Veronensi
1614 5557 1646 5613 et
1672 5548 1752 5614 libro
1773 5545 1943 5635 pontificali
1966 5547 2086 5617 tradita
