4500 6232
333 315 396 382 220
784 308 957 370 couxxvn
975 308 1078 383 (DIO‘P.
1096 314 1134 382 4),
1151 306 1337 368 oouxxvm
1356 306 1459 380 (ulcr.
1477 307 1532 377 20).

334 491 527 556 narrationis
550 490 698 571 exilitas,
728 489 756 555 si
779 488 889 576 opifici
913 510 972 554 suo
996 489 1189 574 obsequium
1212 488 1334 553 referat
1356 493 1554 552 narraturus.
1599 492 1710 571 potest
1731 482 1820 550 enim
1841 482 1997 571 lingonum

331 594 504 660 facundiae
527 594 659 660 dotibus
689 615 805 660 ornare
832 595 886 679 qui
913 595 1068 674 eontulit,
1097 600 1130 657 et
1152 592 1230 658 dare
1253 592 1363 657 verbis
1387 591 1536 676 genium,
1567 610 1664 675 quern
1688 588 1830 656 latemur
1851 588 1993 656 dedisse

302 696 529 765 2sermonem.
575 720 651 763 narn
681 698 865 785 prophetici
895 697 1017 763 dudum
1040 697 1178 762 maciem
1202 697 1283 760 iuvit
1306 695 1439 781 eloquii,
1471 693 1547 758 dum
1571 692 1612 757 ad
1635 692 1816 779 perfectam
1839 692 1993 778 magistri

333 803 556 886 eloquentiam
580 808 614 867 et
636 802 805 867 fortissimi
829 801 996 866 monitoris
1018 801 1130 866 tubam
1153 800 1309 865 inbecilla
1324 798 1431 884 Moysi
1447 797 1629 882 erigeretur
1643 795 1793 861 infantia:
1815 795 1871 883 qui
1887 796 1992 862 nullis

332 904 489 989 gradibus
513 905 589 969 dum
613 905 765 992 peritiam
788 904 966 969 meditatur
988 904 1139 984 effloruit,
1162 924 1223 968 nee
1239 923 1298 989 per
1312 908 1440 967 aetates
1457 901 1595 966 alicuius
1611 899 1768 965 scientiae
1784 899 1826 966 ad
1842 920 1991 966 messem
2058 920 2072 957 τι

332 1009 541 1093 perfectionis
565 1009 726 1074 aseendit:
750 1009 804 1093 qui
827 1008 882 1072 diu
905 1009 1041 1073 militem
1064 1006 1258 1072 infabricato
1282 1005 1425 1092 portavit
1442 1005 1584 1091 ingenio,
1608 1003 1750 1068 officium
1766 1002 1858 1069 ducis
1874 1005 1992 1069 iussus

300 1113 495 1197 3arripere,
532 1113 609 1197 quia
644 1111 828 1178 verecunde
864 1113 1007 1192 rennuit,
1045 1118 1235 1176 constanter
1268 1111 1426 1196 implevit.
1479 1110 1525 1174 sie
1558 1129 1616 1171 nos
1649 1106 1863 1173 dedicationis
1900 1109 1993 1173 festa

332 1216 556 1290 oelebrantes,
585 1217 672 1282 inter
694 1216 849 1302 spiritalis
873 1216 1019 1280 laetitiae
1042 1216 1128 1281 bona
1150 1215 1393 1301 praestolamur
1414 1213 1567 1299 gratiam,
1590 1211 1668 1277 dum
1688 1232 1855 1299 paremus.
1899 1212 1992 1278 absit

332 1317 471 1382 formido
502 1317 635 1399 debilis,
665 1325 874 1384 removeatur
902 1318 1022 1382 fiducia
1049 1318 1190 1383 inaniter
1213 1322 1372 1401 concepta
1393 1336 1452 1400 per
1473 1313 1628 1378 studium.
1673 1333 1733 1378 nos
1755 1312 1797 1379 de
1820 1313 1989 1380 humanae

300 1422 545 1508 dperfectionis
575 1424 743 1488 schemate
770 1444 831 1487 nec
861 1423 1098 1509 praesumimus
1128 1420 1250 1507 aliquid
1278 1441 1338 1485 neo
1367 1420 1530 1484 timemus.
1581 1415 1700 1483 deinde
1730 1418 1803 1504 quis
1830 1418 1864 1482 in
1895 1418 1988 1484 beati

330 1525 486 1590 Iohannis
511 1526 689 1612 prophetae
714 1534 748 1591 et
770 1526 927 1612 apostoli,
958 1525 1050 1590 ouius
1081 1525 1237 1610 templum
1267 1523 1327 1588 hoc
1355 1523 1569 1588 sanctificavit
1595 1523 1778 1607 ingressus,
1811 1522 1863 1586 vel
1892 1528 1988 1586 muta

330 1627 459 1693 dubitet
487 1650 544 1693 ora
572 1630 698 1694 laxari?
744 1630 836 1694 euius
866 1629 974 1693 senior
1002 1629 1109 1714 gratia
1140 1650 1236 1714 quarn
1267 1635 1397 1709 natura,
1429 1626 1505 1691 dum
1526 1633 1603 1691 ante
1626 1625 1708 1690 lueis
1729 1626 1914 1711 ingressum
1935 1625 1988 1711 pii

331 1732 416 1794 vatis
440 1733 612 1817 implesset
632 1733 786 1814 officium,
809 1732 908 1796 limen
925 1732 1012 1796 vitae
1027 1732 1123 1796 huius
1140 1733 1258 1797 virtute
1274 1731 1425 1817 signavit.
1462 1751 1538 1795 nam
1552 1750 1617 1794 uno
1635 1727 1815 1814 eodemque
1833 1735 1987 1815 tempore

332 1842 366 1898 et
388 1842 524 1901 matrem
548 1837 749 1902 fecunditate
773 1836 917 1901 nobilem
940 1836 1020 1901 lecit
1042 1843 1075 1900 et
1097 1835 1280 1900 inofficiosa
1302 1834 1464 1920 genitoris
1481 1833 1569 1897 labia
1584 1833 1616 1896 in
1632 1833 1797 1919 loquelam
1811 1831 1987 1919 pristinam

330 1961 390 2003 usu
408 1947 577 2004 remeante
595 1941 779 2004 commovit.
816 1959 912 2005 nemo
928 1939 1110 2004 Iohannem
1125 1939 1297 2003 nominans
1313 1946 1388 2024 post
1411 1936 1552 2022 exempli
1576 1935 1804 2023 praeoedentis
1826 1937 1988 2003 miracula

297 2042 501 2126 bpristinam
530 2042 661 2126 linguae
685 2042 871 2107 habiturum
895 2064 931 2108 se
955 2042 1138 2128 suspicetur
1162 2041 1358 2127 inperitiam.
1402 2049 1477 2127 post
1499 2040 1756 2105 sacratissimum
1777 2040 1987 2122 Zachariam,

330 2144 422 2208 euius
452 2145 603 2210 faucibus
634 2146 801 2210 eliminata
829 2167 889 2231 per
916 2143 1003 2209 istud
1028 2143 1222 2208 vocabulum
1251 2144 1411 2208 remeavit
1433 2144 1635 2223 humanitas,
1665 2143 1707 2208 ab
1731 2142 1888 2208 universis
1911 2143 1986 2208 iure

329 2247 474 2313 creditur
507 2248 674 2313 Iohannes
710 2251 878 2335 apostolus
918 2248 1021 2313 clavis
1056 2269 1129 2313 esse
1162 2247 1347 2312 verborum.
1399 2248 1430 2311 in
1466 2247 1561 2311 huius
1599 2246 1753 2311 comitatu
1786 2244 1987 2327 Antoninus,

330 2351 451 2415 vetusti
479 2350 579 2416 heroa
610 2352 748 2433 saeculi,
782 2358 816 2417 et
843 2350 1025 2417 beatissimi
1049 2349 1197 2416 Cassiani
1226 2351 1339 2415 iuncta
1370 2350 1528 2415 claritudo
1552 2350 1677 2415 faciunt
1699 2349 1741 2413 de
1763 2348 1846 2415 aede
1870 2370 1984 2415 saera·

329 2460 489 2534 mentum,
522 2454 563 2518 de
586 2463 718 2521 terrena
740 2455 941 2521 habitatione
964 2456 1107 2520 caeleste
1131 2455 1320 2540 collegium,
1351 2455 1392 2519 de
1415 2475 1514 2519 manu
1536 2454 1631 2518 laetis
1654 2452 1741 2539 quod
1763 2454 1853 2518 nulla
1874 2454 1982 2540 possit
2038 2506 2049 2520 .

297 2562 501 2623 bseneetute
518 2559 643 2623 violari.
683 2580 834 2624 oceasum
858 2560 945 2624 enim
968 2559 1030 2624 deo
1054 2558 1165 2623 oblata
1187 2579 1252 2623 non
1276 2559 1429 2639 sentiunt,
1452 2579 1514 2623 neo
1537 2557 1580 2621 ad
1595 2562 1794 2623 vetustatem
1809 2558 1985 2623 tremulam

329 2661 452 2746 pietate
468 2662 551 2726 fulta
566 2663 748 2727 mittuntur.
787 2667 853 2727 atat
869 2663 1019 2727 soliditas
1036 2661 1217 2742 machinae,
1240 2681 1337 2746 quam
1353 2660 1503 2726 Christus
1519 2661 1712 2746 ingreditur,
1736 2667 1770 2726 et
1784 2661 1985 2746 originariae

329 2762 434 2827 oblita
455 2764 644 2850 fragilitatis
667 2765 859 2851 adipiscitur
882 2765 922 2830 de
948 2787 1135 2857 possessore
1151 2767 1315 2830 virtutem.
1351 2773 1439 2830 tecta
1455 2766 1533 2830 vilia
1555 2766 1595 2829 de
1617 2765 1840 2830 consecrantis
1861 2764 1985 2829 nobili-

299 2869 398 2930 7tate
422 2866 625 2947 decorantur,
652 2868 727 2932 dum
751 2869 799 2934 rei
823 2869 964 2934 caducae
989 2871 1127 2955 pretium
1144 2869 1294 2934 tribuitur
1310 2868 1432 2934 habere
1449 2868 1490 2933 de
1506 2868 1647 2934 domino.
1684 2876 1720 2933 tu
1735 2875 1856 2943 autem,
1879 2868 1985 2933 frater

329 2970 548 3047 sanctissime,
578 2971 673 3035 huius
702 2972 830 3036 oblator
859 2973 1014 3054 aedilicii,
1046 2973 1086 3039 dc
1116 2969 1277 3038 mercedis
1305 2973 1519 3038 retributione
1549 2974 1725 3058 gratulare.
1771 2973 1876 3036 nescit
1902 2994 1982 3058 spes

327 3072 487 3153 titubare,
519 3076 570 3138 cui
592 3075 699 3140 bonae
727 3076 852 3140 fruetus
876 3078 1073 3162 promittitur
1096 3078 1243 3142 actionis.
1288 3077 1330 3140 ab
1354 3075 1513 3141 exercitio
1535 3075 1707 3140 descendit
1731 3076 1982 3140 retributionum

326 3172 457 3252 fiducia,
482 3197 542 3241 ncc
565 3179 632 3242 ullo
657 3184 751 3243 nutat
773 3179 897 3244 incerto
919 3181 974 3264 qui
996 3179 1160 3245 laudanda
1182 3180 1367 3245 meditatur.

930 3469 1174 3540 ccmvm
1196 3471 1290 3558 (aior.
1308 3473 1373 3558 20).

592 3664 753 3740 DICTIO
788 3666 836 3739 lN
869 3666 968 3741 EVM
1001 3667 1083 3757 QVI
1116 3667 1163 3741 lN
1199 3667 1446 3741 LVPANARl
1482 3665 1709 3739 STATVAM

900 3806 1148 3880 MINERVAE
1183 3805 1403 3879 LOCAVIT.

293 3970 306 4028 ¹
446 3945 595 4064 Semper
618 3978 879 4045 venerandorum
910 3979 1051 4047 iudicum
1081 3981 1255 4067 ancipitem
1285 3979 1448 4045 credimus
1476 3979 1577 4045 luisse
1608 3981 1803 4046 sententiam
1832 3982 1874 4048 de
1897 4005 1979 4049 con-

323 4081 450 4145 fusione
473 4082 610 4166 peccati.
655 4082 699 4147 ibi
723 4082 912 4168 cognitoris,
939 4105 1003 4169 quo
1027 4084 1233 4170 potissimum
1258 4089 1420 4169 vergeret,
1445 4083 1552 4148 haesit
1573 4083 1776 4165 deliberatio,
1798 4085 1854 4149 ubi
1876 4085 1980 4153 dubia

322 4185 431 4248 extitit
454 4206 524 4249 sors
548 4184 675 4261 delicti;
699 4206 774 4250 nam
798 4185 1021 4253 definitionem
1045 4187 1202 4273 aequitati
1225 4208 1403 4272 congruam
1427 4187 1511 4251 sieut
1531 4187 1612 4251 vitia
1634 4188 1807 4253 manifesta
1829 4189 1979 4275 exigunt,

322 4287 369 4350 ita
391 4287 531 4352 obscura
560 4288 774 4374 suspendunt.
819 4289 948 4375 quando
979 4291 1012 4355 in
1043 4291 1116 4356 luoe
1147 4297 1197 4356 est
1225 4291 1365 4372 lacinus,
1400 4291 1478 4377 quid
1508 4292 1578 4377 spei
1602 4298 1750 4357 remanet
1771 4293 1979 4360 addicendo?

292 4391 492 4477 tpercipite,
522 4412 656 4477 quaeso,
680 4392 798 4458 animis
821 4399 855 4458 et
877 4395 1005 4459 interna
1027 4395 1255 4459 aestimatione
1279 4399 1428 4475 tractate,
1451 4395 1557 4480 qualis
1580 4395 1623 4459 sit
1644 4395 1701 4480 qui
1724 4402 1758 4461 et
1780 4397 1978 4483 virginitatis

321 4494 431 4557 oeulos
460 4502 494 4558 et
525 4495 691 4580 lupanaris
723 4504 850 4561 secreta
880 4497 1029 4578 violavit,
1059 4504 1093 4562 et
1119 4497 1153 4561 in
1182 4504 1321 4584 utroque
1353 4499 1532 4583 sacrilegus
1560 4519 1621 4562 nec
1644 4499 1768 4585 flagitia
1790 4508 1977 4584 veneratur,
2052 4523 2061 4541 ‘

320 4596 438 4681 quibus
461 4597 625 4662 inimicam
647 4606 766 4665 testem
782 4601 939 4681 adhibuit,
963 4608 997 4667 et
1012 4602 1174 4666 eastitatis
1191 4603 1342 4688 profligat
1357 4601 1518 4683 ruborem,
1543 4623 1640 4687 quam
1656 4601 1799 4688 indignis
1814 4604 1976 4672 adsociat.

321 4699 493 4785 expostulo
518 4707 603 4781 ate,
627 4702 761 4767 humani
783 4706 913 4789 generis
936 4710 1112 4785 ostentum,
1141 4705 1197 4789 qui
1220 4705 1388 4770 levitatem
1412 4710 1501 4769 tuam
1525 4704 1566 4768 nd
1589 4704 1782 4791 erigendum
1804 4705 1976 4775 Minervae

321 4803 529 4868 simulacrum
554 4805 723 4891 religionis
747 4809 854 4872 cultus
877 4807 1063 4888 adduxerit,
1088 4808 1164 4873 dum
1187 4806 1383 4894 integritatis
1407 4806 1536 4873 hostem
1559 4808 1662 4873 inlata
1685 4807 1726 4874 de
1742 4810 1803 4873 loci
1818 4809 1977 4877 foeditate

423 5080 440 5133 3
459 5083 557 5134 dudum
575 5085 655 5136 aciem
675 5086 747 5137 iubet
758 5085 784 5136 B
888 5083 905 5137 4
923 5094 1069 5153 erogaretur
1081 5086 1106 5137 B
1208 5085 1339 5138 baemtes
1351 5086 1384 5149 Β,
1402 5087 1494 5138 aetatis
1511 5086 1587 5138 reteri
1654 5089 1778 5141 scientiae
1789 5087 1823 5153 B,
1840 5089 1975 5143 scientiam

318 5168 393 5219 ceteri
509 5167 526 5219 6
545 5167 599 5235 diu]
619 5172 680 5221 dum
692 5171 788 5223 Horret
904 5169 919 5221 'l
937 5173 1023 5223 renuit
1038 5172 1063 5221 V
1135 5172 1252 5239 implebit
1268 5171 1292 5221 Β
1407 5170 1424 5222 8
1440 5173 1624 5239 praestolamur
1639 5173 1664 5222 V
1776 5173 1810 5226 10
1826 5186 1936 5229 coenrate
1948 5177 1976 5229 Β

322 5252 352 5303 11
371 5262 397 5304 et
414 5255 523 5322 apostoli
535 5255 568 5319 B,
586 5273 634 5307 om.
647 5258 722 5307 ceteri
791 5258 892 5308 laudem
911 5266 970 5308 onte
988 5258 1063 5309 euius
1079 5257 1185 5308 interret
1198 5257 1293 5308 Horret
1402 5257 1435 5309 15
1452 5260 1621 5325 praecidentis
1632 5259 1658 5310 B
1767 5258 1800 5313 18
1817 5262 1936 5315 iohannis
1949 5264 1976 5313 Β

319 5336 352 5389 19
370 5341 448 5392 beroa
462 5341 468 5407 Ι
482 5359 498 5393 a
510 5341 563 5406 Ba,
587 5342 688 5394 herosb
706 5352 730 5394 et
746 5361 779 5395 m.
796 5361 846 5395 reo.
864 5345 891 5394 in
905 5343 931 5394 B
1016 5341 1212 5409 sacramentum]
1234 5345 1373 5395 sacrarium
1391 5346 1480 5395 malim
1492 5364 1522 5411 p.
1541 5350 1627 5408 121,5
1747 5345 1782 5399 20
1799 5348 1931 5415 eolligium
1947 5349 1976 5399 Β

318 5422 353 5474 27
367 5428 515 5491 meditatum
534 5429 560 5479 in
573 5430 676 5480 nomino
688 5431 768 5496 patris
780 5431 863 5481 attilii
876 5438 901 5481 et
913 5430 1020 5497 spiritus
1032 5430 1126 5493 sanoti;
1142 5426 1147 5495 l
1163 5430 1220 5481 linit
1236 5431 1313 5481 dictio
1331 5431 1358 5480 iu
1375 5431 1546 5497 dedicatione;
1560 5428 1565 5500 Ι
1582 5432 1678 5498 incipit
1697 5433 1723 5483 in
1741 5450 1801 5485 eum
1819 5434 1864 5500 qui
1876 5471 1882 5485 .
1893 5472 1900 5486 .
1910 5472 1934 5485 ..
1947 5434 1976 5485 B

423 5527 621 5599 [ccnxxwu]
649 5529 684 5583 32
701 5533 787 5585 dilecti
798 5533 824 5585 Β
924 5531 959 5584 33
977 5532 1117 5584 addicendo
1129 5531 1163 5597 B,
1179 5533 1211 5584 ad
1228 5533 1365 5584 dicendum
1381 5532 1530 5586 VLTetm.
1542 5554 1592 5588 ree.
1603 5536 1630 5586 iri
1645 5535 1670 5586 Β
1765 5534 1800 5588 ab
1817 5537 1935 5591 roborum
1946 5538 1975 5589 Β

316 5615 426 5668 associat
444 5615 468 5665 V
