4500 6232
318 301 377 364 ras
783 290 1504 361 ccuxmmrcr.rs)‚ccxxvv(ns1sr.s‚s).

314 472 502 556 ingemisco.
552 468 666 545 dicite,
698 468 869 554 praesules
900 466 1076 547 libertatis,
1110 487 1207 552 quem
1243 465 1350 551 potius
1379 464 1555 529 habuimus
1591 464 1646 549 qui
1681 464 1804 528 animes
1838 468 1974 528 nostum

313 573 459 660 possedit
485 574 519 637 in
545 571 697 637 tubarum
727 570 879 654 clangore
910 575 1084 648 terrorem,
1113 568 1189 632 dum
1213 566 1291 632 ierri
1315 587 1412 650 seges
1436 586 1593 651 equorum
1615 564 1764 630 fremitus
1787 565 1975 630 minaretur

282 677 475 741 dexitium'!
520 675 633 752 credo,
660 695 702 738 ne
726 673 829 737 libcm
857 678 987 758 patrum
1010 672 1095 736 colla
1118 679 1305 735 catenarum
1329 670 1418 753 rigor
1440 668 1673 752 adstringeret,
1703 689 1744 733 ne
1766 666 1972 735 inviolabilis

314 777 471 843 matribus
504 777 609 864 pudor
636 778 668 841 in
699 777 840 841 civitatis
869 773 997 840 excidio
1029 774 1208 860 deperiret,
1242 793 1284 836 nc
1311 773 1420 836 votiva
1448 773 1619 857 virginitas
1649 772 1749 836 sacris
1779 773 1972 859 mancipata

316 882 452 946 culturis
475 879 649 967 praedonis
672 880 748 964 igne
772 886 952 965 raperetur,
976 900 1017 943 ne
1038 878 1161 942 famula
1184 877 1320 941 castitas
1344 875 1430 940 hosti
1453 875 1593 961 pretium
1609 875 1704 939 lieret
1719 875 1902 953 insultanti,
1926 896 1972 941 ne
2037 894 2051 929 ⁵

316 984 508 1070 corporibus
531 1006 573 1049 ex
596 985 738 1048 humana
768 982 958 1048 condicione
982 982 1129 1047 liberatis
1152 981 1200 1044 vis
1224 981 1355 1043 inimica
1378 980 1562 1064 subriperet
1584 987 1619 1044 et
1641 978 1848 1045 adversariae
1871 979 1972 1066 pudi-

286 1087 394 1151 7eitia
422 1085 549 1150 libidini
576 1085 616 1150 ad
645 1087 794 1149 ultimum
821 1085 960 1150 deducta
988 1086 1137 1149 serviret.
1182 1104 1303 1168 quaero
1326 1104 1345 1146 a
1368 1091 1416 1149 te.
1435 1082 1547 1155 ,heroa
1570 1083 1792 1167 magnanime,
1823 1081 1902 1167 quid
1926 1082 1973 1149 de

316 1191 421 1275 patria
443 1198 499 1253 tua
522 1190 597 1253 mali
621 1188 796 1273 depuleris.
820 1190 848 1253 si
872 1189 954 1253 haec
976 1209 1059 1274 quae
1076 1188 1168 1252 timui
1184 1188 1287 1251 victor
1304 1188 1434 1272 optasti.
1458 1187 1535 1250 dum
1551 1193 1673 1251 mortes
1690 1185 1831 1251 hostiurn
1845 1186 1973 1253 ictibus

315 1294 380 1357 tuis
404 1293 570 1356 numinum
594 1292 686 1355 favor
709 1291 896 1357 addiceret?
932 1300 1128 1378 percunctor
1149 1297 1256 1354 utrum
1280 1291 1471 1376 poposceris
1493 1311 1628 1376 superos
1644 1291 1678 1353 iu
1694 1289 1751 1354 illa
1766 1290 1972 1356 necessitate

317 1396 482 1460 fautores?
531 1396 558 1458 si
586 1395 707 1465 fecisti,
742 1396 931 1480 perfunctus
966 1395 1119 1482 periculis
1155 1392 1381 1458 sacerdotibus
1416 1414 1529 1456 eorum
1562 1414 1621 1478 pro
1655 1391 1767 1457 debita
1800 1392 1971 1457 oblatione
2027 1414 2054 1453 ro

318 1498 496 1562 minitaris?
542 1499 567 1561 si
592 1519 656 1561 nen
679 1497 856 1562 adhibuisti
879 1500 934 1585 pia
957 1506 1033 1562 vota
1056 1497 1243 1574 certamini,
1274 1495 1351 1581 quid
1374 1496 1434 1560 tibi
1457 1495 1578 1576 debeo,
1601 1484 1697 1579 quein
1721 1495 1791 1559 sine
1814 1495 1972 1581 precibus

284 1600 386 1664 Ssuis
415 1601 579 1685 generalis
608 1602 808 1687 prosperitas
837 1601 988 1666 comitata
1019 1601 1188 1665 liberavit?
1232 1601 1257 1662 si
1288 1600 1469 1685 intellegis,
1506 1602 1644 1665 multum
1676 1606 1727 1663 est
1754 1598 1840 1685 quod
1865 1599 1973 1665 debes

316 1704 515 1785 numinibus,
548 1707 573 1767 si
604 1704 798 1769 studuemnt
826 1706 977 1791 supplici:
1008 1706 1127 1780 maius,
1159 1705 1186 1767 si
1210 1702 1371 1769 dederunt
1394 1704 1561 1768 victoriam
1590 1723 1656 1766 non
1679 1703 1814 1788 petenti.
1857 1700 1972 1775 credo,

316 1808 482 1893 digressus
506 1830 524 1872 e
548 1809 670 1893 proelio
694 1810 765 1871 loeo
787 1810 934 1895 principe
963 1808 1101 1872 delubra
1123 1815 1299 1871 veneratus
1327 1830 1363 1871 es
1391 1815 1424 1873 et
1450 1808 1495 1872 ibi
1527 1809 1667 1892 gratiam
1695 1806 1849 1887 retulisti,
1880 1804 1972 1871 unde

315 1909 469 1995 praedam
499 1911 625 1974 feriatis
653 1912 804 1976 manibus
832 1919 938 1976 certas
968 1911 1130 1997 abripere.
1176 1932 1292 1975 vereor
1320 1932 1360 1974 nc
1390 1911 1521 1996 templis
1550 1910 1638 1974 nulls
1667 1910 1739 1975 lace
1769 1909 1973 1994 consumptis
2030 1930 2057 1969 rs

316 2013 413 2078 ducat
437 2015 594 2078 vestalem
620 2014 776 2098 virginem
801 2036 870 2077 sors
895 2014 1037 2079 secunda
1062 2015 1235 2100 captivam.

940 2352 1113 2422 ccxxlv
1130 2359 1239 2440 (sersr.
1256 2364 1286 2429 5,
1303 2360 1347 2442 8).

922 2549 1158 2627 ENNODIVS
1198 2553 1370 2627 PETRO.

289 2712 298 2770 1
430 2694 618 2808 Postquam
644 2722 840 2787 venerabilis
868 2724 1022 2787 iudicium
1054 2727 1209 2811 principis
1237 2728 1428 2813 periclitatis
1459 2726 1602 2790 moribus
1632 2726 1865 2809 magnitudinis
1893 2732 1975 2790 tuae

317 2825 449 2890 donavit
473 2834 505 2890 te
528 2826 686 2891 honorum
710 2829 856 2912 germine
880 2850 939 2915 pro
964 2850 1071 2893 messe
1095 2830 1261 2898 virtutum.
1285 2852 1345 2916 per
1367 2832 1500 2915 linguae
1523 2830 1624 2894 ferias
1645 2831 1760 2895 iovens
1783 2830 1977 2915 inreligiosa

317 2927 447 2993 silentia
476 2936 509 2994 et
538 2931 571 2994 in
600 2931 787 3015 eloquentia
814 2940 869 2996 tua
898 2939 931 2996 ct
959 2933 990 2996 in
1025 2954 1099 2997 meo
1133 2954 1244 2997 amore
1280 2934 1438 3019 peccasti,
1473 2935 1548 3017 quia
1580 2933 1783 2998 naturalibus
1815 2930 1977 2997 adolescit
2032 2964 2061 3002 zo

318 3033 460 3096 elocutio
483 3035 608 3097 munita
631 3036 824 3121 superciliis,
847 3035 999 3119 quotiens
1024 3057 1251 3123 prosperorum
1275 3038 1453 3103 famulatur
1476 3037 1606 3102 indicio.
1646 3037 1805 3124 copiosior
1820 3034 1978 3101 facundia

317 3136 476 3200 honorum
510 3138 625 3201 militat
652 3140 877 3204 incrementis:
917 3141 1082 3226 profectus
1111 3162 1186 3204 sues
1216 3161 1280 3205 non
1305 3141 1474 3226 inparibus
1499 3141 1684 3225 significant
1712 3141 1887 3226 peritomm
1909 3135 1979 3204 'ora

285 3238 533 3305 laueccssibus.
583 3263 661 3306 ecce
699 3243 883 3307 inamabilis
918 3244 1122 3307 taciturnitas
1151 3251 1184 3308 et
1212 3245 1304 3308 vobis
1339 3244 1469 3309 dicendi
1498 3244 1634 3308 obstulit
1666 3246 1797 3330 genium
1830 3250 1863 3308 et
1895 3242 1979 3308 mibi

316 3343 461 3408 laetitiae
484 3344 598 3409 invidit
622 3346 785 3412 effectum.
824 3347 973 3412 referatis
996 3347 1146 3413 forsitan:
1171 3368 1285 3433 posses
1309 3370 1372 3423 me,
1396 3349 1512 3425 amice,
1536 3347 1576 3412 de
1600 3348 1804 3433 ignoratione
1828 3347 1978 3433 culpare,

317 3447 343 3511 si
373 3446 449 3533 quid
482 3447 542 3511 tibi
570 3447 612 3513 de
646 3449 740 3534 apice
775 3471 848 3513 meo
882 3450 1077 3537 promiscuis
1112 3449 1264 3515 dedicata
1298 3451 1420 3515 nuntiis
1454 3451 1542 3515 lama
1577 3451 1766 3537 suppressit.
1818 3449 1876 3515 scd
1909 3470 1975 3534 ego
2033 3479 2061 3519 es

317 3572 496 3636 agnoscere
521 3574 670 3617 carerunr
695 3555 835 3619 culmina
858 3575 986 3618 rumore
1010 3575 1074 3618 non
1091 3555 1198 3640 patior
1214 3560 1247 3617 et
1262 3553 1438 3618 manifesta
1454 3552 1565 3639 gaudii
1583 3554 1738 3639 colligere
1754 3552 1795 3618 de
1811 3551 1979 3638 opinionis

284 3654 543 3724 3incenatantia.
588 3678 741 3721 noveram
772 3678 867 3742 quam
901 3656 980 3721 mibi
1009 3656 1227 3721 devinctionis
1256 3679 1348 3743 spem
1378 3658 1518 3743 simplex
1547 3657 1664 3722 eruditi
1695 3656 1816 3721 dudum
1841 3654 1981 3721 lecisset

317 3757 483 3842 allegatio.
530 3759 702 3824 credebam
725 3761 847 3825 frustra
871 3782 923 3824 me
946 3762 978 3824 in
1003 3761 1058 3824 illa
1081 3767 1175 3847 parte
1200 3762 1325 3825 serenis
1349 3760 1493 3823 animum
1522 3760 1610 3825 auris
1639 3760 1856 3838 committere,
1887 3757 1979 3824 unde

175 3864 354 3961 V⁰l¹effl=tu
388 3883 440 3925 me
476 3884 550 3926 esse
585 3863 722 3927 hilarem
756 3884 819 3927 non
855 3862 1001 3927 iubebas.
1053 3863 1143 3928 illam
1179 3864 1284 3948 ipsam
1320 3863 1409 3926 mille
1445 3863 1570 3926 alarum
1604 3862 1796 3929 fabricatam
1832 3860 1980 3946 remigiis

204 3948 226 3981 ·’
318 3963 506 4050 scriptionis
530 3971 605 4027 tuac
628 3965 842 4031 aestimabam
866 3965 1005 4053 pedibus
1029 3966 1175 4050 potuisse
1200 3966 1363 4051 superari.
1397 3986 1438 4030 ne
1463 3967 1583 4030 amanti
1608 3972 1783 4051 expectata
1804 3965 1892 4031 bena
1916 3965 1979 4030 tibi
2034 3996 2063 4033 so

286 4066 459 4137 liructum
492 4068 693 4152 praeripiens
725 4069 808 4133 alter
839 4069 1016 4152 ingereret.
1071 4090 1164 4140 cccc,
1199 4071 1242 4132 mi
1274 4070 1421 4137 viciniae.
1456 4069 1612 4135 bonorem
1645 4070 1777 4134 salutati
1809 4068 1977 4155 accipiens

319 4171 438 4254 agnitis
461 4169 609 4234 dolorum
633 4172 740 4235 causis
763 4169 909 4236 remedia
933 4178 1107 4258 properato
1131 4193 1195 4236 nen
1219 4171 1382 4257 deneges.
1406 4174 1498 4257 quia
1522 4178 1678 4257 quantum
1701 4193 1890 4259 praesumo,
1913 4192 1978 4238 nec

286 4272 398 4341 5fidcs
421 4272 454 4336 in
478 4272 648 4358 diligentia
671 4295 732 4338 nec
757 4273 797 4339 ad
821 4295 963 4358 unguem
988 4275 1105 4339 ductus
1130 4296 1237 4340 senno
1256 4296 1311 4339 vos
1335 4275 1458 4339 descrit
1475 4277 1506 4339 iu
1524 4277 1676 4361 loquella.
1714 4274 1785 4342 Non
1803 4282 1979 4340 contentus

318 4383 428 4441 tamen
453 4397 517 4441 uuo
540 4376 669 4440 dicendi
693 4399 815 4461 genere
840 4376 1015 4463 displicere
1040 4400 1172 4443 earrncn
1196 4378 1312 4447 adieci.
1337 4385 1372 4443 ut
1395 4386 1468 4465 post
1491 4379 1606 4463 epulas
1622 4379 1804 4444 Antenorei
1825 4378 1978 4464 gurgitis,

318 4501 400 4566 quas
429 4479 561 4545 lavacra
581 4478 690 4565 Aponi
721 4490 831 4545 cerreta
860 4483 892 4546 iu
916 4489 1020 4546 artum
1046 4484 1153 4548 carnis
1177 4485 1251 4567 lege
1281 4485 1457 4569 castigant,
1488 4482 1565 4546 dum
1594 4483 1673 4547 illud
1705 4482 1790 4569 quod
1818 4502 1977 4567 aquarum
2034 4510 2061 4549 a·

322 4658 443 4665 ———-—
458 4658 493 4663 —
508 4656 593 4663 --—-
607 4656 647 4664 —-
664 4657 696 4664 .-.
716 4658 727 4663 -

426 4776 437 4827 1
458 4777 534 4828 dicite
553 4777 609 4839 (alt.
628 4777 635 4826 i
654 4776 770 4837 corr.)B
845 4777 970 4841 praesulis
986 4776 1010 4825 Β
1084 4778 1186 4829 auirnus
1199 4776 1224 4826 Β
1335 4776 1477 4843 'dpossidit
1488 4775 1514 4825 Β
1589 4776 1662 4827 ferris
1680 4775 1773 4843 egisB
1842 4777 1979 4828 lremitub

319 4862 429 4915 3crede
447 4880 502 4929 rap.
516 4861 599 4914 lirae
667 4862 832 4928 adstringarit
845 4861 877 4923 Β,
895 4861 1087 4929 uuirrgemtl'
1187 4859 1203 4912 l
1223 4864 1248 4914 in
1268 4880 1315 4914 om.
1330 4863 1408 4913 b'irnr.
1515 4860 1711 4913 liliberlatisB
1779 4869 1805 4913 et
1823 4877 1879 4927 cup.
1892 4861 1939 4912 lia.
1952 4860 1978 4913 Β

320 4950 442 5018 pudicitia
460 4986 608 5000 ........
627 4964 686 4999 area
703 4949 787 5013 samri.
806 4949 832 4998 in
851 4965 899 5011 nep.
918 4948 964 5014 inf.
978 4948 1021 4999 13²
1142 4948 1159 4997 e
1181 4958 1274 4999 nrortes
1294 4948 1386 5011 Simia,
1414 4949 1501 5000 mortis
1523 4949 1583 4999 libri
1702 4947 1719 4998 9
1743 4948 1872 5000 addiceret
1888 4946 1980 5012 Sina,

319 5034 442 5086 addicerit
453 5034 512 5085 libri
581 5040 714 5100 perconter
731 5031 754 5080 V
864 5030 897 5082 ll)
914 5035 1041 5085 sanctores
1055 5034 1079 5084 Β
1156 5035 1285 5085 oblatione
1304 5032 1438 5099 nriuitarisl
1457 5035 1682 5086 oblationomitaris
1693 5033 1719 5084 Β
1724 5031 1735 5069 ¹
1846 5031 1878 5084 11
1897 5040 1978 5085 cerla-

320 5122 396 5172 ruinis
408 5118 448 5171 Bt
554 5118 586 5169 1‘2
604 5118 725 5170 liberabit
737 5117 762 5166 Β
869 5115 901 5167 13
920 5120 1041 5170 numibus
1058 5119 1101 5169 VL
1171 5121 1307 5172 studerunt
1322 5120 1344 5169 Il

425 5219 573 5288 [CCXXIV]
607 5219 639 5272 18
657 5222 779 5273 iudicium
795 5223 883 5283 Siras,
903 5223 998 5274 iudicia
1010 5222 1115 5283 cortices,
1133 5224 1230 5275 iustitia
1244 5224 1338 5277 Ilurlel
1443 5224 1474 5275 21
1494 5226 1622 5291 copiosior
1634 5224 1660 5274 Β
1763 5222 1798 5274 29.
1815 5241 1876 5276 suos
1889 5223 1980 5287 Sim,

321 5326 384 5360 suus
402 5308 462 5359 libri
570 5306 605 5359 ‘24
623 5309 704 5375 possis
717 5308 742 5357 B
849 5306 883 5358 aa
902 5309 933 5361 de
951 5305 1088 5376 opinionis}
1107 5308 1140 5359 db
1158 5310 1285 5375 opinionis
1300 5310 1324 5360 B
1433 5309 1466 5361 :¹7
1485 5312 1650 5362 diuinctionis
1662 5309 1739 5360 BVL
1842 5307 1878 5360 ‘28
1894 5308 1978 5377 auris]

321 5395 427 5446 auribus
445 5394 468 5443 Τ
482 5403 505 5445 et
517 5394 596 5446 Sirra.
676 5394 807 5446 comittere
829 5391 874 5443 Va
995 5392 1029 5444 ‘29
1046 5394 1153 5446 hilaram
1172 5412 1227 5448 csse
1241 5396 1320 5449 Sir-m.
1443 5394 1478 5448 30
1495 5399 1645 5450 astinrabam
1657 5396 1683 5447 B
1759 5398 1805 5449 tibi
1823 5414 1880 5463 rap.
1892 5396 1940 5448 lin.
1953 5395 1980 5449 B

322 5479 352 5531 31
373 5482 495 5546 irrgerorit
506 5480 531 5529 B
643 5478 677 5532 3‘2
696 5488 845 5549 praeparata
859 5479 938 5532 Siros.
1017 5481 1123 5547 derregis
1135 5481 1160 5531 Β
1273 5480 1308 5533 33
1325 5483 1427 5550 loquela
1446 5482 1468 5531 V
1577 5481 1612 5539 34
1629 5484 1745 5536 urtenori
1762 5483 1833 5551 gitur
1847 5479 1853 5549 Ι
1866 5481 1981 5553 gurgitis

323 5567 349 5629 (e
366 5565 476 5617 interavit
493 5575 516 5618 et
532 5567 604 5635 gitur
621 5566 670 5619 del.
689 5584 723 5618 m.
738 5567 762 5628 1)
776 5565 800 5617 Β
904 5563 938 5616 35
956 5582 1022 5634 quae
1034 5565 1067 5629 B,
1084 5584 1149 5635 ques
1166 5570 1241 5627 aeteri
