4500 6232
301 262 366 318 ΧΠ
816 265 838 321 L
864 263 913 321 DE
931 265 1022 321 VITA
1039 264 1088 321 m·
1106 262 1269 320 scumrs
1287 262 1438 320 ubuum

403 435 493 503 Haec
514 437 656 525 pluribus
679 438 785 505 verbis
813 439 1055 526 explicavimus,
1081 436 1166 525 quod
1189 437 1358 524 plurimum
1380 439 1487 504 valent
1507 462 1578 505 cnm
1605 439 1645 504 ad
1668 440 1796 508 Fxmodi
1816 444 1957 511 libellum

300 564 356 628 pro
382 538 505 627 synodo
539 541 779 627 intellegendum
812 555 880 607 turn
916 541 957 607 ad
991 542 1204 629 quaestionem
1236 541 1436 622 solvendam,
1470 543 1598 630 quando
1638 545 1690 608 ille
1723 546 1846 611 libellus
1883 572 1958 614 eon-

296 645 434 731 scriptus
459 646 510 710 sit.
559 668 596 712 ac
622 645 811 713 monendum
839 656 900 725 est,
926 668 966 711 ne
992 646 1034 712 ab
1061 643 1208 710 Ennodio
1229 644 1318 710 illum
1344 645 1498 726 libellum,
1524 670 1616 733 quem
1645 661 1841 715 accusatores
1863 653 1957 737 Sym-

299 748 399 813 machi
428 749 491 814 iam
518 748 592 814 Kal.
614 747 701 835 Sept
729 748 852 835 syuodo
878 747 1045 816 tradidisse
1071 771 1168 835 supra
1194 746 1347 826 vidimus,
1375 749 1541 814 refertatrrm
1569 773 1638 815 esse
1666 750 1773 817 duras.
1823 755 1957 835 libellus,

298 875 390 939 quem
424 851 591 918 Ennodius
626 851 798 939 redarguit,
833 854 1001 940 inscriptus
1034 861 1102 918 erat
1135 850 1297 930 ,adversus
1329 851 1484 937 synodum
1519 854 1725 920 absolutionis
1760 857 1956 943 incongruae

298 960 339 1041 (p
354 958 406 1034 40,
417 959 469 1036 20)
476 980 485 1036 ;
506 965 601 1043 atque
615 956 700 1043 quod
722 980 761 1022 ex
783 957 842 1022 boc
864 958 935 1044 ipso
956 955 1050 1021 titulo
1070 956 1217 1041 cognosci
1237 965 1350 1041 potest,
1371 956 1497 1022 Famodi
1520 958 1705 1024 refutatione
1726 963 1957 1047 comprobatur,

298 1057 357 1124 bas
379 1061 592 1126 mutuationes
615 1070 689 1147 post
710 1059 890 1146 Symmachi
913 1059 1141 1125 absolutionem
1164 1059 1183 1122 i.
1198 1080 1225 1122 e.
1239 1068 1314 1145 post
1334 1058 1368 1123 X
1388 1059 1464 1124 Kal
1478 1060 1562 1125 Nor.
1584 1072 1616 1126 et
1636 1085 1698 1127 nou
1722 1065 1825 1129 solum
1847 1065 1980 1131 annual

298 1159 521 1246 Symmachum
543 1161 715 1229 sedetiam
737 1173 846 1228 contra
867 1184 975 1228 ornnes
997 1162 1163 1250 episcopos
1170 1209 1179 1240 ,
1201 1161 1254 1248 qui
1276 1159 1351 1226 eius
1366 1162 1596 1228 absolutionem
1616 1164 1791 1246 effecerant,
1816 1169 1954 1234 intentas

297 1286 375 1330 ease,
402 1266 488 1331 illius
504 1267 617 1353 prioris
631 1267 731 1334 libelli
753 1277 876 1354 practer
897 1277 966 1332 acta
981 1264 1173 1352 synodonrm
1194 1276 1228 1330 et
1248 1264 1333 1352 apud
1355 1276 1512 1332 auctorem
1527 1268 1744 1334 Veronensum
1765 1282 1797 1335 et
1818 1272 1850 1336 in
1873 1272 1955 1338 libro

295 1369 465 1454 pontificali
489 1369 605 1435 mentio
627 1371 675 1449 tit,
703 1369 760 1434 sod
782 1370 984 1456 posteriorem
1006 1377 1128 1455 praeter
1149 1367 1346 1447 Errnodium,
1372 1369 1459 1455 quod
1479 1371 1590 1450 sciann
1612 1384 1833 1438 commemorat
1854 1397 1955 1440 nemu

298 1482 435 1538 attamen
457 1473 551 1539 ctiam
574 1473 664 1558 plura
687 1473 848 1538 volumina
873 1471 913 1537 de
935 1472 984 1536 his
1013 1472 1105 1538 rebrrs
1121 1472 1311 1557 ,conscripta
1336 1493 1406 1536 esse
1431 1472 1597 1538 Ennodius
1629 1476 1803 1560 significare
1832 1476 1956 1542 ridetur

298 1599 328 1663 p.
343 1581 394 1654 50,
406 1581 436 1644 9.
465 1616 505 1624 -—
534 1576 615 1643 Cum
645 1577 740 1661 igitur
768 1575 1017 1641 adversariorum
1044 1574 1170 1641 libellus
1198 1597 1260 1639 non
1287 1585 1359 1640 ante
1387 1597 1524 1641 mensem
1553 1576 1766 1643 Nouembrem
1793 1581 1868 1644 anni
1890 1585 1955 1648 502

297 1680 491 1766 compositus
514 1689 607 1766 atque
628 1679 669 1744 ab
691 1678 840 1744 Ennodio
862 1680 916 1744 vix
939 1689 1012 1744 autc
1033 1677 1204 1744 adveutum
1226 1677 1443 1743 Mediolanum
1466 1701 1571 1744 mense
1592 1680 1759 1746 Decembri
1782 1682 1881 1747 leettrs
1904 1686 1956 1763 sit,

297 1781 396 1867 ipsius
423 1782 564 1847 libellum
592 1782 821 1869 apologeticum
850 1782 959 1869 primis
991 1781 1151 1847 mensibus
1179 1781 1253 1845 anni
1282 1784 1346 1848 503
1372 1780 1492 1845 editum
1524 1804 1593 1846 esse
1620 1785 1685 1848 veri
1714 1785 1871 1869 persimile
1897 1797 1956 1866 est,

296 1906 485 1970 quamquam
513 1884 678 1950 consilium
707 1885 871 1949 victoriam
894 1882 1075 1969 Symmachi
1103 1904 1203 1969 papae
1232 1881 1409 1947 celebrandi
1440 1883 1548 1947 statim
1575 1895 1648 1969 post
1674 1886 1809 1951 reditum
1831 1901 1954 1974 ceperat

296 1992 338 2073 (p.
353 1993 383 2066 5,
394 1992 434 2067 6).
479 1987 565 2053 illam
593 1985 804 2052 deferrsiouem
834 1996 937 2063 utrum
969 2008 1027 2050 sua
1057 1985 1090 2049 iu
1119 1983 1342 2069 Symmachum
1370 1984 1531 2049 voluntate
1557 1987 1607 2050 vel
1638 1988 1756 2072 gloriae
1783 1990 1955 2076 cupiditate

296 2089 441 2156 inuitatus
470 2115 509 2156 an
539 2092 757 2178 episcoporum
787 2092 874 2156 iussu
902 2088 1135 2175 conscripserit,
1168 2111 1231 2152 nou
1256 2087 1368 2173 liquet:
1400 2088 1477 2153 mihi
1505 2087 1630 2173 quidem
1659 2101 1743 2156 certa
1771 2104 1955 2178 argumenta

296 2190 404 2256 deesse
426 2192 581 2272 videntur,
602 2194 725 2259 etiarnsi
747 2215 827 2280 quae
849 2194 881 2257 in
903 2191 1094 2279 praefatione
1115 2195 1156 2276 (p.
1171 2192 1319 2270 40838.)
1340 2197 1539 2275 exponuntur
1560 2201 1591 2254 et
1612 2191 1655 2271 id,
1679 2193 1764 2280 quod
1786 2195 1953 2263 Ennodius

297 2318 355 2382 pro
369 2296 526 2384 episcopis
541 2297 696 2362 vocabulo
717 2304 793 2375 ‚nos‘
815 2307 848 2360 et
865 2301 988 2374 ,noster
1009 2298 1051 2380 (p.
1066 2297 1117 2372 57,
1129 2296 1179 2358 31.
1194 2296 1246 2372 58,
1257 2296 1287 2358 3.
1302 2295 1353 2372 59,
1364 2296 1417 2370 35)
1440 2294 1545 2371 utinm,
1566 2295 1666 2361 abeis
1690 2297 1793 2362 afferri
1811 2310 1953 2385 possunt,

295 2400 348 2484 qui
371 2400 589 2488 episcoporum
611 2400 736 2465 nomine
757 2422 827 2465 curn
851 2397 970 2464 dixisse
992 2407 1113 2484 putant

400 2502 546 2570 Ceterum
568 2503 628 2569 boc
648 2501 775 2568 Ennodi
804 2503 911 2568 libello
932 2525 995 2566 non
1018 2500 1118 2586 magis
1140 2521 1235 2586 quam
1257 2497 1368 2584 synodi
1397 2497 1520 2564 decreto
1541 2500 1622 2564 effici
1643 2502 1760 2587 potuit,
1787 2511 1822 2566 ut
1843 2503 1954 2568 adver-

295 2606 370 2673 sarii
393 2605 616 2692 Symmachrnu
643 2629 757 2694 papam
787 2627 894 2692 urgere
921 2604 1106 2670 desisterent
1133 2603 1184 2668 vel
1212 2602 1467 2668 obmutescerent
1512 2603 1607 2668 immo
1629 2613 1736 2669 auctor
1759 2604 1953 2672 Veronensis

295 2709 425 2777 tradidit
452 2711 541 2776 haec:
568 2711 689 2791 ,Clerus
715 2721 747 2776 et
769 2719 895 2775 senatus
917 2709 1045 2773 electior
1069 2708 1124 2794 qui
1150 2707 1341 2773 consortium
1369 2707 1524 2771 vitaverat
1552 2705 1746 2792 Symmachi,
1772 2710 1953 2795 petitionem

296 2815 359 2900 regi
384 2837 442 2900 pro
464 2837 598 2900 persona
619 2813 780 2879 laurentii
810 2812 930 2899 dirigit,
957 2812 1012 2898 qui
1038 2833 1076 2876 eo
1105 2821 1243 2897 tempore
1269 2808 1439 2874 Ravennae
1468 2811 1648 2876 morabatur
1675 2811 1855 2897 Symmachi
1884 2814 1953 2878 rio-

296 2918 422 2984 lentiam
451 2918 757 3004 persecutionemque
785 2914 960 2995 declinans,
987 2924 1023 2980 ut
1050 2915 1117 3003 ipse
1143 2913 1305 2979 Romanae
1333 2911 1529 3000 praesederet
1555 2914 1718 2995 ecclesiae,
1751 2916 1805 2981 nbi
1832 2914 1953 2981 dudum

296 3022 398 3087 fuerat
419 3044 561 3087 summus
584 3020 725 3109 pontifex
747 3030 869 3086 creatus
893 3069 978 3085 .....
1000 3019 1046 3084 sic
1069 3018 1257 3083 Laurentius
1285 3015 1327 3082 ad
1349 3017 1455 3083 urbem
1480 3018 1607 3082 veniens
1633 3041 1690 3106 per
1711 3042 1809 3084 annos
1832 3021 1954 3085 circiter

296 3135 444 3213 quattuor
472 3125 647 3191 Romanam
675 3125 776 3190 tenuit
803 3124 966 3190 ecelesiam
973 3148 982 3203 3
1008 3145 1064 3210 per
1085 3144 1165 3208 quae
1195 3130 1335 3208 tempora
1362 3143 1441 3207 quae
1467 3121 1549 3186 bellu
1570 3122 1676 3187 civilia
1696 3133 1786 3209 gesta
1807 3134 1881 3188 sunt
1902 3124 1953 3191 vel

295 3238 412 3315 quanta
434 3227 603 3295 homicidia
624 3237 814 3316 perpetrata,
843 3251 905 3293 non
933 3237 981 3293 est
1001 3226 1159 3314 praesenti
1180 3226 1328 3292 relatione
1351 3224 1568 3312 pandendum‘.
1611 3225 1688 3292 baec
1710 3228 1953 3315 comprobantur

295 3342 326 3397 ct
351 3331 488 3418 quodam
524 3331 618 3398 ruodo
654 3332 883 3419 amplificantur
909 3331 981 3396 libri
1004 3329 1192 3417 pontificalis
1225 3329 1344 3396 verbis:
1372 3327 1503 3410 ,Eodem
1530 3338 1669 3417 tempore
1696 3330 1826 3412 Festus,
1856 3343 1953 3421 caput

296 3446 423 3502 serimus
445 3436 611 3515 exconsul,
637 3446 670 3500 et
690 3435 848 3501 Probinus
870 3434 1018 3499 exconsul
1045 3443 1215 3520 coeperrmt
1236 3433 1317 3498 intra
1339 3433 1448 3501 urbem
1470 3432 1605 3498 Rumam
1626 3457 1765 3521 pugnare
1786 3457 1858 3500 cum
1880 3437 1951 3502 aliis

295 3550 326 3606 et
348 3540 484 3606 maxime
505 3563 576 3606 errm
591 3540 712 3606 Fausto
726 3539 902 3619 exconsule,
923 3549 956 3603 et
969 3536 1079 3603 caedes
1101 3546 1133 3602 et
1150 3536 1319 3602 homicidia
1340 3537 1373 3602 in
1393 3537 1475 3601 clero
1490 3559 1528 3601 ex
1543 3536 1664 3602 invidia
1677 3538 1818 3604 ferebant
1831 3547 1898 3605 etc!
1910 3581 1951 3589 -

294 3643 413 3710 Tarnen
429 3642 555 3709 Enuodi
577 3643 719 3711 libellum
740 3653 772 3709 et
792 3643 833 3708 ab
855 3641 1036 3729 aequalibus
1059 3651 1091 3706 et
1111 3664 1131 3706 a
1151 3641 1376 3728 posterioribus
1399 3663 1513 3726 magno
1537 3662 1667 3706 assensu
1689 3651 1851 3728 exceptum
1874 3666 1952 3724 esse,

294 3758 327 3813 et
347 3747 420 3814 binc
434 3748 544 3828 elucet,
564 3746 649 3834 quod
664 3747 773 3834 paucis
796 3746 886 3811 annis
905 3753 980 3832 post
993 3743 1139 3811 laudator
1152 3743 1336 3810 Theoderici
1357 3742 1397 3809 ab
1411 3742 1542 3808 ecclesia
1556 3743 1672 3809 electus
1687 3752 1736 3808 est
1757 3750 1798 3831 (p.
1814 3748 1887 3825 209,
1899 3750 1951 3814 27.

295 3856 368 3933 212,
377 3856 430 3933 20)
459 3863 492 3918 et
513 3851 586 3918 inde
607 3850 692 3938 quod
722 3874 741 3916 a
767 3873 850 3915 nono
873 3849 998 3916 saecule
1026 3847 1067 3913 ad
1097 3847 1176 3913 illud
1205 3848 1390 3935 opuseulum
1419 3847 1558 3932 saepius,
1585 3857 1623 3911 ut
1648 3848 1788 3934 episcopi
1815 3849 1953 3916 Romani

295 3957 488 4044 principatus
514 3953 736 4034 defenderetur,
758 3953 995 4041 provocabatur.
1661 3978 1665 3986 ·

399 4060 536 4125 Exstant
563 4059 656 4124 etiam
689 4058 751 4123 alia
789 4055 916 4122 Ennodi
949 4055 1117 4142 opuscula,
1154 4076 1234 4139 quac
1274 4076 1346 4118 cum
1380 4054 1547 4120 schismate
1581 4054 1688 4140 aliquo
1714 4054 1809 4121 modo
1831 4079 1950 4122 conexa

294 4162 403 4228 erulam
431 4171 570 4249 tempore
599 4171 667 4226 orta
694 4182 763 4226 csse
790 4167 922 4227 constat.
974 4158 1069 4245 paulo
1096 4165 1170 4243 post
1199 4154 1354 4242 synodrun
1384 4156 1559 4223 Rcmarmn
1586 4169 1796 4245 ,praeceptum
1823 4160 1950 4247 quando

295 4267 371 4332 iussi
399 4276 475 4331 sunt
500 4287 607 4330 ornnes
636 4264 775 4351 episcopi
801 4263 970 4329 cellulanos
998 4262 1120 4328 habere‘
1146 4267 1207 4348 (op.
1222 4261 1324 4340 VIH)
1352 4261 1392 4326 ab
1414 4261 1562 4328 Enuodio
1583 4264 1722 4351 episcopi
1750 4266 1799 4331 sui
1825 4268 1951 4333 nomine

295 4371 446 4456 seriptum
472 4379 529 4434 est
572 4377 739 4455 postquam
772 4367 855 4432 enim
883 4367 1022 4454 episcopi
1051 4389 1071 4431 a
1098 4388 1183 4453 papa
1208 4374 1262 4436 aut
1290 4388 1309 4430 a
1337 4364 1459 4452 synodo
1487 4365 1564 4431 inssi
1593 4376 1666 4432 sunt
1693 4369 1862 4435 cellulanos
1886 4372 1905 4436 i.
1924 4394 1950 4436 e.

295 4473 422 4539 clericos
445 4471 680 4539 contubernales
703 4493 761 4561 pro
776 4471 861 4537 vitae
882 4493 1065 4558 morumque
1079 4493 1208 4535 suornm
1222 4469 1354 4535 testibus
1377 4492 1484 4535 secum
1505 4469 1628 4551 habere,
1650 4472 1710 4559 ipsi
1731 4473 1812 4539 idem
1829 4476 1949 4542 clericis

294 4578 360 4641 suis
389 4577 618 4663 impemverrrnt
644 4574 747 4658 (Sirm.
769 4575 801 4638 in
825 4585 888 4640 not
910 4599 940 4662 p.
958 4577 1018 4655 72).
1075 4573 1160 4661 quod
1196 4581 1395 4660 praeceptum
1429 4571 1471 4638 ad
1505 4572 1732 4640 defendendum
1767 4583 1808 4663 (p.
1831 4583 1880 4658 12,
1896 4583 1950 4660 29)

295 4691 482 4746 memoratur
508 4680 684 4766 exemplum
716 4701 821 4744 recens
855 4678 954 4744 oeulis
991 4677 1132 4744 oblatum
1159 4676 1338 4764 Symmachi
1365 4700 1480 4764 papae,
1514 4679 1603 4743 cuius
1637 4701 1739 4746 meres
1766 4704 1866 4769 nuper
1893 4683 1949 4748 ad-

295 4786 422 4852 versarii
444 4785 588 4851 maledici
616 4794 778 4872 srrspectcs
806 4784 947 4850 fecerint:
975 4807 1049 4871 ergo
1076 4786 1265 4871 paulopost
1287 4787 1486 4853 annum502
1509 4783 1549 4850 ab
1572 4784 1718 4850 Eunodio
1740 4789 1949 4876 compositum

294 4899 412 4956 est-
436 4889 516 4955 Item
544 4887 603 4954 hae
635 4889 754 4953 ratione
783 4886 880 4952 dictio
908 4887 941 4951 in
966 4888 1171 4952 Laurentium
1198 4885 1467 4952 Mediolanensem
1496 4887 1693 4975 episcopum,
1719 4912 1782 4976 quo
1810 4901 1949 4979 ternpore

294 4992 401 5059 hahita
422 4994 473 5073 sit,
494 4993 615 5060 definiri
638 5003 750 5081 potest
794 5001 961 5080 postquam
987 4992 1069 5057 enim
1092 4990 1258 5057 Ennodius
1286 4992 1316 5055 irr
1340 4991 1395 5057 illa
1417 4990 1553 5057 dictione
1575 4991 1722 5059 disseruit
1744 4994 1948 5062 laurentium

294 5097 326 5162 iu
349 5096 470 5184 synodo
497 5098 643 5164 Romana
670 5098 787 5185 primas
817 5097 898 5161 inter
919 5095 1031 5162 Italiae
1060 5097 1225 5184 episcopos
1255 5096 1356 5183 egisse
1383 5105 1414 5160 et
1436 5097 1605 5184 plurimum
1632 5096 1673 5162 ad
1700 5122 1815 5187 papam
1844 5100 1948 5167 absol-

294 5200 430 5267 vendum
454 5201 604 5282 valuisse,
634 5201 710 5266 hacc
740 5198 864 5266 addidit
885 5206 925 5287 (p.
940 5203 971 5279 4,
982 5203 1028 5280 Sl:
1056 5200 1152 5279 ,dicat
1179 5199 1293 5287 aliquis
1322 5199 1452 5264 forsitan
1481 5221 1582 5264 rerum
1611 5211 1769 5286 gestarum
1791 5204 1947 5289 malignus

294 5306 458 5392 interpres:
482 5328 575 5392 quarn
604 5305 715 5371 sortita
741 5314 788 5370 est
816 5302 856 5370 de
883 5302 1063 5370 huiusmodi
1091 5304 1268 5370 constantia
1293 5325 1440 5391 praeseus
1463 5326 1559 5368 causa
1580 5302 1789 5371 decisionem?
1810 5318 1948 5394 quaerat,

293 5409 346 5496 qui
369 5408 440 5474 linis
462 5407 502 5474 de
522 5408 651 5477 laudato
673 5407 787 5476 sudore
802 5408 983 5494 contigerit.
1020 5431 1094 5495 ergo
1116 5408 1264 5495 quoniam
1287 5407 1448 5472 etiamtum
1464 5408 1596 5474 victoria
1612 5407 1709 5476 dubia
1730 5411 1811 5476 inter
1831 5434 1947 5500 papam

292 5523 324 5579 ct
344 5511 540 5579 adversarios
562 5515 628 5580 eins
651 5512 878 5593 decertabatur,
905 5511 960 5577 illa
981 5510 1077 5579 dictio
1105 5521 1178 5601 pest
1204 5534 1320 5579 anunm
1343 5514 1405 5579 502
1428 5519 1460 5576 et
1481 5520 1553 5577 ante
1576 5515 1649 5595 507,
1670 5537 1733 5604 quo
1754 5537 1837 5581 auno
1860 5515 1945 5585 lau·
