4500 6232
915 260 1081 315 cuxxxm
1100 260 1223 326 (EPIST.
1241 261 1266 325 9,
1285 262 1337 329 11).

879 587 1107 657 ΒΒΧΧΧΠΙ
1130 590 1240 673 (uersu.
1257 594 1287 669 9,
1309 593 1372 671 lt).

893 784 1083 858 FAVSTO
1110 783 1360 859 ENNODIVS.

269 954 279 1012 l
420 931 567 1047 Suscepi
597 963 725 1025 litteras
756 962 928 1048 multiplici
960 963 1151 1048 gaudiorum
1180 963 1257 1027 dote
1289 964 1470 1049 locupletes
1493 970 1527 1028 et
1550 964 1686 1046 gratiam
1711 964 1798 1027 cirea
1821 984 1878 1026 vos
1902 962 1955 1026 dei

300 1088 397 1151 quam
427 1087 582 1129 noveram
612 1067 813 1130 nuntiantes.
860 1067 1006 1150 protinus
1039 1066 1178 1131 testibus
1201 1065 1322 1131 Christi
1354 1068 1457 1131 nostri
1487 1088 1560 1130 curu
1582 1067 1741 1145 lacrimis,
1771 1086 1853 1150 quas
1876 1087 1955 1151 sug·

299 1172 437 1257 gerebat
459 1170 618 1248 hilaritas,
631 1170 787 1233 'iudicata
807 1172 949 1254 patefeci
966 1178 1009 1246 et,
1034 1170 1119 1254 quod
1136 1192 1196 1256 per
1211 1172 1298 1256 ipsos
1316 1171 1515 1255 inpetratum
1529 1169 1648 1249 suerat,
1671 1169 1792 1253 gratias
1807 1169 1957 1234 referens

267 1274 394 1360 2quasi
419 1294 522 1337 novus
545 1274 666 1338 relator
689 1273 828 1337 adserui.
875 1295 963 1350 vero,
997 1275 1113 1340 domne
1137 1274 1273 1347 Fausta,
1303 1275 1498 1360 simpliciter
1521 1275 1552 1336 in
1578 1273 1639 1336 hac
1662 1293 1763 1337 causa
1786 1274 1956 1358 vulgatum

299 1384 367 1455 est,
398 1376 475 1461 quid
504 1375 642 1440 haberet
669 1376 791 1456 meriti,
823 1375 901 1460 quid
925 1378 1041 1440 virium
1072 1379 1104 1441 in
1127 1379 1280 1463 precibus
1303 1377 1360 1442 illa
1384 1384 1500 1441 sancta
1522 1377 1633 1440 anima
1655 1397 1738 1461 quae
1762 1379 1956 1462 praecessit.

299 1502 374 1543 narn
404 1481 463 1544 etsi
495 1480 537 1543 sit
566 1501 642 1564 spes
671 1486 781 1542 nostra
812 1477 918 1542 adhuc
941 1501 1041 1544 caeca
1063 1478 1176 1543 mundi
1199 1481 1271 1543 luce
1296 1481 1432 1560 vestita,
1465 1477 1524 1542 sed
1548 1478 1634 1563 quod
1658 1480 1857 1543 conveniens
1881 1502 1957 1548 esse

300 1589 444 1657 noverat,
468 1583 537 1647 sine
560 1589 692 1648 nostrae
716 1583 855 1647 actionis
879 1582 990 1648 labore
1014 1585 1205 1670 promeruit,
1230 1605 1304 1647 cum
1327 1605 1346 1647 a
1370 1582 1463 1646 nobis
1487 1580 1649 1646 divideret
1671 1604 1724 1646 res
1748 1583 1781 1646 in
1803 1584 1957 1649 manibus

300 1687 506 1765 conlocatas,
537 1687 656 1751 obtulit
685 1687 783 1771 longa
806 1688 948 1750 statione
972 1686 1148 1763 distantes,
1179 1688 1307 1751 felicius
1332 1686 1480 1750 tribuens
1503 1686 1692 1749 necessaria
1714 1707 1810 1771 quam
1834 1688 1958 1774 cupita.

269 1798 380 1874 bergo
404 1788 631 1854 mundusisto
657 1791 725 1854 veri
748 1789 870 1874 aliquid
894 1790 1014 1854 habet?
1053 1795 1110 1852 aut
1134 1790 1160 1853 si
1184 1788 1295 1864 habet,
1319 1810 1383 1852 non
1408 1788 1449 1853 de
1473 1789 1544 1852 eius
1567 1787 1695 1853 dicione
1717 1811 1794 1853 mox
1811 1792 1958 1876 rapitur?

301 1894 429 1959 mentiti
460 1901 535 1956 sunt
558 1893 706 1956 homines
729 1895 784 1978 qui
810 1916 846 1957 se
871 1894 1023 1957 iurabant
1045 1892 1196 1978 accipere
1220 1893 1393 1967 beneficia,
1424 1893 1452 1955 si
1475 1891 1660 1956 dedissent:
1693 1894 1792 1957 etiam
1816 1915 1962 1980 superna

300 1996 548 2082 dispensatione
573 1997 735 2060 coniuncti
760 2002 844 2078 sunt,
868 2019 887 2060 a
911 1997 1028 2082 quibus
1052 2017 1114 2060 nec
1138 1996 1325 2080 accepimus
1349 1995 1575 2060 blandimenta
1597 2017 1659 2061 nec
1675 1996 1832 2063 dedimus.
1869 2004 1963 2062 certa

301 2098 342 2163 de
366 2098 597 2184 desperatione
623 2100 821 2164 confidentia
845 2109 878 2164 et
901 2100 1096 2163 nebulosum
1120 2098 1161 2164 de
1185 2099 1354 2184 publicata
1377 2100 1591 2185 promissione
1615 2102 1841 2165 constitutum!
1881 2123 1961 2167 vere

303 2202 462 2282 dicerem,
487 2205 514 2267 si
538 2203 666 2268 deleret
687 2206 751 2267 ista
774 2204 941 2281 discissio,
972 2203 1056 2289 quod
1081 2205 1164 2268 tales
1188 2204 1337 2268 homines
1360 2224 1421 2267 nec
1444 2204 1517 2279 illa,
1547 2223 1642 2287 quarn
1667 2203 1774 2268 dicitis
1798 2206 1960 2269 nutricem

271 2306 510 2374 emendadum
534 2328 617 2386 csse,
640 2306 775 2390 Liguria
797 2309 958 2392 potuisset
981 2310 1142 2373 emittere.
1189 2307 1267 2394 quid
1290 2329 1424 2392 arguam
1447 2309 1536 2392 prius
1560 2309 1593 2371 in
1616 2308 1696 2372 illis:
1728 2309 1879 2373 fallaciae
1902 2316 1962 2373 aut

304 2411 464 2475 fatuitatis
496 2409 659 2474 obscena?
704 2410 917 2495 perdiderunt
944 2412 1042 2490 duos,
1072 2414 1126 2498 qui
1151 2414 1237 2477 inter
1260 2434 1294 2477 se
1319 2418 1505 2476 sanctorum
1530 2412 1761 2496 impetratione
1785 2414 1963 2481 sociantur.

290 2535 362 2599 ‚per
399 2535 480 2599 quos
512 2515 676 2598 potuisset
706 2513 761 2578 diu
796 2516 933 2579 iacentis
964 2523 998 2579 et
1031 2516 1063 2578 in
1097 2515 1245 2580 umbram
1281 2522 1415 2579 coactae
1449 2513 1591 2578 familiae
1626 2515 1770 2578 scintilla
1804 2516 1964 2602 reparari.

304 2638 465 2681 memores
497 2618 577 2681 estis
608 2616 763 2681 domnum
786 2616 949 2683 Avienum
974 2618 1067 2682 vobis
1099 2620 1132 2681 in
1164 2619 1307 2683 ecclesia
1339 2617 1478 2696 dixisse,
1510 2616 1607 2680 deum
1641 2639 1676 2681 se
1705 2616 1745 2682 dc
1770 2619 1827 2682 illa
1848 2618 1964 2704 puella

304 2721 492 2806 specialiter
521 2741 587 2783 nen
614 2741 740 2805 rogare.
786 2720 860 2785 vide
890 2723 1084 2806 progeniem
1117 2723 1240 2786 sanctis
1274 2720 1476 2785 creatoribus
1504 2719 1545 2784 ad
1573 2741 1705 2784 usuram
1729 2721 1815 2786 vitae
1842 2743 1962 2807 proee-

273 2824 453 2888 5dentem!
499 2825 716 2908 intellegebat
748 2826 822 2910 plus
847 2847 882 2889 se
912 2832 1084 2911 parentum
1113 2825 1243 2890 fletibus
1273 2845 1369 2909 quam
1399 2825 1527 2888 actione
1560 2830 1792 2909 promoturum.
1837 2826 1964 2909 gratias
2021 2850 2033 2883 ·.

305 2927 376 3006 tibi,
400 2929 605 3014 omnipotens
628 2927 720 3007 deus,
744 2929 877 3012 gratias,
901 2936 1009 2992 rector
1024 2929 1181 3011 fidelium,
1205 2929 1261 3015 qui
1278 2929 1417 2992 ancillae
1433 2935 1509 2991 tuae
1526 2933 1602 2991 vota
1618 2928 1796 3013 respiciens
1812 2929 1966 3014 profetae

186 3029 270 3129 {2⁸¹3
306 3032 340 3095 in
363 3053 404 3096 ea
425 3032 678 3117 pollicitationes
703 3031 836 3117 inplesti
861 3031 1016 3096 dicentis:
1049 3033 1168 3097 ‘anima
1191 3034 1262 3097 eius
1285 3033 1317 3095 in
1342 3032 1435 3095 bonis
1457 3030 1690 3108 demorabitur,
1714 3037 1747 3096 et
1764 3052 1875 3096 semen
1891 3033 1966 3097 eius

216 3115 222 3135 '
306 3133 505 3199 hereditabit
528 3133 672 3200 terram’.
711 3135 843 3219 perfice,
867 3136 920 3220 pie
945 3135 1079 3211 arbiter,
1104 3135 1190 3221 quod
1215 3136 1384 3215 remansit,
1409 3142 1443 3199 et
1467 3136 1500 3198 in
1524 3135 1661 3199 alterius
1679 3136 1764 3201 servi
1781 3136 1967 3221 tuicopula

273 3243 444 3303 dsereuus
474 3238 622 3323 adspira!
669 3237 747 3301 mihi
776 3237 804 3300 si
833 3237 915 3301 haec
939 3237 1080 3303 videnda
1103 3237 1252 3318 morbus,
1285 3239 1341 3324 qui
1364 3239 1428 3301 iam
1452 3239 1584 3302 vitalem
1608 3240 1862 3323 praeoccupavit
1884 3239 1966 3304 sub-

305 3342 476 3421 stantiam,
507 3362 573 3405 neu
601 3341 772 3425 relinquit,
803 3340 915 3405 rideat
941 3341 982 3405 de
1013 3342 1078 3405 illis
1105 3342 1193 3406 bona
1223 3349 1317 3427 pater
1346 3347 1379 3407 et
1407 3342 1460 3405 avi
1490 3343 1667 3428 proavique
1691 3349 1768 3406 ante
1791 3343 1966 3408 transitum
2038 3361 2051 3397 ὁ

305 3466 400 3509 suum
436 3466 555 3510 nomeu
593 3445 744 3531 accipiat.
796 3465 848 3509 me
882 3451 992 3508 tamen
1025 3445 1175 3529 quamvis
1210 3451 1420 3531 peccatorem
1451 3444 1556 3510 adhuc
1588 3447 1694 3530 gratia
1726 3459 1870 3531 superna
1898 3466 1967 3510 uon

306 3548 444 3627 descrit,
473 3550 551 3634 quia
579 3547 836 3613 admonitionem
863 3548 1016 3612 cautione
1048 3549 1237 3633 praevenio.
1284 3570 1359 3613 uam
1389 3549 1554 3614 desideria
1577 3570 1665 3626 mea,
1697 3570 1738 3613 ne
1762 3548 1863 3633 legati
1886 3570 1966 3634 pro·

276 3651 455 3720 trinetatis
478 3673 597 3716 nomen
622 3652 823 3736 acciperem,
855 3651 933 3714 lieet
956 3671 1029 3713 eum
1053 3650 1165 3715 dolore
1189 3651 1354 3737 suspendi.
1401 3653 1511 3730 timui,
1535 3674 1577 3717 ue
1600 3658 1658 3716 aut
1679 3672 1789 3717 rerum
1811 3650 1966 3717 dominus

307 3755 403 3820 robis
426 3754 676 3841 disponentibus
700 3753 782 3819 haec
806 3775 826 3817 a
849 3775 885 3817 se
910 3754 999 3838 exigi
1023 3754 1182 3832 erederet,
1213 3775 1296 3840 quae
1320 3756 1407 3839 cogit
1429 3757 1609 3821 necessitas
1630 3757 1797 3841 postulari,
1821 3760 1878 3819 aut
1900 3776 1966 3840 ege

308 3856 466 3923 redderer
488 3857 603 3921 officiis
627 3878 785 3922 onerosus
809 3863 842 3922 ct
865 3856 1049 3921 actionibus
1073 3856 1279 3935 infecundus,
1308 3860 1456 3942 quamvis
1480 3880 1540 3922 nec
1564 3860 1700 3944 exsequi
1723 3879 1785 3922 nee
1808 3858 1966 3922 iniunctis

308 3982 367 4047 par
391 3981 466 4026 esse
491 3961 685 4026 sufficerem.
727 3981 805 4045 rogo
829 3966 865 4024 ut
887 3960 1080 4045 supplicetis
1103 3959 1175 4040 deo,
1198 3966 1236 4024 ut
1258 3982 1310 4026 mc
1326 3963 1378 4026 vel
1400 3984 1504 4048 usquc
1522 3962 1562 4028 ad
1578 3968 1726 4027 votorum
1743 3962 1965 4027 communium

307 4072 457 4150 tempora
479 4065 512 4129 iu
535 4064 648 4129 mundi
669 4065 764 4130 istius
788 4071 898 4129 servet
920 4063 1056 4128 incerto.

413 4357 598 4425 [cuxxxffl]
636 4357 650 4409 l
670 4359 804 4410 Ennodius
821 4360 918 4411 Fausto
931 4360 946 4409 d
1055 4357 1072 4409 9
1089 4360 1186 4426 suscipi
1198 4359 1224 4409 B
1293 4359 1433 4426 locupletes
1448 4358 1515 4422 cet,
1537 4359 1672 4425 locupletis
1684 4358 1718 4423 B,
1738 4359 1879 4427 locupletas
1894 4357 1974 4410 VM·

307 4444 325 4498 3
343 4446 481 4513 augurabat
492 4445 517 4495 B
642 4444 660 4496 5
677 4463 759 4497 nouos
772 4444 797 4495 Β
928 4442 943 4493 'l
961 4446 1008 4496 etsi
1021 4462 1069 4495 om.
1084 4444 1115 4506 Β,
1135 4453 1161 4496 et
1173 4462 1221 4495 om.
1235 4445 1270 4495 Ch
1357 4445 1463 4496 uestitus
1478 4442 1482 4508 Ι
1498 4452 1524 4496 st
1540 4445 1609 4510 quod
1621 4443 1647 4494 B
1771 4443 1789 4496 8
1805 4445 1929 4497 diuiderit
1941 4444 1969 4496 Β

308 4531 325 4584 9
350 4533 488 4584 collocatas
507 4530 532 4580 V
632 4532 726 4598 optulit
745 4529 770 4579 V
871 4531 997 4581 senei-us
1020 4528 1097 4593 (erar.
1115 4530 1139 4592 c)
1157 4530 1182 4579 B
1322 4528 1355 4581 10
1378 4532 1399 4581 si
1422 4530 1446 4580 T
1444 4530 1488 4593 tt,
1513 4532 1557 4582 sisi
1575 4529 1660 4595 BVL,
1685 4533 1707 4583 si
1730 4549 1782 4582 non
1800 4529 1928 4582 simmia
1944 4539 1970 4582 ct

308 4619 405 4670 Hartel
533 4616 566 4668 19
589 4619 735 4684 accepimus
756 4615 822 4680 T2s,
844 4618 983 4684 accipimus
1001 4617 1077 4667 ceteri
1167 4617 1278 4667 didimus
1296 4616 1321 4665 B
1449 4614 1482 4666 13
1504 4616 1674 4682 disperatione
1690 4617 1715 4667 B
1804 4616 1970 4685 pellicataB

308 4702 342 4756 14
360 4704 435 4770 disp'll
446 4702 450 4770 Ι
461 4705 537 4756 ciseio
550 4703 575 4754 Β
679 4703 768 4754 dicetis
780 4704 805 4753 B
946 4701 979 4753 15
996 4703 1112 4755 omittere
1129 4703 1152 4767 b,
1177 4704 1277 4754 mittere
1290 4701 1367 4754 Sirm.
1474 4703 1576 4754 falatiae
1592 4703 1618 4753 B
1756 4701 1789 4753 17
1812 4703 1927 4755 iacentes
1943 4702 1971 4754 B

308 4792 425 4843 secutilla
442 4790 468 4840 B
605 4788 638 4841 18
658 4789 768 4841 ccclesia
784 4789 809 4840 B
900 4790 958 4839 illas
974 4788 1000 4838 B
1128 4787 1159 4838 19
1181 4790 1257 4840 sactis
1274 4788 1299 4838 Β
1391 4789 1564 4854 procidentem
1581 4789 1607 4839 B
1735 4788 1770 4840 99
1791 4788 1927 4840 intellebat
1941 4786 1970 4838 Β

309 4885 487 4944 promuturum
500 4876 526 4926 B
612 4874 645 4926 91
658 4876 765 4942 pratitae
775 4875 808 4938 Β,
826 4876 974 4942 prophetiae
987 4876 1062 4925 ceteri
1149 4872 1184 4925 99
1194 4877 1293 4942 inplisti
1305 4876 1419 4926 dicentes
1428 4874 1454 4924 B
1540 4874 1575 4926 93
1590 4879 1679 4944 copola
1691 4877 1716 4927 B
1801 4871 1836 4924 94
1847 4875 1935 4941 aspira
1947 4872 1976 4923 V

309 4965 491 5031 peroccupauit
504 4962 529 5013 Β
632 4959 667 5012 95
684 4961 810 5027 relinquid
824 4961 849 5011 B
956 4958 989 5011 97
1008 4959 1110 5025 deserit]
1129 4962 1195 5013 derit
1207 4961 1252 5012 Ba
1325 4963 1387 5029 quia
1398 4961 1431 5026 B,
1449 4963 1494 5027 qui
1510 4961 1586 5012 ceteri
1693 4959 1726 5011 99
1745 4976 1810 5028 quae
1823 4999 1898 5011 .....
1912 4960 1970 5015 rod·

309 5051 383 5105 darer
400 5067 448 5101 orn.
463 5049 488 5099 Β
556 5056 603 5098 ant
614 5047 718 5111 Harrei,
736 5054 762 5097 et
778 5046 822 5097 VL
828 5046 852 5095 Τ
851 5047 885 5099 Cb
989 5046 1025 5098 30
1041 5049 1135 5116 exequi
1148 5048 1192 5098 13⁰
