4500 6232
895 267 1024 323 cccxix
1043 267 1166 335 (EPIST.
1185 268 1209 332 1,
1228 269 1281 335 14).

875 557 1042 627 ticum
1066 528 1176 646 (amsa.
1194 564 1223 642 7,
1242 560 1306 645 14).

793 755 1028 830 ENNODIVS
1057 755 1385 830 ARCOTAMIAE.

368 902 426 995 lta
455 953 553 1017 supra
585 931 767 995 claritatem
796 933 928 1015 generis
960 952 1085 995 morum
1112 932 1185 996 luce
1216 930 1416 1017 profecistis,
1447 937 1483 994 ut
1511 951 1592 1016 quos
1614 931 1712 995 etiam
1735 929 1829 994 vobis
1852 931 1943 993 nont

266 1036 367 1098 nectit
407 1036 645 1120 propinquitas,
683 1041 812 1098 actuum
847 1040 1027 1098 vestrorum
1062 1034 1149 1098 bona
1182 1033 1356 1098 subiciant.
1408 1035 1478 1118 quis
1512 1035 1597 1099 enim
1634 1055 1697 1098 non
1734 1032 1913 1119 perfectam

267 1137 480 1200 reverentiam
505 1137 546 1199 sit
569 1143 702 1221 paratus
725 1135 903 1220 inpendere
927 1137 1053 1223 animae
1079 1137 1110 1200 in
1134 1135 1187 1200 dei
1212 1138 1339 1202 culture
1363 1138 1493 1201 sublimi
1502 1146 1515 1200 ‘t
1553 1139 1628 1223 quia
1651 1137 1859 1222 peregrinum
1880 1157 1915 1199 se

201 1267 211 1300 r,
265 1240 342 1302 facit
365 1260 384 1300 a
408 1239 622 1323 redemptoris
652 1239 758 1322 gratia
787 1237 841 1322 qui
865 1237 927 1302 deo
951 1259 1015 1301 non
1040 1239 1176 1323 suspicit
1199 1240 1432 1325 obsequentes.
1479 1240 1633 1305 indicium
1657 1241 1742 1305 enim
1767 1246 1817 1304 est
1840 1259 1916 1302 oon-

266 1341 460 1405 vcrsationis
485 1342 681 1426 praecipuae
699 1340 821 1405 Christi
846 1342 946 1404 nostri
970 1363 1079 1405 amare
1103 1343 1254 1406 cultores.
1293 1345 1461 1429 proximus
1486 1350 1537 1408 est
1554 1343 1837 1420 emendatissimis,
1861 1342 1916 1425 qui

264 1443 370 1528 diligit
392 1445 454 1507 iam
479 1444 642 1529 probatos.
679 1444 901 1508 testimonium
925 1443 984 1506 das
1010 1443 1166 1508 bonorum
1191 1446 1261 1510 sinc
1285 1446 1487 1511 dubitatione
1511 1448 1709 1525 meritorum,
1734 1445 1761 1508 si
1778 1442 1944 1509 studeas2

264 1547 413 1610 laudibus
437 1549 588 1632 prosequi
613 1546 672 1610 sub
697 1547 809 1611 debita
832 1547 1079 1612 continuatione
1103 1548 1277 1634 perfectos.
1315 1550 1351 1612 tit
1375 1551 1495 1613 sanctis
1520 1551 1698 1635 proximus,
1723 1548 1777 1632 qui
1801 1546 1919 1609 inillis

266 1650 335 1713 sine
358 1651 431 1712 fuco
450 1649 618 1735 praedicat
633 1651 852 1714 sanctitatem.
891 1670 1115 1736 quaecumque
1132 1651 1303 1737 diligentie
1319 1654 1470 1717 hortante
1487 1652 1691 1738 praetuleris,
1715 1648 1918 1735 dispendium

201 1789 214 1815 n
266 1753 398 1838 pudoris
427 1761 492 1831 cst,
524 1755 557 1817 ni
585 1755 743 1839 sequaris.
789 1754 860 1839 quis
891 1754 980 1818 salva
1004 1753 1202 1819 verecundia
1233 1777 1292 1840 pcr
1319 1757 1451 1841 spinosa
1481 1754 1632 1839 gradiens
1660 1760 1834 1840 purgatum
1859 1752 1922 1815 iter

265 1856 403 1920 adtollat
433 1865 466 1920 et
496 1856 579 1919 viam
614 1857 727 1920 salutis
759 1857 922 1941 aspiciens
957 1858 1057 1922 calles
1090 1859 1192 1943 eliget
1224 1860 1415 1922 noxiorum?
1466 1858 1627 1943 professio
1661 1855 1827 1920 caecitatis
1860 1860 1920 1927 cst,

266 1959 351 2022 bona
375 1967 450 2023 ante
475 1960 587 2023 oculos
610 1961 643 2022 in
666 1961 854 2045 exemplum
877 1961 985 2024 locata
1010 1982 1166 2048 respuere
1191 1970 1224 2025 et
1244 1962 1330 2026 unde
1347 1963 1529 2025 imitatione
1546 1961 1696 2046 proficias
1712 1980 1777 2023 non
1794 1963 1920 2023 tenere.

266 2061 360 2134 haec,
391 2063 433 2124 mi
463 2062 610 2134 domina,
639 2063 679 2126 dc
703 2071 735 2127 tc
765 2084 828 2126 non
861 2064 992 2127 incertis
1023 2064 1111 2127 fama
1134 2066 1295 2128 nuntiavit
1317 2065 1461 2138 indiciis,
1488 2085 1553 2128 non
1577 2065 1698 2148 loquax
1720 2062 1839 2146 vulgus
1863 2064 1952 2147 per3

267 2166 380 2247 ignara
408 2164 516 2228 iudicii
544 2186 601 2230 ora
631 2167 777 2245 iactavit,
811 2165 862 2228 cui
893 2187 964 2229 mos
992 2174 1042 2229 cst
1072 2165 1113 2230 de
1139 2167 1287 2231 humanis
1311 2168 1453 2247 actibus,
1485 2167 1561 2231 dum
1586 2166 1746 2230 scintillas
1770 2166 1802 2228 in
1826 2184 1922 2248 rogos

202 2301 212 2333 .·.
266 2269 400 2341 animat,
437 2269 651 2353 amplificatas
679 2269 823 2333 fidelium
853 2269 1001 2332 flammas
1036 2269 1247 2353 extinguerc;
1285 2271 1346 2334 hoe
1376 2277 1560 2335 nostrorum
1600 2270 1758 2334 relatione
1789 2268 1920 2355 propin·

267 2392 415 2454 «quorum,
439 2373 615 2458 praecipue
639 2379 749 2436 tamen
774 2371 906 2435 domina
928 2378 962 2435 et
986 2392 1098 2436 sorore
1115 2371 1281 2458 Euprepia
1305 2375 1478 2451 referente,
1503 2372 1705 2459 percrebuit:
1735 2393 1799 2436 nou
1818 2369 1920 2435 solum

268 2495 324 2537 ros
355 2474 471 2558 dignas
500 2496 572 2539 csse
601 2476 797 2560 praeconiis,
830 2474 888 2538 sed
917 2475 1098 2540 instituisse
1129 2477 1361 2543 celebrandum
1391 2488 1424 2544 ct
1447 2476 1628 2543 venerabili
1657 2477 1721 2540 lilio
1746 2497 1818 2540 cum
1843 2495 1918 2561 pro·

267 2578 377 2662 sapiae
413 2579 512 2643 radiis
547 2579 653 2643 facem
688 2580 947 2644 conversationis
984 2580 1145 2665 ingerere.
1198 2580 1312 2660 habet,
1353 2589 1510 2666 quantum
1548 2581 1695 2666 conperi,
1732 2578 1952 2643 Lerinensisl

265 2680 430 2744 habitator
453 2681 538 2766 quod
563 2681 603 2745 de
628 2688 742 2746 sancta
765 2688 869 2747 matre
900 2683 1021 2759 discat,
1054 2685 1151 2749 etiam
1175 2705 1258 2768 quac
1280 2684 1406 2750 urbana
1430 2685 1595 2751 domicilia
1617 2704 1683 2749 non
1707 2683 1848 2768 reliquit.
1894 2682 1920 2745 si

190 2823 215 2854 ·.·
267 2785 344 2848 mihi
380 2786 482 2850 credit
517 2787 623 2872 pictas
658 2792 731 2861 tua,
766 2786 841 2869 plus
875 2794 926 2851 cst
957 2788 989 2850 in
1019 2788 1088 2852 acic
1116 2787 1236 2853 vicisse
1269 2790 1436 2854 sacculum
1465 2811 1562 2876 quam
1594 2790 1727 2853 vitasse.
1779 2786 1926 2868 resignat

267 2888 415 2953 timorem
451 2889 531 2975 fuga
565 2887 770 2966 certaminis,
805 2911 866 2954 nce
900 2910 976 2976 spes
1012 2896 1064 2954 est
1097 2891 1166 2954 ulla
1200 2891 1345 2972 virtutis,
1380 2893 1510 2978 quando
1545 2899 1622 2956 ante
1658 2889 1923 2975 congressionem

266 2991 696 3057 declinatur-adversarius.
748 2994 952 3058 conscientia
982 2993 1108 3058 roboris
1138 2996 1252 3081 paucis
1285 2993 1468 3081 adquiescit
1498 2995 1538 3059 ad
1570 2993 1748 3059 latebram:
1783 2992 1845 3055 boc
1875 2997 1926 3055 est

268 3104 432 3160 secretum
463 3097 585 3180 eligere
617 3096 702 3180 quod
740 3094 924 3161 ostendisse
960 3096 1178 3162 formidinem.
1230 3098 1313 3164 haec
1346 3120 1408 3184 ogo
1445 3120 1508 3163 non
1545 3098 1711 3163 dominum
1747 3115 1856 3159 meum
1891 3100 1956 3159 ot5

268 3198 410 3264 familiae
439 3208 572 3264 nostrae
602 3200 696 3264 iubar
725 3199 954 3285 presbyterum
984 3221 1125 3285 arguens
1155 3202 1278 3282 scribo,
1313 3203 1366 3265 eui
1394 3223 1455 3266 neo
1484 3202 1529 3265 ibi
1552 3200 1649 3266 credo
1673 3199 1925 3286 inpugnationes

192 3334 217 3367 «ε.
271 3301 396 3378 deesse,
421 3325 502 3388 quas
525 3311 669 3388 superet,
693 3304 725 3367 in
750 3324 813 3388 quo
837 3304 900 3367 loci
924 3305 1014 3367 visus
1039 3310 1089 3369 est
1112 3303 1296 3369 declinasse
1323 3306 1522 3370 conflictum.
1560 3311 1638 3369 tune
1662 3305 1748 3369 enim
1772 3303 1925 3367 universa

270 3407 390 3470 saeculi
414 3406 638 3470 blandimenta
661 3407 809 3485 calcarit,
835 3404 964 3491 quando
989 3407 1108 3471 aetatis
1132 3427 1230 3493 opum
1254 3408 1410 3472 natalium
1434 3408 1670 3494 profectionem
1694 3408 1763 3472 eius
1783 3406 1925 3471 retinere

270 3516 387 3573 catena
414 3530 478 3573 non
502 3510 614 3573 valuit.
662 3509 720 3574 sed
744 3509 838 3573 vobis
868 3516 1024 3594 quantum
1055 3531 1154 3575 sexus
1184 3512 1350 3585 infirmior,
1380 3520 1506 3576 tantum
1530 3511 1670 3577 debetur
1692 3511 1862 3598 potissima
1884 3509 1925 3573 de

269 3613 398 3698 palmae
423 3611 598 3697 adeptione
622 3612 779 3676 laudatio.
819 3633 921 3698 prope
946 3619 997 3676 est
1021 3618 1057 3676 ut
1081 3613 1178 3677 etiam
1203 3615 1292 3677 illius
1316 3616 1410 3679 tusis
1427 3616 1530 3680 tutela
1547 3614 1717 3702 propositi,
1741 3634 1824 3699 quae
1840 3613 1958 3677 meleti

270 3716 436 3780 viduitatis
468 3724 501 3780 ct
530 3715 681 3780 orbitatis
711 3717 837 3802 petiens
865 3714 907 3779 de
932 3716 1128 3782 venerabilis
1158 3717 1204 3781 lili
1234 3719 1357 3782 nrcritis
1386 3719 1499 3782 solacii
1529 3719 1577 3782 tui
1607 3718 1779 3782 occasione
1802 3716 1927 3801 pateris

194 3852 219 3887 :s
272 3821 317 3884 nil
344 3822 463 3904 perire.
510 3841 586 3885 ecee
614 3819 668 3884 ubi
700 3820 821 3884 femina
849 3818 1035 3904 fragilitatis
1067 3820 1169 3885 oblita
1200 3821 1328 3885 castelli
1352 3822 1423 3885 vice
1452 3827 1484 3885 et
1507 3822 1611 3887 virum
1641 3828 1674 3885 ot
1704 3821 1856 3884 iuvenem
1887 3818 1927 3882 ab

272 3923 380 3986 hostili
404 3924 637 4009 inpugnatione
666 3923 835 3987 subducit!
882 3923 978 3987 huius
1002 3924 1080 3988 facti
1104 3923 1170 3988 dux
1196 3925 1340 4008 gloriosa
1362 3923 1520 4010 perdures
1544 3932 1577 3990 ct
1600 3945 1701 4010 usque
1726 3921 1766 3988 ad
1790 3922 1871 3988 illud
1895 3922 1927 3985 in

271 4027 402 4091 saeculo
426 4049 630 4114 perseveres,
654 4049 718 4112 quo
742 4028 847 4101 illum.
872 4028 897 4091 si
923 4028 969 4091 ita
994 4048 1046 4092 res
1071 4028 1268 4114 poposcerit,
1291 4029 1355 4091 iam
1373 4034 1534 4092 maturum
1551 4027 1663 4093 mundi
1679 4026 1775 4091 istius
1793 4046 1928 4113 campus

271 4131 418 4214 accipiat.
465 4132 594 4212 vellem,
625 4131 796 4205 confiteor,
821 4131 848 4193 si
872 4130 1058 4215 epistolaris
1080 4138 1248 4215 pateretur
1271 4131 1487 4209 concinnatio,
1510 4132 1544 4194 in
1567 4131 1700 4216 longum
1725 4128 1827 4193 verba
1850 4129 1959 4215 pro-‘l

273 4233 394 4297 ducere
417 4241 450 4297 et
473 4233 513 4298 dc
538 4242 667 4298 actuum
693 4240 874 4299 vestrorum
899 4233 1100 4298 ornamentis
1125 4254 1229 4320 pauca
1252 4234 1311 4297 sub
1336 4234 1489 4318 loquendi
1513 4231 1663 4296 ubertate
1687 4252 1831 4297 narrare.
1870 4231 1928 4296 sod

196 4363 220 4399 ,1
277 4336 358 4401 haee
382 4336 422 4400 ad
446 4339 528 4402 alios
553 4338 726 4402 scribenda
749 4345 967 4403 reserventur.
1013 4336 1133 4402 suflicit
1157 4358 1216 4401 vos
1240 4338 1333 4413 scire,
1363 4338 1438 4422 quia
1462 4336 1609 4422 quamvis
1634 4356 1654 4398 a
1675 4355 1728 4399 me
1752 4355 1927 4419 numquam

275 4440 319 4502 sis
355 4441 441 4506 visa.
482 4442 688 4525 cognosceris
723 4448 756 4506 ct
791 4439 966 4505 adorandis
1008 4441 1131 4505 inserte
1166 4441 1385 4505 monumentis
1421 4438 1530 4505 radice
1565 4439 1663 4503 animi
1698 4439 1760 4503 iam
1796 4438 1930 4503 teneris.

381 4768 528 4837 [ΓΕΒ-,1111
558 4771 571 4821 1
592 4771 769 4824 Archotamiae
783 4770 862 4821 Sirra.
950 4768 967 4818 2
985 4770 1121 4836 proficietis
1132 4768 1166 4832 B,
1184 4768 1307 4835 proficitis
1319 4767 1394 4818 ceteri
1480 4764 1628 4818 3ueetstB
1715 4763 1770 4815 din
1783 4780 1838 4830 sup.
1849 4764 1894 4813 lia.
1910 4763 1934 4812 l'

273 4857 340 4908 ira·
360 4856 437 4919 (eras.
456 4860 483 4922 d)
498 4858 522 4909 B
627 4858 779 4925 redemptori
792 4855 817 4906 Β
921 4856 1035 4923 suspicet
1049 4854 1082 4918 Β,
1106 4855 1213 4921 suscipit
1230 4853 1275 4904 Tu
1410 4849 1426 4901 6
1444 4852 1568 4919 proximis
1587 4850 1631 4901 VJ.
1771 4848 1786 4899 ’1
1805 4850 1895 4916 diliget
1907 4849 1932 4899 B

273 4946 318 4994 slas
335 4944 384 5003 Tu,
401 4947 443 4996 dat
458 4945 482 4994 Β
488 4944 533 4994 vl.
630 4943 647 4994 ll
659 4960 838 5010 ‹quaecumqus
850 4942 906 5007 ΒΟ,
923 4958 1111 5008 quemcumque
1124 4940 1199 4991 VLT
1292 4939 1325 4990 10
1342 4936 1377 5003 ni]
1397 4955 1429 4990 no
1441 4937 1467 4988 B
1527 4940 1616 5005 pimus
1628 4937 1653 4988 B
1750 4935 1779 4988 11
1799 4935 1899 4986 attollat
1911 4933 1937 4982 V

273 5030 345 5081 callis
361 5030 386 5079 Β
526 5028 558 5080 12
580 5028 709 5097 respuere]
735 5031 861 5097 respicere
880 5028 959 5080 Siras.
1101 5027 1134 5079 14
1155 5026 1291 5079 scsutellss
1308 5025 1333 5075 Β
1437 5039 1512 5091 rogos
1528 5024 1552 5085 d,
1575 5039 1654 5090 regne
1670 5021 1703 5084 B,
1728 5037 1820 5087 rogum
1840 5017 1936 5069 taso

276 5113 308 5163 le
325 5116 466 5182 anplicatas
478 5115 503 5165 Β
645 5113 677 5167 16
695 5116 789 5167 domna
801 5114 881 5166 Sis-m.
986 5114 1125 5180 capraspis
1139 5112 1163 5162 Β
1266 5112 1424 5179 percrebruit
1439 5108 1509 5161 Vns?
1646 5104 1678 5157 l'l
1696 5105 1851 5158 uenerabilis
1866 5102 1936 5155 VLC'

276 5199 308 5251 18
330 5202 466 5267 lyrinensis
484 5202 582 5252 codices
687 5200 719 5253 19
737 5210 840 5253 scancta
851 5200 877 5252 B
945 5200 1043 5251 orbana
1055 5198 1081 5249 Β
1149 5198 1257 5264 reliquid
1271 5197 1296 5247 Β
1398 5194 1430 5247 21
1451 5196 1542 5247 virtuti
1559 5195 1623 5245 coni.
1638 5192 1734 5243 Ifartel
1836 5188 1931 5241 221111·

274 5288 388 5352 quiescet
400 5287 444 5337 150
542 5284 577 5337 24
595 5289 788 5356 inpugrmticnis
800 5287 825 5337 Β
922 5283 955 5336 21
974 5285 1082 5338 debetur
1094 5285 1125 5337 ds
1137 5285 1270 5353 potissima
1287 5281 1333 5347 Vl,
1350 5284 1426 5335 debet
1437 5283 1569 5350 potissima
1581 5279 1605 5329 J.
1700 5276 1736 5329 ‘28
1753 5277 1828 5328 etism
1847 5276 1934 5327 uillius

275 5373 352 5436 (orna
366 5373 400 5437 m)
422 5373 446 5422 Β
584 5371 620 5423 211
637 5376 777 5426 uiduetstis
793 5374 819 5425 Β
917 5373 954 5424 nli
970 5372 1004 5436 Β,
1028 5373 1074 5424 filii
1091 5372 1166 5423 ceteri
1302 5368 1337 5420 32
1354 5369 1497 5436 per-seueris
1514 5367 1539 5418 Β
1639 5374 1738 5416 matura
1755 5360 1783 5427 (ri
1799 5380 1856 5429 nep.
1871 5362 1897 5425 a)
1915 5359 1939 5410 V

275 5457 310 5509 33
328 5462 416 5512 uellim
431 5461 455 5510 Β
551 5461 675 5511 confiteor
693 5488 727 5496 —
745 5476 828 5527 panca
845 5460 932 5511 orat*
1024 5459 1150 5525 pateritnr
1165 5457 1191 5508 B
1322 5454 1356 5505 34
1377 5452 1578 5521 decerpendi
1710 5448 1745 5501 35
1763 5445 1935 5501 sembendaB

276 5555 413 5598 seruentur
431 5565 486 5613 rap.
500 5547 544 5596 lin.
564 5563 592 5597 rc
608 5544 632 5594 Γ
731 5543 766 5596 36
784 5542 829 5611 sis]
848 5562 876 5597 re
887 5544 914 5595 B
