4500 6232
795 308 969 364 LIBELLVS
987 308 1060 365 PRO
1078 308 1233 364 SYNODO.
1800 308 1838 376 bl

121 500 127 532 -·
200 478 412 564 loquerentur
433 478 626 548 exordium’.
670 481 789 546 exhinc
819 480 956 566 digressi
986 481 1144 547 bonamm
1170 503 1278 548 rerum
1309 483 1341 545 in
1370 501 1448 567 rege
1471 480 1612 546 laudatis
1636 483 1789 549 affectum
1812 488 1847 547 et
1862 485 1900 546 15

187 581 293 647 colitis
311 581 419 647 verbis
442 583 663 649 innocentiam
685 605 783 670 quam
806 586 933 651 actibus
956 586 1125 672 ignoratis,
1148 587 1177 650 si
1198 592 1309 650 tamen
1326 584 1432 649 cultus
1449 585 1548 649 estin
1569 586 1713 670 loquella
1728 591 1847 667 restra,

189 702 287 770 quam
309 685 427 750 scabro
451 706 583 752 vomere
606 688 697 753 velut
720 695 858 774 agentes
880 710 939 775 per
962 689 1094 755 devium
1116 696 1226 755 aratra
1248 687 1471 774 proscinditis,
1494 689 1653 754 marcenti
1677 690 1747 754 solo
1769 689 1849 754 lolia

189 788 457 854 commendantes
476 791 639 876 recepturi
655 812 715 876 pro
730 792 789 856 tali
805 792 960 878 inpendio
976 794 1100 880 paleas,
1123 793 1241 879 quibus
1257 792 1429 878 gehennae
1453 792 1486 856 in
1509 793 1689 878 perniciem
1704 798 1847 858 vestram

122 923 134 959 s
189 891 274 977 ignis
298 892 473 958 animetur.

297 994 364 1062 Sed
385 1017 482 1076 nunc,
506 1001 542 1060 ut
564 995 695 1083 quidam
716 998 820 1062 fertur
842 998 983 1080 dixisse,
1006 1003 1102 1086 ‘quae
1125 1001 1241 1086 quibus
1263 996 1478 1064 anteferam'?
1523 1005 1637 1064 contra
1659 1001 1844 1088 apostolum
1858 1002 1973 1085 ftivm,

188 1097 296 1165 dicitis
317 1101 552 1188 inpugnatores
575 1103 691 1166 summi
712 1103 875 1188 pontificis
892 1124 958 1168 non
975 1103 1115 1185 auditos,
1139 1104 1193 1189 qui
1210 1103 1362 1168 caelestis
1378 1101 1524 1166 mandeti
1540 1124 1703 1168 memores
1718 1109 1845 1190 partem
1867 1086 2002 1137 ΜΨ·

188 1224 282 1269 suam
297 1225 318 1269 a
333 1205 498 1270 consortio
514 1204 653 1271 adulteri
670 1205 907 1271 subduxerunt.
943 1207 995 1271 hic
1012 1228 1078 1272 non
1093 1208 1221 1272 incesso
1239 1207 1466 1292 ignorantiam,
1487 1205 1642 1272 rimosam
1655 1209 1847 1272 memoriam

189 1327 254 1372 non
277 1329 406 1374 accuso.
449 1309 526 1374 nolo
550 1308 662 1375 dicere
686 1309 773 1395 quod
797 1311 946 1397 profetae
970 1309 1073 1376 rerba
1098 1309 1247 1397 apostolo
1270 1309 1472 1388 contulistis,
1506 1310 1583 1394 quia
1604 1311 1680 1375 novi
1703 1318 1738 1376 et
1759 1311 1847 1398 ipsos

187 1411 356 1496 apostolos
380 1417 470 1477 recte
487 1411 633 1493 vocitari,
657 1434 739 1498 quos
763 1415 880 1478 missos
903 1434 978 1479 esse
1002 1434 1066 1479 non
1082 1434 1178 1499 nego.
1222 1412 1330 1478 David
1346 1413 1432 1478 enim
1447 1412 1542 1477 dicit:
1576 1415 1694 1479 ‘furem
1709 1412 1846 1480 ridebas
1884 1409 1967 1516 {2²23

187 1522 221 1583 et
236 1515 398 1581 currebas
427 1536 501 1581 cum
525 1536 565 1580 eo
589 1523 720 1582 etcum
749 1517 907 1583 adulteris
938 1519 1121 1603 portionem
1152 1524 1242 1582 tuam
1272 1514 1442 1602 ponebas’.
1487 1515 1607 1582 deinde
1636 1517 1710 1602 quis
1740 1539 1777 1582 se
1804 1516 1846 1582 de
1861 1518 1899 1579 17

185 1618 244 1683 illa
273 1624 384 1684 vestra
414 1619 554 1685 enodem
582 1621 680 1685 faciat
708 1621 918 1707 quaestione,
949 1643 1012 1707 qua
1043 1621 1165 1686 dicitis:
1201 1621 1244 1684 ‘in
1275 1619 1466 1684 criminibus
1495 1620 1634 1685 obiectis
1664 1619 1751 1707 quod
1783 1641 1847 1687 non

186 1721 375 1787 excluditur
396 1722 629 1810 adprobatur’?
674 1746 716 1790 en
739 1746 854 1790 rocem
877 1725 1046 1790 Romanae
1070 1725 1231 1791 ecclesiae
1259 1723 1416 1787 militibus
1447 1731 1699 1809 coagmentem,
1728 1724 1761 1788 in
1784 1744 1848 1810 qua

186 1826 315 1891 nescias
336 1833 445 1891 utrum
468 1829 559 1913 prius
582 1829 720 1893 nitorem
736 1827 906 1915 praedices
922 1850 964 1893 an
981 1849 1142 1916 saporem.
1181 1835 1321 1915 putasne
1337 1826 1475 1892 audistis
1494 1826 1575 1913 legi:
1608 1826 1707 1914 ‘quod
1722 1828 1845 1893 iustum
1854 1840 2000 1893 Dentrem·

120 1960 134 1996 e.
188 1935 249 2007 est,
272 1929 357 1995 iuste
374 1929 601 2016 exsequeris’?
638 1931 776 1997 audistis
793 1931 834 1997 de
851 1932 1034 1997 malefactis
1054 1932 1231 2009 hominum,
1256 1932 1284 1995 si
1307 1936 1418 1995 tamen
1440 1929 1617 2016 aliquando
1640 1933 1847 1998 conversatio

187 2030 331 2096 humana
360 2054 419 2098 ros
447 2035 568 2105 tenuit,
601 2034 758 2120 quidquid
783 2057 848 2100 non
876 2037 943 2100 suis
972 2035 1140 2100 ordinibus
1168 2034 1367 2121 adprobatur
1397 2034 1552 2100 excludi?
1597 2033 1654 2100 ubi
1686 2043 1738 2101 est
1767 2033 1848 2101 illud

188 2136 351 2222 profetae:
386 2136 550 2203 ‘dominus
573 2138 614 2202 ad
637 2139 792 2204 iudicium
817 2141 928 2205 veniet
951 2160 1025 2204 cum
1048 2139 1181 2204 senibus
1203 2138 1317 2225 populi
1340 2136 1423 2202 sui'?
1469 2138 1567 2203 etde
1589 2137 1684 2204 vobis
1708 2136 1842 2202 dictum:
1858 2155 1910 2199 ssu
1924 2159 1987 2208 aa.

187 2242 370 2326 ‘peccatum
394 2262 487 2306 suum
510 2241 603 2327 quasi
619 2240 781 2306 Sodomae
803 2241 1094 2328 praedicaverunt:
1119 2265 1180 2307 vae
1203 2241 1375 2307 animabus
1398 2240 1537 2308 eorum’!
1576 2242 1635 2308 sed
1658 2242 1736 2329 quid
1757 2243 1845 2308 facto
1860 2237 1898 2300 ¹8
1918 2251 1984 2295 Μ

100 2370 115 2409 a
129 2360 170 2401 m
188 2363 271 2430 opus
293 2350 361 2425 est,
395 2346 547 2430 quotiens
579 2346 669 2410 nulle
698 2345 881 2433 desperatis
911 2346 1056 2412 medella
1082 2347 1254 2427 succurrit,
1287 2346 1351 2410 nisi
1374 2344 1588 2431 inplorandus
1612 2352 1664 2411 est
1686 2345 1847 2426 dominus,

106 2476 134 2515 sc
189 2447 244 2531 qui
266 2448 417 2534 promisit
438 2469 498 2535 per
519 2449 696 2535 profetam,
732 2449 875 2513 futurum
904 2469 940 2514 se
969 2470 1067 2535 super
1089 2469 1219 2514 onmem
1242 2448 1421 2535 superbum
1445 2454 1478 2513 et
1500 2449 1670 2514 excelsum
1693 2453 1728 2513 et
1748 2465 1989 2533 superiecere.

190 2570 319 2615 omnem
341 2550 570 2636 adrogantem,
594 2559 630 2616 ut
653 2552 862 2617 humilietur?
908 2551 966 2617 sed
990 2552 1128 2617 fetidum
1152 2572 1236 2637 opus
1259 2551 1407 2636 vestigiis
1430 2551 1584 2638 insequar
1606 2557 1640 2616 et
1662 2551 1795 2631 ferrata,
1819 2551 1847 2614 si

190 2653 297 2731 valeo,
321 2655 412 2719 calce
435 2654 648 2736 contundam,
677 2662 713 2719 ut
735 2676 813 2720 vere
837 2655 960 2720 dicam:
996 2677 1049 2721 res
1073 2677 1147 2720 cum
1170 2676 1221 2736 re,
1245 2675 1441 2720 causacum
1465 2676 1581 2736 causa,
1603 2655 1686 2720 ratio
1710 2675 1783 2719 cum
1806 2674 1848 2719 ea

189 2776 284 2841 quom
307 2764 425 2842 putant
446 2760 571 2824 ratione
593 2759 761 2844 pugnabit.
801 2759 971 2824 oblocutos
995 2758 1183 2824 secerdotes
1203 2759 1494 2845 praeceptionibus
1518 2759 1617 2844 regiis
1640 2758 1791 2844 allegatis
1814 2765 1848 2822 et
1863 2763 1902 2824 se

190 2859 352 2945 quoddam
377 2862 586 2948 sacrilegium
611 2861 755 2937 creditis,
778 2863 856 2927 mali
878 2863 1011 2948 aliquid,
1035 2884 1108 2928 cum
1132 2863 1309 2928 caelestem
1333 2863 1500 2934 nesciatis,
1523 2862 1564 2928 de
1580 2863 1703 2928 terreni
1726 2861 1847 2929 domini

123 2993 137 3031 s
192 2963 337 3030 iussione
360 2967 483 3047 sentiri,
507 2965 721 3052 opponendo:
756 2968 840 3052 ‘quis
857 2967 927 3052 regi
951 2966 1066 3032 debuit
1089 2966 1209 3047 dicere,
1232 2987 1352 3051 papam
1376 2966 1561 3052 oportuisse
1585 2964 1746 3051 synodum
1769 2987 1847 3031 con-

189 3076 328 3132 vocare?
373 3075 463 3135 certe
485 3068 571 3155 quod
594 3070 628 3133 in
652 3070 714 3135 hac
738 3076 833 3156 parte
859 3077 987 3136 constet
1009 3071 1199 3156 exemplum
1207 3078 1221 3133 ’ἰ
1260 3071 1351 3135 illum
1373 3071 1563 3157 praecipue,
1587 3071 1641 3156 qui
1665 3070 1848 3135 criminosis

189 3172 363 3237 multorum
394 3173 672 3260 propositionibus
704 3175 769 3240 iam
799 3174 942 3256 iacebat,
981 3196 1079 3261 quem
1109 3173 1171 3239 boc
1204 3174 1312 3238 fuerat
1344 3172 1499 3238 damnare
1534 3171 1620 3258 quod
1653 3174 1761 3258 argui,
1797 3174 1848 3238 cui

189 3277 453 3361 praerogativam
477 3278 614 3342 caelitus
638 3276 835 3365 adscriptam
864 3278 1008 3343 hostium
1037 3298 1170 3342 suorum
1200 3277 1364 3341 oblocutio
1396 3277 1460 3341 iarn
1489 3274 1649 3341 tulisset‘f
1694 3275 1736 3340 ad
1764 3276 1850 3341 hanc
1863 3281 1903 3342 20

189 3396 248 3441 vos
271 3377 468 3444 dementiam
485 3381 645 3445 malorum
662 3381 792 3445 actuum
809 3402 870 3468 per
889 3381 1011 3467 gradus
1030 3402 1107 3446 suos
1130 3381 1336 3445 incrementa
1360 3386 1542 3457 traxerunt,
1565 3386 1602 3444 ut
1625 3379 1687 3446 hoc
1710 3379 1850 3446 credatis

111 3508 140 3547 so
192 3502 266 3547 esse
289 3482 445 3549 lacessire
469 3483 554 3569 quod
577 3485 772 3550 convincere
795 3506 856 3550 ncc
880 3483 966 3571 apud
984 3505 1043 3549 vos
1066 3482 1210 3549 habeant
1227 3505 1247 3548 a
1262 3484 1400 3549 veritate
1418 3483 1635 3550 differentiam
1658 3482 1743 3565 odia,
1766 3504 1850 3570 quae

191 3584 384 3671 plerumque
407 3594 522 3652 contra
543 3587 695 3652 meritum
726 3587 857 3673 inpetiti
888 3586 1004 3651 studiis
1036 3607 1100 3651 non
1132 3586 1248 3651 rationi
1281 3586 1497 3672 obsequentia
1525 3592 1603 3651 vota
1633 3588 1850 3652 concinnant?

190 3687 245 3753 ubi
269 3696 320 3754 est
342 3688 421 3753 iilud
451 3689 647 3776 ‘priusquam
672 3711 848 3776 agnoscas,
877 3711 919 3755 ne
946 3687 1115 3754 adiudices
1144 3687 1372 3776 quemquam’?
1419 3690 1497 3752 olim
1520 3710 1578 3753 vos
1608 3690 1735 3776 accepit
1764 3684 2005 3793 μοκῑθῗξξῑξῧθ·

191 3793 318 3879 positus
346 3794 380 3857 in
408 3793 540 3858 sinistra
570 3795 735 3881 collegas,
766 3793 852 3881 apud
881 3814 963 3880 quos
986 3814 1029 3858 cx
1052 3792 1255 3878 praeiudicio
1279 3793 1454 3880 excepisse
1476 3792 1673 3858 senteutiam
1695 3791 1850 3872 creditur,

190 3897 248 3982 qui
270 3896 389 3962 memit
416 3896 458 3961 ad
490 3918 630 3963 examen
661 3897 793 3978 adduci,
824 3904 858 3962 et
885 3897 947 3962 hoc
974 3904 1026 3962 est
1052 3917 1144 3961 reum
1172 3897 1315 3962 existere
1343 3896 1430 3982 quod
1458 3895 1575 3962 libram
1604 3896 1851 3984 disceptationis

116 4027 141 4067 ss
194 3999 327 4067 intrare.

300 4103 543 4169 Praelocutioni
567 4111 677 4171 tamen
700 4107 843 4193 optimae
871 4106 1014 4171 divinum
1044 4103 1237 4170 subdidistis
1266 4104 1467 4190 exemplum,
1499 4101 1584 4188 quod
1611 4102 1657 4166 ita
1683 4100 1898 4187 quadratisll

193 4213 321 4272 constat
343 4208 507 4292 alloquiis,
535 4216 572 4273 ut
594 4210 700 4296 ipsum
725 4211 757 4275 in
781 4232 819 4276 ec
843 4209 994 4297 Crispum
1019 4216 1132 4274 tenere
1156 4209 1277 4273 lineam
1301 4214 1406 4293 putes.
1451 4206 1628 4294 ‘peccatori
1652 4205 1731 4270 dicit
1753 4204 1848 4270 deus:
1862 4202 1944 4308 25³3:

102 4354 123 4397 p,
138 4347 177 4386 ,ῃ
196 4331 297 4396 quare
314 4317 349 4375 tu
366 4333 500 4377 enarras
522 4312 662 4377 iustitias
680 4312 802 4379 measi'
841 4313 917 4376 huic
934 4312 1020 4377 dicto
1037 4317 1249 4376 conserentes
1266 4310 1358 4396 quasi
1375 4308 1416 4373 ad
1432 4308 1621 4375 secerdotes
1636 4307 1849 4395 apostrafam:

296 4639 437 4707 2loqrrilla
454 4641 492 4705 B,
517 4642 620 4709 loquela
641 4643 717 4694 ceteri
855 4640 872 4694 3
890 4642 989 4694 ‹liuium
1005 4640 1031 4692 Β
1127 4641 1295 4708 proscenditis
1312 4637 1357 4704 Vl,
1381 4640 1538 4707 procendetia
1560 4639 1585 4704 (c
1601 4655 1657 4705 sup.
1676 4638 1721 4689 lia.
1739 4654 1773 4688 m.
1787 4638 1810 4700 1)
1824 4635 1850 4688 Β

193 4743 238 4795 par
254 4727 370 4779 sindictis
388 4729 523 4781 marcentis
541 4729 644 4780 amnia
661 4728 722 4780 lolia
735 4727 786 4778 ΑΒ
896 4726 1070 4780 lauditusB
1183 4725 1294 4778 flauum
1307 4725 1352 4776 13⁰
1463 4723 1671 4793 ilprophatacrl
1743 4724 1804 4791 quia
1824 4732 1851 4776 et

193 4814 254 4867 noui
271 4811 311 4863 V¹
320 4813 345 4864 Τ
447 4812 480 4866 10
496 4816 583 4867 uocari
600 4813 696 4866 PARS
766 4831 833 4882 nego
845 4814 878 4880 B,
897 4817 982 4866 nescio
995 4814 1070 4865 ceteri
1175 4809 1208 4863 13
1225 4813 1380 4880 approbatur
1396 4810 1419 4859 V
1479 4812 1587 4863 eclesiae
1599 4810 1624 4860 Β
1729 4807 1763 4860 14
1779 4825 1849 4877 prae·

193 4899 257 4951 dicis
267 4898 293 4949 Β
418 4899 452 4952 16
469 4901 590 4967 quicquid
606 4899 632 4949 V
712 4901 868 4968 approbatur
883 4900 908 4949 V
1030 4896 1062 4950 17
1081 4900 1218 4967 prophelae
1235 4899 1284 4949 [nl
1413 4894 1447 4949 18
1464 4898 1581 4949 sedenim
1595 4895 1632 4960 B,
1655 4897 1759 4947 sodoma
1776 4895 1851 4948 ceteri

194 4982 227 5035 19
244 4987 377 5055 disparmis
394 4986 419 5038 Β
505 4987 608 5039 msdilla
624 4983 676 5051 13¹,
701 4987 800 5038 medela
817 4986 891 5038 ceteri
1024 4982 1060 5035 2⁰
1077 5000 1123 5051 per
1143 5001 1192 5034 om.
1205 4982 1257 5033 ΑΒ
1345 4982 1560 5050 superbum...
1580 5019 1586 5031 .
1605 4996 1706 5031 omnem
1729 4996 1786 5045 asp.
1803 4979 1849 5030 lia.

192 5073 277 5138 suppl.
292 5072 316 5123 Β
427 5070 460 5122 21
480 5081 641 5140 arrogantem
657 5071 682 5120 V
787 5069 821 5122 23
838 5072 966 5139 pugnauit
982 5068 1007 5120 Β
1119 5066 1155 5120 26
1172 5086 1239 5119 con·
1249 5094 1260 5118 ι
1270 5075 1321 5120 stat
1339 5069 1417 5133 (eras.
1430 5066 1463 5132 si)
1475 5066 1501 5117 Β
1608 5064 1643 5117 28
1660 5065 1813 5117 adscmbtam
1826 5063 1852 5114 B

192 5155 228 5209 29
239 5160 362 5227 guadsos
374 5157 452 5224 (aas.
462 5158 514 5224 i)B
594 5155 629 5210 30
640 5159 754 5210 lacissim
761 5158 795 5222 B,
806 5157 1014 5210 lacessereccteri
1095 5152 1130 5205 32
1141 5154 1297 5206 adiudicisB
1342 5152 1466 5222 accipitB
1547 5150 1582 5204 36
1592 5152 1701 5219 optimae
1710 5150 1744 5214 Β,
1756 5151 1850 5218 optime

193 5244 281 5304 oetam
297 5243 387 5310 optimi
391 5244 516 5310 fortasse,
534 5244 569 5310 cf.
579 5261 607 5309 p.
618 5247 662 5306 60,
671 5247 707 5294 28
789 5239 824 5293 37
836 5244 955 5310 Crispum
967 5241 1058 5308 scripsi
1070 5238 1439 5308 (cs.p.24,19),archeaipum
1447 5238 1473 5289 B
1480 5235 1526 5302 Vl,
1537 5238 1694 5305 archisipum
1705 5234 1851 5300 mern,

193 5330 365 5398 archisippum
381 5328 448 5392 uso,
465 5329 622 5396 chn'sippum
634 5328 668 5393 B,
684 5330 852 5382 architectum
869 5329 1041 5396 Chrysippum
1055 5326 1151 5378 Παντεῖ
1255 5324 1291 5377 38
1307 5322 1461 5392 sacerdotes]
1479 5325 1617 5378 sacerdotis
1632 5321 1769 5374 V2MUS

302 5536 338 5590 25
359 5536 426 5590 Actu
449 5551 509 5606 ayss
531 5551 553 5590 c.
569 5542 601 5590 2:
635 5536 782 5591 memorati
814 5534 971 5606 pontifices,
1004 5533 1106 5603 quibus
1131 5531 1276 5603 allegandi
1302 5529 1458 5586 imminebat
1485 5526 1593 5581 occasio
1622 5525 1709 5596 (apud
1737 5527 1851 5593 regem),

194 5625 400 5691 suggesserunt,
418 5621 518 5691 ipsum,
537 5623 585 5692 qui
604 5623 750 5677 dicebatur
768 5621 913 5691 inpetitus.
932 5619 1060 5675 debuisse
1078 5618 1215 5688 synodum
1234 5634 1393 5672 convocare.

1610 5708 1624 5761 Ῑ
1630 5708 1646 5740 2
