4500 6232
348 260 410 322 aas
999 254 1153 309 ceonxm
1173 254 1276 321 (nme
1293 257 1348 321 an.

347 451 441 494 arne
473 429 610 514 proiciet
640 429 796 493 alimenta
824 427 979 505 fastidiis,
1010 448 1073 512 quo
1103 427 1307 493 devotionem
1332 450 1437 493 meam
1461 449 1597 493 rancore
1621 428 1761 493 calcabit
1783 429 1884 494 homo
1906 442 2017 515 quem

292 531 589 596 ’tbmisericordem
613 531 751 611 habero,
776 538 809 595 et
831 531 907 595 dum
931 552 1038 596 essem
1062 531 1147 595 intor
1169 537 1332 612 extrema,
1356 552 1422 594 non
1446 533 1551 617 potui!
1597 552 1639 595 ex
1663 552 1767 616 aequo
1790 554 1844 598 me
1869 538 1905 597 et
1929 552 2014 617 ger·

344 656 475 699 manum
507 656 614 699 meum
649 635 907 720 redemptionem
937 634 1054 699 litteris
1083 635 1272 720 poposcisse
1300 634 1487 714 denuntiat,
1518 633 1650 720 paribus
1680 633 1926 701 absolutionem
1954 635 2012 699 in·

345 740 492 824 plorasse
527 739 684 810 lacrimis,
720 738 752 801 in
783 738 882 801 simili
913 738 1072 823 epistulas
1104 738 1299 802 constitutos
1329 744 1417 802 sorte
1453 737 1605 803 dictasse.
1659 757 1725 802 non
1755 758 1903 816 ronnuo,
1940 760 2011 803 non

346 842 466 905 refuto:
498 841 598 905 habet
620 841 661 904 dc
685 841 745 904 hac
769 841 953 905 obiectione
977 841 1154 905 victoriam.
1200 840 1280 905 illud
1304 849 1415 905 tamen
1437 841 1564 924 flagito,
1595 861 1679 926 quae
1697 844 1803 906 'causa
1824 841 1948 907 feeerit
1973 850 2014 907 ut
2079 866 2090 897 s

347 943 433 1028 qnod
467 943 531 1008 duo
566 950 801 1028 poposcerunt,
835 943 962 1008 duobus
996 950 1047 1008 est
1074 943 1239 1023 debitum,
1274 964 1358 1007 unus
1392 944 1579 1029 acceperit?
1630 965 1689 1029 pro
1721 945 1867 1029 utrisque
1898 946 2013 1011 maria

293 1047 333 1107 26
346 1047 475 1111 intrasti
499 1054 532 1111 et
554 1047 709 1131 liquentis
733 1047 888 1110 clementi
911 1048 1027 1127 minas,
1059 1052 1215 1132 quantum
1238 1046 1377 1123 adseris,
1408 1048 1532 1137 pietate
1556 1046 1639 1113 duee
1663 1048 1819 1115 transisti.
1865 1048 2011 1134 quiade

347 1151 479 1235 gemina
510 1150 644 1214 caritate
674 1150 786 1214 credat
814 1149 936 1214 homini
965 1172 1038 1215 cum
1061 1172 1126 1215 uuo
1156 1149 1327 1216 redeunti?
1372 1172 1548 1235 numquam
1578 1149 1802 1217 misericordia
1824 1152 1887 1216 nisi
1913 1152 2010 1239 peri·

337 1254 460 1317 clitata
484 1253 648 1316 laudatur:
679 1274 742 1337 quo
765 1252 900 1338 pudore,
931 1259 1080 1318 cessante
1105 1253 1235 1327 effectu,
1259 1252 1467 1338 praedicatur
1490 1253 1641 1318 affectio?
1688 1253 1844 1340 numquid
1869 1276 2011 1341 sempor

348 1365 511 1422 secretum
541 1358 683 1442 pectoris
712 1358 887 1421 innotescit
910 1358 1070 1422 veraciter
1099 1357 1190 1421 clave
1214 1357 1396 1420 sermonis?
1440 1357 1562 1441 pietas,
1592 1376 1675 1441 quae
1699 1377 1764 1421 nou
1787 1359 1888 1422 etiam
1909 1364 2011 1423 muta

347 1460 445 1525 rebus
473 1466 614 1540 tenetur,
646 1466 813 1524 ostentum
842 1466 902 1524 est.
947 1460 1034 1524 iuter
1063 1480 1176 1524 omnes
1207 1459 1356 1524 homines
1379 1460 1571 1524 inconvulsa
1594 1481 1684 1524 amor
1707 1459 1816 1526 radice
1840 1460 2012 1539 subsistit,

346 1564 373 1626 si
398 1564 485 1626 valet
514 1563 575 1626 ista
604 1563 748 1626 iactatio.
794 1563 850 1626 len
877 1561 968 1626 dicit:
1000 1568 1067 1625 ‘aut
1095 1563 1164 1626 alat
1193 1569 1250 1625 aut
1274 1559 1454 1625 vinciatur'.
1501 1563 1620 1626 clamat
1647 1565 1755 1649 pater:
1789 1566 1917 1650 ‘pastus
1943 1566 2012 1631 iste

294 1666 485 1751 27parenti,
509 1666 561 1729 vel
584 1666 612 1729 si
635 1686 700 1729 uon
723 1664 873 1743 redimat,
897 1666 962 1729 iam
985 1664 1144 1730 debetur’.
1190 1665 1231 1729 ad
1255 1664 1314 1729 has
1338 1672 1371 1729 te
1396 1664 1549 1750 equidem
1572 1672 1693 1751 partes,
1713 1670 1792 1730 'eum
1815 1666 1857 1731 ab
1881 1667 2010 1749 officio,

346 1769 396 1832 cui
425 1790 498 1833 eras
528 1790 587 1854 per
617 1775 766 1833 naturam
797 1768 974 1845 obnoxius,
1009 1789 1174 1849 cessares,
1207 1768 1355 1841 armasti;
1394 1767 1519 1852 proficit
1546 1774 1681 1833 ventoso
1714 1770 1884 1834 munimini
1914 1772 2012 1858 quod

345 1871 508 1956 genuinae
538 1879 694 1956 negatum
726 1880 776 1935 est
806 1872 943 1956 turpiter
972 1870 1115 1956 puritati.
1161 1870 1257 1935 erede
1287 1870 1381 1950 milri,
1412 1871 1466 1934 lex
1496 1875 1568 1935 cu'm
1595 1877 1767 1957 parentem
1799 1874 1911 1938 locuta
1944 1882 2011 1951 est,
2083 1900 2096 1933 s

345 1996 410 2039 non
434 1975 536 2038 tacuit
559 1973 815 2060 redemptorem:
840 1975 969 2037 hortata
993 1981 1043 2037 est
1065 1973 1159 2038 iussit
1182 1973 1320 2037 extorsit
1335 1972 1490 2037 universa
1505 1974 1707 2040 sufficienter
1721 1976 1840 2062 inpleri
1855 1976 2015 2061 religiosi

346 2078 457 2163 operis
485 2085 689 2141 sacramenta
716 2100 775 2163 per
803 2079 944 2141 nomina.
990 2078 1158 2141 calamitas
1187 2098 1261 2141 mea
1291 2098 1408 2141 sensus
1441 2085 1514 2141 tuos
1543 2078 1585 2142 ad
1616 2079 1713 2144 huius
1737 2080 1784 2145 rei
1809 2080 2010 2147 intellectus

347 2180 498 2245 obnubit:
534 2180 714 2265 redemptio
744 2182 802 2255 fili,
833 2202 916 2267 quae
946 2187 996 2245 est
1024 2181 1057 2244 in
1088 2180 1258 2264 diligentia
1284 2179 1550 2259 necessitudinis,
1582 2203 1656 2246 esse
1687 2202 1753 2245 uon
1782 2183 1891 2268 potuit
1913 2191 1952 2249 et
1976 2184 2013 2249 in

295 2285 542 2370 28praeeeptis.
588 2285 790 2368 impietatem
820 2306 927 2348 meam
951 2292 984 2348 et
1008 2285 1040 2346 in
1064 2283 1257 2348 liberatione
1281 2284 1391 2347 fratris
1418 2284 1581 2357 invidiam,
1610 2285 1686 2349 dum
1709 2285 1843 2373 Ledaea
1865 2285 2013 2372 pignora
2086 2368 2093 2378 ¹

345 2388 476 2464 laudas,
507 2407 651 2450 accusas.
697 2388 802 2450 rrescis
832 2389 924 2472 quia,
957 2387 985 2451 si
1012 2387 1097 2450 iuter
1123 2387 1196 2450 illos
1226 2394 1302 2451 tuae
1332 2386 1565 2451 distributionis
1594 2390 1811 2475 processisset
1838 2392 2014 2473 aequatio,
2072 2426 2099 2457 ..

346 2498 538 2576 generasset
573 2511 727 2553 errorem.
780 2512 854 2554 nam
888 2511 988 2554 unum
1021 2491 1052 2552 in
1089 2496 1249 2575 perpetuo
1279 2489 1397 2553 decoro
1432 2490 1530 2569 lucis,
1567 2493 1704 2556 altemm
1738 2493 1770 2556 in
1801 2493 1867 2577 iugi
1899 2496 2015 2559 noetis

347 2594 555 2681 possessione
584 2592 785 2657 damnasses.
831 2595 980 2663 mentior,
1011 2594 1036 2656 si
1066 2595 1129 2656 alia
1158 2592 1279 2657 iudicia
1309 2601 1367 2657 tua
1390 2595 1530 2657 extitere
1554 2594 1595 2659 de
1619 2596 1706 2659 filiis.
1752 2596 1905 2680 quidnam
1931 2619 2015 2663 esse

350 2697 522 2767 censuisti,
546 2718 618 2761 cum
642 2718 742 2760 unum
766 2718 941 2782 numquam
963 2696 1133 2761 habiturus
1157 2698 1264 2782 pirata
1286 2696 1479 2767 dimitteret,
1510 2699 1607 2762 alium
1631 2719 1806 2782 numquam
1831 2700 2016 2767 relicturus

295 2802 443 2887 aequasi
466 2812 559 2885 patre
583 2801 733 2865 tradente
756 2802 933 2865 retineret?
980 2800 1136 2886 quidquid
1161 2809 1236 2886 post
1258 2802 1370 2864 ‹reulos
1393 2809 1465 2864 tuos
1488 2802 1520 2864 in
1544 2802 1600 2866 illa
1623 2802 1718 2866 ferali
1741 2810 1830 2867 terra
1851 2805 2015 2884 sustinui,

349 2911 424 2968 ate
453 2906 654 2990 processisse
682 2926 747 2968 non
775 2903 897 2969 dubito.
945 2926 1020 2989 spes
1051 2903 1128 2967 mihi
1158 2904 1312 2967 universa
1341 2911 1535 2990 consumpta
1560 2913 1624 2983 est,
1652 2913 1825 2990 postquam
1854 2907 1927 2972 sine
1954 2929 2014 2975 me
2073 2936 2094 2974 a.

350 3006 390 3071 de
414 3008 483 3071 solo
513 3007 682 3072 barbarico
705 3008 893 3093 redemptor
915 3007 1086 3072 abscessit.
1131 3027 1213 3091 quas
1236 3027 1337 3071 naves
1361 3006 1402 3070 ad
1425 3007 1520 3071 litora
1543 3008 1720 3073 inhumana
1742 3008 1917 3075 tendentes
1943 3033 2016 3079 nou

350 3110 472 3196 primus
502 3112 644 3196 inspexi!
691 3119 723 3174 et
752 3109 907 3196 quidquid
933 3118 1134 3175 vanescente
1163 3109 1288 3174 visione
1320 3131 1384 3174 non
1414 3112 1636 3195 sequebantur
1659 3113 1760 3193 oeuli,
1791 3120 1903 3178 mente
1927 3136 2016 3181 cou-

296 3222 337 3283 30
349 3214 518 3300 prehendi,
543 3215 620 3300 quia
642 3216 795 3298 sagacius
820 3215 998 3299 inspiciunt
1020 3213 1142 3299 aliquid
1165 3215 1219 3299 qni
1243 3215 1424 3300 promptius
1448 3216 1703 3299 praestulantur.
1750 3215 1903 3300 quotiens
1927 3226 2016 3286 ante

349 3318 524 3383 adventum
548 3327 650 3388 tuum,
675 3317 855 3404 siquando
879 3339 936 3381 nos
961 3319 1101 3381 lustrare
1124 3337 1235 3381 aerem
1260 3319 1365 3403 pirata
1388 3319 1547 3404 permisit,
1576 3320 1608 3382 in
1633 3320 1801 3384 extraneis
1823 3320 1903 3383 mihi
1926 3342 2014 3407 per-

349 3422 436 3485 sonis
472 3428 567 3506 pater
601 3423 742 3485 occurrit
770 3426 803 3485 et
833 3419 897 3483 vidi
930 3420 1003 3497 has,
1039 3440 1120 3503 quas
1154 3419 1216 3483 sibi
1251 3440 1342 3482 amor
1376 3421 1447 3485 sine
1479 3421 1666 3496 mentiendi
1694 3421 1856 3487 dedecere
1887 3425 2014 3509 pingit,
2094 3456 2100 3481 ι

350 3522 497 3609 effigies?
543 3524 592 3588 his
616 3524 812 3608 imaginibus
836 3522 891 3586 diu
916 3522 1091 3586 sollicitata
1114 3521 1211 3585 corda
1234 3522 1405 3601 feriuntur.
1446 3524 1524 3588 heu!
1556 3526 1706 3609 quotiens
1730 3528 1903 3591 rennuenti
1925 3528 2015 3593 mihi

350 3626 440 3691 cibos
473 3649 554 3712 quos
577 3630 683 3714 pirata
707 3627 907 3714 praestabat,
932 3627 993 3689 liae
1017 3626 1175 3689 barbarus
1199 3627 1421 3690 consolatione
1447 3628 1615 3692 subvenit:
1651 3629 1708 3693 ‘nil
1730 3636 1869 3705 metuas,
1893 3631 1943 3695 nil
1968 3631 2014 3697 de

349 3729 410 3794 hae
432 3730 618 3795 adflictione
642 3731 802 3816 suspires:
827 3731 855 3792 si
873 3737 1001 3793 creater
1019 3737 1094 3792 tuus
1108 3738 1268 3814 superest,
1292 3752 1406 3815 parum
1424 3752 1443 3794 a
1460 3731 1622 3796 libertatis
1640 3733 1779 3796 statione
1795 3732 2012 3818 seiungeris’.

294 3840 331 3899 31
349 3854 427 3897 ecee
455 3833 629 3918 aliquando
657 3834 762 3898 adfuit
792 3855 861 3897 sors
891 3834 1019 3917 cupitis:
1052 3834 1161 3896 {alacer
1189 3833 1266 3896 milri
1296 3832 1472 3898 adventum
1501 3836 1593 3899 istius
1622 3843 1656 3900 et
1685 3834 1808 3921 praedo
1831 3837 2011 3905 nuntiavit.

349 3956 414 3999 non
443 3939 541 4022 longe
570 3938 632 4001 fuit
660 3938 701 4001 ab
732 3939 881 4021 integrae
910 3957 1018 3999 ansere
1048 3937 1241 4001 elementiae
1270 3937 1324 4020 qui
1354 3937 1594 4023 redemptorem
1620 3941 1725 4003 laetus
1750 3940 1891 4024 excepit.
1938 3962 2010 4006 uon
2084 3990 2089 4001 .

349 4040 532 4117 habuimus,
554 4041 689 4113 iudices,
712 4041 859 4105 dominos
884 4041 1092 4104 inhumanos:
1117 4041 1248 4105 luerunt
1273 4041 1326 4125 qui
1345 4043 1527 4126 potuissent
1551 4050 1584 4106 et
1606 4064 1704 4128 prece
1721 4044 1850 4107 molliri.
1889 4045 1916 4107 si
1933 4047 2010 4110 auri

349 4145 492 4229 inopiam
517 4151 775 4228 conpensassent
798 4145 961 4223 lacrimae,
985 4165 1049 4208 uno
1071 4149 1219 4229 tempore
1235 4150 1390 4228 utrosque
1407 4144 1593 4209 reduxerat.
1632 4153 1771 4210 testatus
1788 4152 1839 4210 est
1856 4146 2009 4212 noluisse

349 4247 420 4312 fieri
443 4246 528 4332 quod
552 4268 616 4310 non
632 4255 682 4311 est
697 4269 816 4332 magno
831 4255 984 4333 precatus
1001 4247 1166 4333 inpendio.
1206 4246 1395 4333 expendite,
1419 4269 1552 4332 quaeso.
1577 4247 1653 4334 quid
1670 4269 1689 4311 a
1705 4270 1757 4314 me
1774 4249 1844 4314 iure
1859 4251 2010 4333 postulet

297 4352 404 4435 :arqui
435 4351 515 4414 mihi
549 4352 581 4415 iu
612 4352 734 4415 ultimis
767 4373 828 4415 nec
860 4352 1097 4436 supplicatione
1131 4350 1292 4414 subvenit.
1345 4350 1494 4414 adiecisti
1532 4351 1616 4436 quod
1655 4352 1834 4437 privilegiis
1866 4359 2009 4419 naturae

350 4455 491 4517 munitus
515 4454 560 4518 sis
584 4460 627 4529 et,
652 4451 738 4537 quod
762 4454 793 4516 in
819 4475 870 4517 mc
895 4453 1070 4538 deliquisti,
1094 4474 1157 4516 non
1182 4453 1462 4519 licent'vindicari.
1503 4454 1560 4519 sed
1584 4477 1647 4519 uon
1671 4455 1771 4520 babet
1795 4457 2010 4523 innocentiae
2091 4490 2097 4511 ·

350 4559 613 4641 praerogativam
636 4557 692 4642 qui
714 4557 939 4621 defensionem
963 4578 1055 4620 suam
1079 4558 1167 4621 locat
1190 4558 1223 4621 in
1247 4557 1352 4642 apice.
1390 4558 1502 4622 insons
1527 4560 1665 4623 actionis
1689 4560 1762 4625 luce
1780 4560 1900 4633 niteat;
1922 4560 2010 4626 eitra

455 4781 467 4830 l
488 4780 551 4847 quo]
569 4783 613 4847 qui
626 4781 651 4831 B
759 4778 870 4847 diriter]
890 4783 960 4832 intsx
973 4780 1016 4831 15⁰
1125 4778 1242 4832 4sirnile
1256 4782 1281 4832 Β
1356 4783 1549 4833 eorrstitutusB
1618 4802 1669 4834 non
1688 4800 1788 4835 rerrnuo
1805 4800 1857 4834 nou
1874 4785 1962 4835 resuta
1975 4784 2011 4849 Β,

349 4865 490 4919 ridimidia
509 4869 592 4918 linteos
608 4878 682 4933 parte
700 4886 782 4917 seocuo
801 4869 889 4918 relicta
906 4866 952 4929 Vl,
976 4885 1055 4918 renuo
1074 4866 1090 4917 ri
1107 4884 1192 4919 renim
1210 4869 1299 4919 litteris
1317 4869 1457 4920 vitiatoribus
1475 4870 1559 4935 mppl.
1577 4866 1616 4915 1⁷²
1633 4868 1684 4931 (cel
1700 4868 1762 4933 Vl),
1784 4886 1835 4919 non
1852 4884 1933 4919 muno
1955 4888 2010 4923 nen

349 4970 434 5006 rerum
450 4952 522 5002 LTC
624 4953 752 5005 bhabeat
769 4972 801 5003 m.
822 4971 869 5004 ree.
888 4955 915 5003 in
928 4954 952 5003 Β
967 4955 1021 5004 etb
1091 4956 1189 5021 ssagitio
1202 4955 1227 5005 Β
1233 4954 1242 4991 ¹
1346 4955 1362 5006 6
1381 4958 1441 5006 dum
1460 4965 1518 5007 cale
1537 4957 1588 5006 dno
1606 4955 1669 5006 cdd.
1683 4954 1779 5006 Harrei
1845 4955 1971 5022 acciperit
1982 4956 2010 5007 Β

351 5036 475 5103 'lminasl
498 5038 642 5088 moauasB
782 5038 815 5090 10
834 5041 974 5091 innotescet
992 5040 1017 5089 Β
1157 5039 1188 5090 11
1212 5044 1329 5093 subsistit
1346 5043 1448 5107 scripsi,
1475 5043 1596 5094 subsistet
1614 5042 1674 5091 libri
1819 5038 1850 5090 12
1871 5042 1967 5095 clamet
1985 5044 2012 5095 Β

352 5124 385 5174 13
402 5125 504 5176 debitur
518 5123 541 5173 Β
680 5122 712 5174 14
729 5142 841 5177 cessares
854 5126 958 5187 Ilurtel,
979 5129 1087 5177 cessaris
1106 5128 1165 5178 libri
1304 5125 1336 5177 ll
1355 5136 1415 5179 tuus
1433 5129 1500 5191 libri,
1525 5146 1570 5180 em.
1584 5128 1663 5177 sima
1807 5126 1838 5177 18
1854 5129 2013 5181 obnubetB

351 5210 396 5260 filii
413 5209 437 5257 V
498 5220 523 5261 et
540 5229 588 5262 aaa.
606 5210 700 5261 Vn'Pc·
803 5211 835 5262 19
854 5213 955 5263 laedam
970 5212 1002 5275 B,
1020 5212 1131 5264 ledsaV
1231 5212 1267 5264 ‘20
1284 5214 1408 5265 luudutB
1477 5216 1641 5281 processisset
1658 5231 1719 5281 ergo
1737 5216 1856 5280 aequatio
1870 5214 2013 5284 (del-ergo

350 5314 419 5347 niara.
438 5296 502 5359 ant.)
519 5296 543 5345 B
645 5297 679 5347 ΒΖ
696 5299 838 5349 damnassis
849 5298 881 5361 B,
899 5299 1064 5365 dampnasses
1082 5299 1108 5361 V,
1126 5300 1270 5352 damnasset
1283 5300 1361 5351 Sirim
1466 5298 1695 5352 esseminant
1797 5296 1832 5350 ⁸24
1849 5301 1974 5366 quiequid
1991 5302 2017 5351 V

350 5382 505 5434 sustanuiB
617 5378 650 5431 27
669 5384 790 5449 quiequid
809 5383 831 5431 V
901 5386 1050 5436 mniscsnta
1063 5385 1088 5435 Β
1199 5382 1234 5435 28
1251 5388 1438 5452 praestolantur
1454 5386 1478 5435 V
1547 5395 1606 5439 unta
1631 5388 1657 5438 ia
1676 5387 1711 5438 tit.
1725 5387 1749 5436 B
1861 5382 1897 5437 ³0
1919 5386 2013 5456 pinget

351 5466 411 5530 (del.
430 5465 459 5529 u)
472 5468 497 5517 B
602 5464 634 5517 31
654 5471 772 5520 renuenti
787 5469 812 5517 V
928 5469 963 5522 32
980 5470 1092 5522 eibusB
1212 5467 1246 5521 33
1263 5472 1401 5522 afflictione
1417 5472 1440 5519 V
1520 5473 1628 5540 suspiria
1641 5472 1666 5521 Β
1747 5468 1847 5539 parum]
1866 5474 2012 5541 munima

350 5552 384 5605 34
402 5554 493 5623 capitis
505 5554 530 5605 Β
634 5552 668 5605 35
684 5556 785 5625 integra
797 5555 830 5617 B,
847 5557 947 5626 integro
959 5559 1027 5622 fort.
1132 5555 1165 5607 37
1182 5558 1310 5627 isnopiam
1323 5556 1348 5606 B
