<?xml version="1.0" encoding="UTF-8"?>
<!DOCTYPE html PUBLIC "-//W3C//DTD XHTML 1.0 Transitional//EN"
    "http://www.w3.org/TR/xhtml1/DTD/xhtml1-transitional.dtd">
<html xmlns="http://www.w3.org/1999/xhtml" xml:lang="en" lang="en">
 <head>
  <title>
</title>
<meta http-equiv="Content-Type" content="text/html;charset=utf-8" />
  <meta name='ocr-system' content='tesseract 3.04.00' />
  <meta name='ocr-capabilities' content='ocr_page ocr_carea ocr_par ocr_line ocrx_word'/>
</head>
<body>
  <div class='ocr_page' id='page_1' title='image "./magnifelicisenn00vogegoog_0017.png"; bbox 0 0 4500 6232; ppageno 0'>
   <div class='ocr_carea' id='block_1_1' title="bbox 432 282 1568 341">
    <p class='ocr_par' dir='ltr' id='par_1_1' title="bbox 432 282 1568 341">
     <span class='ocr_line' id='line_1_1' title="bbox 432 282 1568 341; baseline -0.001 -2"><span class='ocrx_word' id='word_1_1' title='bbox 432 285 497 339; x_wconf 90' lang='lat' dir='ltr'>VIII</span> <span class='ocrx_word' id='word_1_2' title='bbox 948 287 968 340; x_wconf 94' lang='lat'>1.</span> <span class='ocrx_word' id='word_1_3' title='bbox 996 284 1044 340; x_wconf 80' lang='lat' dir='ltr'>DII</span> <span class='ocrx_word' id='word_1_4' title='bbox 1063 285 1152 340; x_wconf 81' lang='lat' dir='ltr'>VITA</span> <span class='ocrx_word' id='word_1_5' title='bbox 1170 285 1219 341; x_wconf 66' lang='lat' dir='ltr'>EI*</span> <span class='ocrx_word' id='word_1_6' title='bbox 1237 282 1399 340; x_wconf 80' lang='lat' dir='ltr'>SCRIPTIS</span> <span class='ocrx_word' id='word_1_7' title='bbox 1417 282 1568 339; x_wconf 75' lang='lat' dir='ltr'>annom.</span> 
     </span>
    </p>
   </div>
   <div class='ocr_carea' id='block_1_2' title="bbox 428 454 2083 546">
    <p class='ocr_par' dir='ltr' id='par_1_2' title="bbox 428 454 2083 546">
     <span class='ocr_line' id='line_1_2' title="bbox 428 454 2083 546; baseline -0.002 -24"><span class='ocrx_word' id='word_1_8' title='bbox 428 459 506 523; x_wconf 87' lang='lat' dir='ltr'>inire</span> <span class='ocrx_word' id='word_1_9' title='bbox 529 467 657 524; x_wconf 90' lang='lat' dir='ltr'>coactus</span> <span class='ocrx_word' id='word_1_10' title='bbox 679 467 769 537; x_wconf 86' lang='lat' dir='ltr'>esset,</span> <span class='ocrx_word' id='word_1_11' title='bbox 791 468 896 524; x_wconf 88' lang='lat' dir='ltr'>tamen</span> <span class='ocrx_word' id='word_1_12' title='bbox 917 482 980 546; x_wconf 88' lang='lat' dir='ltr'>qua</span> <span class='ocrx_word' id='word_1_13' title='bbox 1001 481 1097 524; x_wconf 87' lang='lat' dir='ltr'>causa</span> <span class='ocrx_word' id='word_1_14' title='bbox 1118 459 1241 523; x_wconf 76' lang='lat' dir='ltr'>facilius</span> <span class='ocrx_word' id='word_1_15' title='bbox 1264 457 1305 523; x_wconf 88' lang='lat' dir='ltr'>ad</span> <span class='ocrx_word' id='word_1_16' title='bbox 1328 457 1406 522; x_wconf 90' lang='lat' dir='ltr'>illud</span> <span class='ocrx_word' id='word_1_17' title='bbox 1429 456 1565 522; x_wconf 87' lang='lat' dir='ltr'>officium</span> <span class='ocrx_word' id='word_1_18' title='bbox 1581 458 1755 544; x_wconf 82' lang='lat' dir='ltr'>permoveri</span> <span class='ocrx_word' id='word_1_19' title='bbox 1777 466 1892 543; x_wconf 88' lang='lat' dir='ltr'>posset,</span> <span class='ocrx_word' id='word_1_20' title='bbox 1914 479 1952 519; x_wconf 89' lang='lat' dir='ltr'>cx</span> <span class='ocrx_word' id='word_1_21' title='bbox 1976 454 2083 519; x_wconf 75' lang='lat' dir='ltr'>(lelasi</span> 
     </span>
    </p>
   </div>
   <div class='ocr_carea' id='block_1_3' title="bbox 316 558 2086 5606">
    <p class='ocr_par' dir='ltr' id='par_1_3' title="bbox 429 558 2085 1145">
     <span class='ocr_line' id='line_1_3' title="bbox 431 558 2082 651; baseline -0.002 -25"><span class='ocrx_word' id='word_1_22' title='bbox 431 584 530 648; x_wconf 87' lang='lat' dir='ltr'>papae</span> <span class='ocrx_word' id='word_1_23' title='bbox 552 562 687 648; x_wconf 78' lang='lat' dir='ltr'><strong>epistula</strong></span> <span class='ocrx_word' id='word_1_24' title='bbox 708 585 735 627; x_wconf 91' lang='lat' dir='ltr'>a.</span> <span class='ocrx_word' id='word_1_25' title='bbox 758 564 823 629; x_wconf 90' lang='grc'>494</span> <span class='ocrx_word' id='word_1_26' title='bbox 845 564 962 649; x_wconf 90' lang='lat' dir='ltr'>scripta</span> <span class='ocrx_word' id='word_1_27' title='bbox 984 562 1085 645; x_wconf 81' lang='lat' dir='ltr'>(Thiel</span> <span class='ocrx_word' id='word_1_28' title='bbox 1107 563 1197 649; x_wconf 82' lang='lat' dir='ltr'>epist.</span> <span class='ocrx_word' id='word_1_29' title='bbox 1220 562 1329 650; x_wconf 89' lang='lat' dir='ltr'>pontif.</span> <span class='ocrx_word' id='word_1_30' title='bbox 1351 587 1381 651; x_wconf 88' lang='lat' dir='ltr'>p.</span> <span class='ocrx_word' id='word_1_31' title='bbox 1397 564 1471 640; x_wconf 92' lang='grc'>362)</span> <span class='ocrx_word' id='word_1_32' title='bbox 1494 562 1700 647; x_wconf 78' lang='lat' dir='ltr'><strong>cognoscitur.</strong></span> <span class='ocrx_word' id='word_1_33' title='bbox 1733 563 1786 647; x_wconf 91' lang='lat' dir='ltr'>qui</span> <span class='ocrx_word' id='word_1_34' title='bbox 1809 559 1970 626; x_wconf 88' lang='lat' dir='ltr'>constituit</span> <span class='ocrx_word' id='word_1_35' title='bbox 1991 558 2082 622; x_wconf 88' lang='lat' dir='ltr'>etiam</span> 
     </span>
     <span class='ocr_line' id='line_1_4' title="bbox 429 663 2085 753; baseline -0.002 -24"><span class='ocrx_word' id='word_1_36' title='bbox 429 665 527 730; x_wconf 88' lang='lat' dir='ltr'>laicos</span> <span class='ocrx_word' id='word_1_37' title='bbox 554 666 636 730; x_wconf 85' lang='lat' dir='ltr'>intra</span> <span class='ocrx_word' id='word_1_38' title='bbox 669 689 784 731; x_wconf 85' lang='lat' dir='ltr'>annum</span> <span class='ocrx_word' id='word_1_39' title='bbox 815 674 847 731; x_wconf 89' lang='lat' dir='ltr'>et</span> <span class='ocrx_word' id='word_1_40' title='bbox 875 688 931 731; x_wconf 87' lang='lat' dir='ltr'>sex</span> <span class='ocrx_word' id='word_1_41' title='bbox 960 689 1082 732; x_wconf 86' lang='lat' dir='ltr'>menses</span> <span class='ocrx_word' id='word_1_42' title='bbox 1110 665 1262 752; x_wconf 83' lang='lat' dir='ltr'>dignitate</span> <span class='ocrx_word' id='word_1_43' title='bbox 1291 664 1463 753; x_wconf 81' lang='lat' dir='ltr'>presbyteri</span> <span class='ocrx_word' id='word_1_44' title='bbox 1491 666 1593 730; x_wconf 92' lang='lat' dir='ltr'>ornari</span> <span class='ocrx_word' id='word_1_45' title='bbox 1624 688 1733 751; x_wconf 91' lang='lat' dir='ltr'>posse,</span> <span class='ocrx_word' id='word_1_46' title='bbox 1761 665 1834 750; x_wconf 91' lang='lat' dir='ltr'>quia</span> <span class='ocrx_word' id='word_1_47' title='bbox 1865 663 1992 728; x_wconf 70' lang='lat' dir='ltr'>clericas</span> <span class='ocrx_word' id='word_1_48' title='bbox 2020 683 2085 746; x_wconf 88' lang='lat' dir='ltr'>,per</span> 
     </span>
     <span class='ocr_line' id='line_1_5' title="bbox 430 765 2084 857; baseline -0.002 -25"><span class='ocrx_word' id='word_1_49' title='bbox 430 767 571 833; x_wconf 87' lang='lat' dir='ltr'>diversas</span> <span class='ocrx_word' id='word_1_50' title='bbox 599 768 712 834; x_wconf 86' lang='lat' dir='ltr'>Italiae</span> <span class='ocrx_word' id='word_1_51' title='bbox 739 778 844 856; x_wconf 86' lang='lat' dir='ltr'>partes</span> <span class='ocrx_word' id='word_1_52' title='bbox 875 771 919 835; x_wconf 91' lang='lat' dir='ltr'>ita</span> <span class='ocrx_word' id='word_1_53' title='bbox 947 770 1020 836; x_wconf 88' lang='lat' dir='ltr'>belli</span> <span class='ocrx_word' id='word_1_54' title='bbox 1047 771 1201 857; x_wconf 79' lang='lat' dir='ltr'>famisque</span> <span class='ocrx_word' id='word_1_55' title='bbox 1222 770 1419 857; x_wconf 89' lang='lat' dir='ltr'>consumpsit</span> <span class='ocrx_word' id='word_1_56' title='bbox 1440 770 1589 849; x_wconf 91' lang='lat' dir='ltr'>incursio,</span> <span class='ocrx_word' id='word_1_57' title='bbox 1619 779 1654 834; x_wconf 89' lang='lat' dir='ltr'>ut</span> <span class='ocrx_word' id='word_1_58' title='bbox 1675 790 1897 855; x_wconf 79' lang='lat' dir='ltr'>usquequaque</span> <span class='ocrx_word' id='word_1_59' title='bbox 1925 765 2084 830; x_wconf 86' lang='lat' dir='ltr'>deficiente</span> 
     </span>
     <span class='ocr_line' id='line_1_6' title="bbox 431 869 2085 954; baseline -0.002 -18"><span class='ocrx_word' id='word_1_60' title='bbox 431 873 559 937; x_wconf 87' lang='lat' dir='ltr'>servitio</span> <span class='ocrx_word' id='word_1_61' title='bbox 581 873 795 938; x_wconf 90' lang='lat' dir='ltr'>ministrorum</span> <span class='ocrx_word' id='word_1_62' title='bbox 824 874 971 939; x_wconf 88' lang='lat' dir='ltr'>ecclesiae</span> <span class='ocrx_word' id='word_1_63' title='bbox 992 876 1089 940; x_wconf 90' lang='lat' dir='ltr'>sacris</span> <span class='ocrx_word' id='word_1_64' title='bbox 1117 874 1279 940; x_wconf 85' lang='lat' dir='ltr'>ordinibus</span> <span class='ocrx_word' id='word_1_65' title='bbox 1305 873 1447 939; x_wconf 92' lang='lat' dir='ltr'>funditus</span> <span class='ocrx_word' id='word_1_66' title='bbox 1471 872 1638 939; x_wconf 86' lang='lat' dir='ltr'>destitutae</span> <span class='ocrx_word' id='word_1_67' title='bbox 1660 877 1855 939; x_wconf 80' lang='lat' dir='ltr'>remaneant‘.</span> <span class='ocrx_word' id='word_1_68' title='bbox 1898 882 1965 935; x_wconf 87' lang='lat' dir='ltr'>tum</span> <span class='ocrx_word' id='word_1_69' title='bbox 1989 869 2085 954; x_wconf 86' lang='lat' dir='ltr'>igitur</span> 
     </span>
     <span class='ocr_line' id='line_1_7' title="bbox 430 973 2084 1064; baseline -0.002 -23"><span class='ocrx_word' id='word_1_70' title='bbox 430 998 502 1063; x_wconf 88' lang='lat' dir='ltr'>spes</span> <span class='ocrx_word' id='word_1_71' title='bbox 532 984 599 1041; x_wconf 88' lang='lat' dir='ltr'>erat</span> <span class='ocrx_word' id='word_1_72' title='bbox 626 999 681 1064; x_wconf 92' lang='lat' dir='ltr'>per</span> <span class='ocrx_word' id='word_1_73' title='bbox 707 978 847 1064; x_wconf 86' lang='lat' dir='ltr'>singulos</span> <span class='ocrx_word' id='word_1_74' title='bbox 876 976 1027 1042; x_wconf 87' lang='lat' dir='ltr'>honorum</span> <span class='ocrx_word' id='word_1_75' title='bbox 1062 977 1178 1064; x_wconf 76' lang='lat' dir='ltr'>gradm</span> <span class='ocrx_word' id='word_1_76' title='bbox 1208 979 1365 1044; x_wconf 90' lang='lat' dir='ltr'>celerrime</span> <span class='ocrx_word' id='word_1_77' title='bbox 1399 977 1439 1043; x_wconf 90' lang='lat' dir='ltr'>ad</span> <span class='ocrx_word' id='word_1_78' title='bbox 1470 976 1592 1042; x_wconf 89' lang='lat' dir='ltr'>diaconi</span> <span class='ocrx_word' id='word_1_79' title='bbox 1621 977 1672 1041; x_wconf 85' lang='lat' dir='ltr'>vel</span> <span class='ocrx_word' id='word_1_80' title='bbox 1698 976 1869 1063; x_wconf 86' lang='lat' dir='ltr'>presbyteri</span> <span class='ocrx_word' id='word_1_81' title='bbox 1901 973 2084 1060; x_wconf 83' lang='lat' dir='ltr'>dignitatem</span> 
     </span>
     <span class='ocr_line' id='line_1_8' title="bbox 430 1078 1504 1145; baseline 0 -2"><span class='ocrx_word' id='word_1_82' title='bbox 430 1078 627 1145; x_wconf 88' lang='lat' dir='ltr'>ascendendi.</span> <span class='ocrx_word' id='word_1_83' title='bbox 1502 1107 1504 1112; x_wconf 93' lang='lat'><em>·</em></span> 
     </span>
    </p>

    <p class='ocr_par' dir='ltr' id='par_1_4' title="bbox 316 1183 2086 5606">
     <span class='ocr_line' id='line_1_9' title="bbox 316 1183 2084 1273; baseline -0.002 -24"><span class='ocrx_word' id='word_1_84' title='bbox 316 1198 417 1242; x_wconf 77' lang='lat' dir='ltr'>Erudirio</span> <span class='ocrx_word' id='word_1_85' title='bbox 534 1184 617 1250; x_wconf 89' lang='lat' dir='ltr'>Utut</span> <span class='ocrx_word' id='word_1_86' title='bbox 639 1198 742 1250; x_wconf 85' lang='lat' dir='ltr'>autem</span> <span class='ocrx_word' id='word_1_87' title='bbox 764 1187 819 1250; x_wconf 91' lang='lat' dir='ltr'>illa</span> <span class='ocrx_word' id='word_1_88' title='bbox 841 1209 890 1251; x_wconf 88' lang='lat' dir='ltr'>res</span> <span class='ocrx_word' id='word_1_89' title='bbox 913 1209 946 1251; x_wconf 86' lang='lat' dir='ltr'>se</span> <span class='ocrx_word' id='word_1_90' title='bbox 968 1187 1070 1265; x_wconf 87' lang='lat' dir='ltr'>habet,</span> <span class='ocrx_word' id='word_1_91' title='bbox 1092 1187 1257 1273; x_wconf 89' lang='lat' dir='ltr'>pueritiam</span> <span class='ocrx_word' id='word_1_92' title='bbox 1280 1195 1311 1252; x_wconf 91' lang='lat' dir='ltr'>et</span> <span class='ocrx_word' id='word_1_93' title='bbox 1325 1187 1567 1252; x_wconf 87' lang='lat' dir='ltr'>adulescentiam</span> <span class='ocrx_word' id='word_1_94' title='bbox 1582 1185 1747 1251; x_wconf 87' lang='lat' dir='ltr'>Ennodius</span> <span class='ocrx_word' id='word_1_95' title='bbox 1771 1186 1802 1249; x_wconf 92' lang='lat' dir='ltr'>in</span> <span class='ocrx_word' id='word_1_96' title='bbox 1819 1184 1956 1271; x_wconf 83' lang='lat' dir='ltr'>profanis</span> <span class='ocrx_word' id='word_1_97' title='bbox 1979 1183 2084 1270; x_wconf 89' lang='lat' dir='ltr'>potius</span> 
     </span>
     <span class='ocr_line' id='line_1_10' title="bbox 429 1285 2083 1376; baseline -0.002 -24"><span class='ocrx_word' id='word_1_98' title='bbox 429 1311 524 1374; x_wconf 90' lang='lat' dir='ltr'>quam</span> <span class='ocrx_word' id='word_1_99' title='bbox 554 1289 586 1352; x_wconf 91' lang='lat' dir='ltr'>in</span> <span class='ocrx_word' id='word_1_100' title='bbox 614 1289 711 1353; x_wconf 89' lang='lat' dir='ltr'>sacris</span> <span class='ocrx_word' id='word_1_101' title='bbox 742 1290 854 1354; x_wconf 88' lang='lat' dir='ltr'>litteris</span> <span class='ocrx_word' id='word_1_102' title='bbox 883 1288 1108 1375; x_wconf 84' lang='lat' dir='ltr'>cognoscendis</span> <span class='ocrx_word' id='word_1_103' title='bbox 1138 1290 1356 1369; x_wconf 89' lang='lat' dir='ltr'>consumebat,</span> <span class='ocrx_word' id='word_1_104' title='bbox 1384 1291 1428 1355; x_wconf 89' lang='lat' dir='ltr'>ita</span> <span class='ocrx_word' id='word_1_105' title='bbox 1459 1300 1490 1354; x_wconf 92' lang='lat' dir='ltr'>ut</span> <span class='ocrx_word' id='word_1_106' title='bbox 1521 1299 1594 1376; x_wconf 90' lang='lat' dir='ltr'>post</span> <span class='ocrx_word' id='word_1_107' title='bbox 1616 1290 1731 1354; x_wconf 84' lang='lat' dir='ltr'>anritae</span> <span class='ocrx_word' id='word_1_108' title='bbox 1759 1289 1908 1352; x_wconf 88' lang='lat' dir='ltr'>iacturam</span> <span class='ocrx_word' id='word_1_109' title='bbox 1935 1287 1967 1350; x_wconf 91' lang='lat' dir='ltr'>iu</span> <span class='ocrx_word' id='word_1_110' title='bbox 1998 1285 2083 1349; x_wconf 90' lang='lat' dir='ltr'>illam</span> 
     </span>
     <span class='ocr_line' id='line_1_11' title="bbox 428 1390 2085 1480; baseline -0.001 -24"><span class='ocrx_word' id='word_1_111' title='bbox 428 1390 566 1470; x_wconf 90' lang='lat' dir='ltr'>,domum</span> <span class='ocrx_word' id='word_1_112' title='bbox 589 1416 684 1458; x_wconf 89' lang='lat' dir='ltr'>censu</span> <span class='ocrx_word' id='word_1_113' title='bbox 698 1404 730 1457; x_wconf 90' lang='lat' dir='ltr'>et</span> <span class='ocrx_word' id='word_1_114' title='bbox 745 1393 893 1479; x_wconf 85' lang='lat' dir='ltr'>religione</span> <span class='ocrx_word' id='word_1_115' title='bbox 907 1392 1123 1480; x_wconf 89' lang='lat' dir='ltr'>praedivitem‘</span> <span class='ocrx_word' id='word_1_116' title='bbox 1144 1403 1301 1480; x_wconf 86' lang='lat' dir='ltr'>receptum</span> <span class='ocrx_word' id='word_1_117' title='bbox 1318 1403 1383 1458; x_wconf 92' lang='lat' dir='ltr'>tum</span> <span class='ocrx_word' id='word_1_118' title='bbox 1399 1393 1524 1458; x_wconf 91' lang='lat' dir='ltr'>demum</span> <span class='ocrx_word' id='word_1_119' title='bbox 1541 1416 1574 1457; x_wconf 85' lang='lat' dir='ltr'>se</span> <span class='ocrx_word' id='word_1_120' title='bbox 1592 1391 1793 1472; x_wconf 85' lang='lat' dir='ltr'>,infidelitatis</span> <span class='ocrx_word' id='word_1_121' title='bbox 1809 1391 1942 1455; x_wconf 88' lang='lat' dir='ltr'>obscura</span> <span class='ocrx_word' id='word_1_122' title='bbox 1956 1390 2085 1475; x_wconf 85' lang='lat' dir='ltr'>fugisse‘</span> 
     </span>
     <span class='ocr_line' id='line_1_12' title="bbox 430 1492 2083 1584; baseline -0.004 -22"><span class='ocrx_word' id='word_1_123' title='bbox 430 1500 471 1581; x_wconf 79' lang='lat' dir='ltr'>(p.</span> <span class='ocrx_word' id='word_1_124' title='bbox 486 1498 559 1574; x_wconf 85' lang='grc'>303,</span> <span class='ocrx_word' id='word_1_125' title='bbox 573 1499 624 1576; x_wconf 89' lang='grc'>17)</span> <span class='ocrx_word' id='word_1_126' title='bbox 651 1498 719 1584; x_wconf 88' lang='lat' dir='ltr'>ipse</span> <span class='ocrx_word' id='word_1_127' title='bbox 746 1498 950 1561; x_wconf 89' lang='lat' dir='ltr'>confiteretur.</span> <span class='ocrx_word' id='word_1_128' title='bbox 1000 1521 1080 1583; x_wconf 89' lang='lat' dir='ltr'>quae</span> <span class='ocrx_word' id='word_1_129' title='bbox 1106 1498 1201 1563; x_wconf 87' lang='lat' dir='ltr'>verba</span> <span class='ocrx_word' id='word_1_130' title='bbox 1232 1521 1293 1563; x_wconf 92' lang='lat' dir='ltr'>non</span> <span class='ocrx_word' id='word_1_131' title='bbox 1322 1499 1364 1562; x_wconf 85' lang='lat' dir='ltr'>ita</span> <span class='ocrx_word' id='word_1_132' title='bbox 1392 1495 1598 1583; x_wconf 83' lang='lat' dir='ltr'>intellegenda</span> <span class='ocrx_word' id='word_1_133' title='bbox 1627 1520 1695 1562; x_wconf 88' lang='lat' dir='ltr'>esse</span> <span class='ocrx_word' id='word_1_134' title='bbox 1722 1505 1813 1582; x_wconf 89' lang='lat' dir='ltr'>puto,</span> <span class='ocrx_word' id='word_1_135' title='bbox 1846 1504 1881 1559; x_wconf 93' lang='grc' dir='ltr'>ιιι</span> <span class='ocrx_word' id='word_1_136' title='bbox 1902 1492 2083 1557; x_wconf 87' lang='lat' dir='ltr'>Ennodium</span> 
     </span>
     <span class='ocr_line' id='line_1_13' title="bbox 430 1600 2084 1689; baseline -0.001 -27"><span class='ocrx_word' id='word_1_137' title='bbox 430 1609 520 1664; x_wconf 88' lang='lat' dir='ltr'>antea</span> <span class='ocrx_word' id='word_1_138' title='bbox 542 1621 640 1685; x_wconf 85' lang='lat' dir='ltr'>neque</span> <span class='ocrx_word' id='word_1_139' title='bbox 662 1602 835 1687; x_wconf 88' lang='lat' dir='ltr'>praeceptis</span> <span class='ocrx_word' id='word_1_140' title='bbox 864 1602 1053 1667; x_wconf 89' lang='lat' dir='ltr'>Christianis</span> <span class='ocrx_word' id='word_1_141' title='bbox 1083 1602 1237 1667; x_wconf 90' lang='lat' dir='ltr'>imbutum</span> <span class='ocrx_word' id='word_1_142' title='bbox 1259 1624 1358 1688; x_wconf 87' lang='lat' dir='ltr'>neque</span> <span class='ocrx_word' id='word_1_143' title='bbox 1380 1602 1568 1689; x_wconf 86' lang='lat' dir='ltr'>baptismate</span> <span class='ocrx_word' id='word_1_144' title='bbox 1596 1603 1676 1666; x_wconf 88' lang='lat' dir='ltr'>inter</span> <span class='ocrx_word' id='word_1_145' title='bbox 1702 1600 1897 1665; x_wconf 84' lang='lat' dir='ltr'>Christianos</span> <span class='ocrx_word' id='word_1_146' title='bbox 1926 1607 2084 1683; x_wconf 89' lang='lat' dir='ltr'>receptum</span> 
     </span>
     <span class='ocr_line' id='line_1_14' title="bbox 428 1702 2084 1792; baseline 0 -27"><span class='ocrx_word' id='word_1_147' title='bbox 428 1702 526 1767; x_wconf 87' lang='lat' dir='ltr'>fnisse</span> <span class='ocrx_word' id='word_1_148' title='bbox 547 1703 769 1769; x_wconf 83' lang='lat' dir='ltr'>existimemus.</span> <span class='ocrx_word' id='word_1_149' title='bbox 805 1728 993 1791; x_wconf 90' lang='lat' dir='ltr'>quamquam</span> <span class='ocrx_word' id='word_1_150' title='bbox 1016 1708 1097 1770; x_wconf 90' lang='lat' dir='ltr'>enim</span> <span class='ocrx_word' id='word_1_151' title='bbox 1121 1706 1183 1785; x_wconf 89' lang='lat' dir='ltr'>ille,</span> <span class='ocrx_word' id='word_1_152' title='bbox 1206 1707 1288 1771; x_wconf 90' lang='lat' dir='ltr'>sicut</span> <span class='ocrx_word' id='word_1_153' title='bbox 1310 1704 1515 1791; x_wconf 78' lang='lat' dir='ltr'>Symmachus</span> <span class='ocrx_word' id='word_1_154' title='bbox 1538 1728 1621 1792; x_wconf 87' lang='lat' dir='ltr'>papa</span> <span class='ocrx_word' id='word_1_155' title='bbox 1643 1704 1804 1769; x_wconf 86' lang='lat' dir='ltr'>Romanus</span> <span class='ocrx_word' id='word_1_156' title='bbox 1828 1710 1895 1767; x_wconf 88' lang='lat' dir='ltr'>tum</span> <span class='ocrx_word' id='word_1_157' title='bbox 1918 1724 1965 1780; x_wconf 86' lang='lat' dir='ltr'>,cx</span> <span class='ocrx_word' id='word_1_158' title='bbox 1989 1724 2084 1786; x_wconf 84' lang='lat' dir='ltr'>paga·</span> 
     </span>
     <span class='ocr_line' id='line_1_15' title="bbox 429 1806 2084 1894; baseline 0.001 -25"><span class='ocrx_word' id='word_1_159' title='bbox 429 1806 526 1871; x_wconf 87' lang='lat' dir='ltr'>nitate</span> <span class='ocrx_word' id='word_1_160' title='bbox 553 1807 584 1869; x_wconf 88' lang='lat' dir='ltr'>iu</span> <span class='ocrx_word' id='word_1_161' title='bbox 621 1806 695 1872; x_wconf 89' lang='lat' dir='ltr'>sede</span> <span class='ocrx_word' id='word_1_162' title='bbox 728 1808 810 1873; x_wconf 88' lang='lat' dir='ltr'>beati</span> <span class='ocrx_word' id='word_1_163' title='bbox 833 1809 919 1873; x_wconf 91' lang='lat' dir='ltr'>Petri</span> <span class='ocrx_word' id='word_1_164' title='bbox 949 1811 1075 1874; x_wconf 87' lang='lat' dir='ltr'>veniens</span> <span class='ocrx_word' id='word_1_165' title='bbox 1105 1808 1197 1874; x_wconf 85' lang='lat' dir='ltr'>fidem</span> <span class='ocrx_word' id='word_1_166' title='bbox 1227 1810 1410 1875; x_wconf 83' lang='lat' dir='ltr'>catholicam</span> <span class='ocrx_word' id='word_1_167' title='bbox 1441 1809 1586 1894; x_wconf 88' lang='lat' dir='ltr'>suscepit‘</span> <span class='ocrx_word' id='word_1_168' title='bbox 1615 1806 1714 1889; x_wconf 82' lang='lat' dir='ltr'>(Thiel</span> <span class='ocrx_word' id='word_1_169' title='bbox 1738 1806 1827 1892; x_wconf 86' lang='lat' dir='ltr'>epist.</span> <span class='ocrx_word' id='word_1_170' title='bbox 1850 1816 1935 1891; x_wconf 85' lang='lat' dir='ltr'>pont.</span> <span class='ocrx_word' id='word_1_171' title='bbox 1958 1829 1988 1891; x_wconf 90' lang='lat' dir='ltr'>p.</span> <span class='ocrx_word' id='word_1_172' title='bbox 2003 1808 2084 1883; x_wconf 84' lang='grc'>702),</span> 
     </span>
     <span class='ocr_line' id='line_1_16' title="bbox 429 1908 2084 1998; baseline -0.001 -25"><span class='ocrx_word' id='word_1_173' title='bbox 429 1932 467 1973; x_wconf 84' lang='lat' dir='ltr'>ex</span> <span class='ocrx_word' id='word_1_174' title='bbox 489 1928 612 1996; x_wconf 68' lang='lat' dir='ltr'>pagano</span> <span class='ocrx_word' id='word_1_175' title='bbox 635 1912 800 1998; x_wconf 86' lang='lat' dir='ltr'>episeopus</span> <span class='ocrx_word' id='word_1_176' title='bbox 824 1914 888 1976; x_wconf 84' lang='lat' dir='ltr'>lieri</span> <span class='ocrx_word' id='word_1_177' title='bbox 911 1914 1026 1998; x_wconf 88' lang='lat' dir='ltr'>potuit,</span> <span class='ocrx_word' id='word_1_178' title='bbox 1052 1923 1156 1978; x_wconf 88' lang='lat' dir='ltr'>tamen</span> <span class='ocrx_word' id='word_1_179' title='bbox 1187 1914 1259 1978; x_wconf 93' lang='lat' dir='ltr'>huic</span> <span class='ocrx_word' id='word_1_180' title='bbox 1282 1914 1451 1977; x_wconf 88' lang='lat' dir='ltr'>sententiae</span> <span class='ocrx_word' id='word_1_181' title='bbox 1473 1911 1507 1975; x_wconf 92' lang='lat' dir='ltr'>id</span> <span class='ocrx_word' id='word_1_182' title='bbox 1529 1912 1649 1987; x_wconf 85' lang='lat' dir='ltr'>obstat,</span> <span class='ocrx_word' id='word_1_183' title='bbox 1678 1908 1762 1996; x_wconf 90' lang='lat' dir='ltr'>qnod</span> <span class='ocrx_word' id='word_1_184' title='bbox 1789 1932 1896 1974; x_wconf 88' lang='lat' dir='ltr'>omnes</span> <span class='ocrx_word' id='word_1_185' title='bbox 1924 1910 1990 1973; x_wconf 93' lang='lat' dir='ltr'>eius</span> <span class='ocrx_word' id='word_1_186' title='bbox 2013 1931 2084 1995; x_wconf 88' lang='lat' dir='ltr'>pro·</span> 
     </span>
     <span class='ocr_line' id='line_1_17' title="bbox 429 2012 2083 2103; baseline -0.001 -26"><span class='ocrx_word' id='word_1_187' title='bbox 429 2014 555 2100; x_wconf 90' lang='lat' dir='ltr'>pinqui,</span> <span class='ocrx_word' id='word_1_188' title='bbox 584 2038 663 2100; x_wconf 72' lang='lat' dir='ltr'>(quos</span> <span class='ocrx_word' id='word_1_189' title='bbox 686 2016 841 2095; x_wconf 90' lang='lat' dir='ltr'>nominat,</span> <span class='ocrx_word' id='word_1_190' title='bbox 874 2025 999 2103; x_wconf 88' lang='lat' dir='ltr'>propter</span> <span class='ocrx_word' id='word_1_191' title='bbox 1028 2015 1167 2081; x_wconf 84' lang='lat' dir='ltr'>studium</span> <span class='ocrx_word' id='word_1_192' title='bbox 1195 2018 1354 2101; x_wconf 80' lang='lat' dir='ltr'>religionis</span> <span class='ocrx_word' id='word_1_193' title='bbox 1383 2016 1581 2082; x_wconf 89' lang='lat' dir='ltr'>Christianae</span> <span class='ocrx_word' id='word_1_194' title='bbox 1615 2013 1841 2100; x_wconf 72' lang='lat' dir='ltr'>praedicantur.</span> <span class='ocrx_word' id='word_1_195' title='bbox 1890 2015 1994 2099; x_wconf 86' lang='lat' dir='ltr'>itaque</span> <span class='ocrx_word' id='word_1_196' title='bbox 2021 2012 2083 2077; x_wconf 90' lang='lat' dir='ltr'>illis</span> 
     </span>
     <span class='ocr_line' id='line_1_18' title="bbox 429 2117 2085 2208; baseline 0 -28"><span class='ocrx_word' id='word_1_197' title='bbox 429 2117 534 2182; x_wconf 89' lang='lat' dir='ltr'>verbis</span> <span class='ocrx_word' id='word_1_198' title='bbox 561 2140 624 2182; x_wconf 91' lang='lat' dir='ltr'>non</span> <span class='ocrx_word' id='word_1_199' title='bbox 647 2119 716 2182; x_wconf 88' lang='lat' dir='ltr'>vult</span> <span class='ocrx_word' id='word_1_200' title='bbox 737 2118 841 2183; x_wconf 85' lang='lat' dir='ltr'>dicere</span> <span class='ocrx_word' id='word_1_201' title='bbox 870 2142 903 2183; x_wconf 87' lang='lat' dir='ltr'>se</span> <span class='ocrx_word' id='word_1_202' title='bbox 931 2128 1022 2184; x_wconf 79' lang='lat' dir='ltr'>rmtca</span> <span class='ocrx_word' id='word_1_203' title='bbox 1044 2121 1141 2185; x_wconf 86' lang='lat' dir='ltr'>fuisse</span> <span class='ocrx_word' id='word_1_204' title='bbox 1164 2144 1336 2208; x_wconf 82' lang='lat' dir='ltr'>paganum,</span> <span class='ocrx_word' id='word_1_205' title='bbox 1363 2119 1418 2184; x_wconf 85' lang='lat' dir='ltr'>sed</span> <span class='ocrx_word' id='word_1_206' title='bbox 1440 2121 1528 2206; x_wconf 82' lang='lat' dir='ltr'>quasi</span> <span class='ocrx_word' id='word_1_207' title='bbox 1552 2142 1693 2206; x_wconf 86' lang='lat' dir='ltr'>paganus</span> <span class='ocrx_word' id='word_1_208' title='bbox 1716 2127 1798 2183; x_wconf 88' lang='lat' dir='ltr'>esset</span> <span class='ocrx_word' id='word_1_209' title='bbox 1820 2119 1945 2182; x_wconf 83' lang='lat' dir='ltr'>vixisse.</span> <span class='ocrx_word' id='word_1_210' title='bbox 1987 2139 2085 2202; x_wconf 89' lang='lat' dir='ltr'>neque</span> 
     </span>
     <span class='ocr_line' id='line_1_19' title="bbox 429 2219 2083 2310; baseline -0.001 -24"><span class='ocrx_word' id='word_1_211' title='bbox 429 2230 542 2301; x_wconf 88' lang='lat' dir='ltr'>tamen,</span> <span class='ocrx_word' id='word_1_212' title='bbox 565 2232 599 2286; x_wconf 91' lang='grc' dir='ltr'>ιιι</span> <span class='ocrx_word' id='word_1_213' title='bbox 621 2246 700 2308; x_wconf 71' lang='lat' dir='ltr'>&lt;pirae</span> <span class='ocrx_word' id='word_1_214' title='bbox 715 2235 888 2310; x_wconf 89' lang='lat' dir='ltr'>sequuntur</span> <span class='ocrx_word' id='word_1_215' title='bbox 910 2225 1030 2305; x_wconf 70' lang='lat' dir='ltr'>dement,</span> <span class='ocrx_word' id='word_1_216' title='bbox 1054 2228 1085 2290; x_wconf 94' lang='lat' dir='ltr'>in</span> <span class='ocrx_word' id='word_1_217' title='bbox 1109 2226 1194 2290; x_wconf 92' lang='lat' dir='ltr'>illam</span> <span class='ocrx_word' id='word_1_218' title='bbox 1216 2225 1345 2290; x_wconf 91' lang='lat' dir='ltr'>domum</span> <span class='ocrx_word' id='word_1_219' title='bbox 1367 2226 1509 2309; x_wconf 83' lang='lat' dir='ltr'>religioni</span> <span class='ocrx_word' id='word_1_220' title='bbox 1527 2223 1725 2288; x_wconf 82' lang='lat' dir='ltr'>Christianae</span> <span class='ocrx_word' id='word_1_221' title='bbox 1747 2221 1904 2286; x_wconf 86' lang='lat' dir='ltr'>addictam</span> <span class='ocrx_word' id='word_1_222' title='bbox 1927 2219 2083 2284; x_wconf 87' lang='lat' dir='ltr'>admissus</span> 
     </span>
     <span class='ocr_line' id='line_1_20' title="bbox 429 2325 2083 2408; baseline -0.002 -19"><span class='ocrx_word' id='word_1_223' title='bbox 429 2326 491 2391; x_wconf 91' lang='lat' dir='ltr'>iam</span> <span class='ocrx_word' id='word_1_224' title='bbox 514 2326 613 2390; x_wconf 90' lang='lat' dir='ltr'>vitam</span> <span class='ocrx_word' id='word_1_225' title='bbox 636 2350 707 2391; x_wconf 86' lang='lat' dir='ltr'>vere</span> <span class='ocrx_word' id='word_1_226' title='bbox 730 2327 941 2392; x_wconf 87' lang='lat' dir='ltr'>Christianam</span> <span class='ocrx_word' id='word_1_227' title='bbox 972 2330 1119 2408; x_wconf 86' lang='lat' dir='ltr'>instituit,</span> <span class='ocrx_word' id='word_1_228' title='bbox 1148 2329 1261 2393; x_wconf 90' lang='lat' dir='ltr'>nedum</span> <span class='ocrx_word' id='word_1_229' title='bbox 1293 2331 1324 2393; x_wconf 95' lang='lat' dir='ltr'>in</span> <span class='ocrx_word' id='word_1_230' title='bbox 1354 2329 1525 2393; x_wconf 89' lang='lat' dir='ltr'>doctrinam</span> <span class='ocrx_word' id='word_1_231' title='bbox 1550 2327 1761 2391; x_wconf 79' lang='lat' dir='ltr'>Christianam</span> <span class='ocrx_word' id='word_1_232' title='bbox 1784 2334 1813 2388; x_wconf 91' lang='lat' dir='ltr'>ct</span> <span class='ocrx_word' id='word_1_233' title='bbox 1837 2325 1956 2387; x_wconf 83' lang='lat' dir='ltr'>litteras</span> <span class='ocrx_word' id='word_1_234' title='bbox 1980 2346 2083 2387; x_wconf 89' lang='lat' dir='ltr'>sacras</span> 
     </span>
     <span class='ocr_line' id='line_1_21' title="bbox 430 2424 2084 2519; baseline -0.003 -26"><span class='ocrx_word' id='word_1_235' title='bbox 430 2427 595 2494; x_wconf 88' lang='lat' dir='ltr'>discendas</span> <span class='ocrx_word' id='word_1_236' title='bbox 619 2430 818 2496; x_wconf 73' lang='lat' dir='ltr'>incumberet..</span> <span class='ocrx_word' id='word_1_237' title='bbox 863 2433 940 2497; x_wconf 88' lang='lat' dir='ltr'>satis</span> <span class='ocrx_word' id='word_1_238' title='bbox 963 2433 1081 2497; x_wconf 92' lang='lat' dir='ltr'>habens</span> <span class='ocrx_word' id='word_1_239' title='bbox 1110 2435 1244 2519; x_wconf 84' lang='lat' dir='ltr'>speeiem</span> <span class='ocrx_word' id='word_1_240' title='bbox 1268 2435 1350 2497; x_wconf 84' lang='lat' dir='ltr'>ritae</span> <span class='ocrx_word' id='word_1_241' title='bbox 1373 2432 1569 2497; x_wconf 85' lang='lat' dir='ltr'>Christianae</span> <span class='ocrx_word' id='word_1_242' title='bbox 1596 2451 1738 2494; x_wconf 80' lang='lat' dir='ltr'>servasse</span> <span class='ocrx_word' id='word_1_243' title='bbox 1759 2426 1880 2491; x_wconf 88' lang='lat' dir='ltr'>deliciis</span> <span class='ocrx_word' id='word_1_244' title='bbox 1903 2449 1939 2490; x_wconf 91' lang='lat' dir='ltr'>ac</span> <span class='ocrx_word' id='word_1_245' title='bbox 1961 2424 2084 2502; x_wconf 80' lang='lat' dir='ltr'>studiis,</span> 
     </span>
     <span class='ocr_line' id='line_1_22' title="bbox 430 2528 2083 2618; baseline -0.002 -22"><span class='ocrx_word' id='word_1_246' title='bbox 430 2532 544 2618; x_wconf 89' lang='lat' dir='ltr'>quibus</span> <span class='ocrx_word' id='word_1_247' title='bbox 567 2533 746 2617; x_wconf 86' lang='lat' dir='ltr'>gaudebant</span> <span class='ocrx_word' id='word_1_248' title='bbox 760 2534 972 2601; x_wconf 70' lang='lat' dir='ltr'>adulescentes</span> <span class='ocrx_word' id='word_1_249' title='bbox 996 2537 1119 2615; x_wconf 87' lang='lat' dir='ltr'>divites,</span> <span class='ocrx_word' id='word_1_250' title='bbox 1143 2561 1176 2601; x_wconf 90' lang='lat' dir='ltr'>se</span> <span class='ocrx_word' id='word_1_251' title='bbox 1191 2537 1285 2602; x_wconf 89' lang='lat' dir='ltr'>dedit.</span> <span class='ocrx_word' id='word_1_252' title='bbox 1321 2547 1455 2601; x_wconf 90' lang='lat' dir='ltr'>ceterum</span> <span class='ocrx_word' id='word_1_253' title='bbox 1478 2559 1539 2599; x_wconf 89' lang='lat' dir='ltr'>non</span> <span class='ocrx_word' id='word_1_254' title='bbox 1556 2534 1702 2598; x_wconf 80' lang='lat' dir='ltr'>mediocri</span> <span class='ocrx_word' id='word_1_255' title='bbox 1727 2531 1889 2616; x_wconf 80' lang='lat' dir='ltr'>diligentia</span> <span class='ocrx_word' id='word_1_256' title='bbox 1903 2528 2083 2593; x_wconf 82' lang='lat' dir='ltr'>Ennodmm</span> 
     </span>
     <span class='ocr_line' id='line_1_23' title="bbox 429 2633 2084 2726; baseline -0.004 -24"><span class='ocrx_word' id='word_1_257' title='bbox 429 2637 462 2702; x_wconf 93' lang='lat' dir='ltr'>in</span> <span class='ocrx_word' id='word_1_258' title='bbox 484 2637 594 2702; x_wconf 89' lang='lat' dir='ltr'>litteris</span> <span class='ocrx_word' id='word_1_259' title='bbox 623 2638 729 2703; x_wconf 91' lang='lat' dir='ltr'>latinis</span> <span class='ocrx_word' id='word_1_260' title='bbox 759 2650 915 2705; x_wconf 80' lang='lat' dir='ltr'>versatum</span> <span class='ocrx_word' id='word_1_261' title='bbox 944 2665 1012 2706; x_wconf 85' lang='lat' dir='ltr'>esse</span> <span class='ocrx_word' id='word_1_262' title='bbox 1041 2641 1271 2708; x_wconf 81' lang='lat' dir='ltr'>demonstratur</span> <span class='ocrx_word' id='word_1_263' title='bbox 1291 2642 1383 2720; x_wconf 85' lang='lat' dir='ltr'>locis,</span> <span class='ocrx_word' id='word_1_264' title='bbox 1411 2663 1490 2726; x_wconf 88' lang='lat' dir='ltr'>quos</span> <span class='ocrx_word' id='word_1_265' title='bbox 1518 2662 1556 2703; x_wconf 86' lang='lat' dir='ltr'>ex</span> <span class='ocrx_word' id='word_1_266' title='bbox 1584 2637 1729 2702; x_wconf 86' lang='lat' dir='ltr'>Terentio</span> <span class='ocrx_word' id='word_1_267' title='bbox 1758 2635 1907 2700; x_wconf 81' lang='lat' dir='ltr'>Sallustio</span> <span class='ocrx_word' id='word_1_268' title='bbox 1935 2633 2084 2698; x_wconf 86' lang='lat' dir='ltr'>Cicerone</span> 
     </span>
     <span class='ocr_line' id='line_1_24' title="bbox 430 2735 2084 2832; baseline -0.006 -25"><span class='ocrx_word' id='word_1_269' title='bbox 430 2740 575 2826; x_wconf 83' lang='lat' dir='ltr'>Vergilio</span> <span class='ocrx_word' id='word_1_270' title='bbox 602 2739 737 2805; x_wconf 89' lang='lat' dir='ltr'>Horatio</span> <span class='ocrx_word' id='word_1_271' title='bbox 760 2742 880 2807; x_wconf 78' lang='lat' dir='ltr'>Ouidio</span> <span class='ocrx_word' id='word_1_272' title='bbox 902 2745 1031 2809; x_wconf 85' lang='lat' dir='ltr'>Imcano</span> <span class='ocrx_word' id='word_1_273' title='bbox 1053 2745 1202 2810; x_wconf 81' lang='lat' dir='ltr'>Iuvenale</span> <span class='ocrx_word' id='word_1_274' title='bbox 1225 2745 1413 2832; x_wconf 77' lang='lat' dir='ltr'>Synnnacho</span> <span class='ocrx_word' id='word_1_275' title='bbox 1435 2742 1611 2808; x_wconf 89' lang='lat' dir='ltr'>Claudiano</span> <span class='ocrx_word' id='word_1_276' title='bbox 1633 2740 1776 2804; x_wconf 80' lang='lat' dir='ltr'>Ausonio</span> <span class='ocrx_word' id='word_1_277' title='bbox 1803 2737 1934 2802; x_wconf 85' lang='lat' dir='ltr'>Sidonio</span> <span class='ocrx_word' id='word_1_278' title='bbox 1956 2735 2084 2800; x_wconf 86' lang='lat' dir='ltr'>Sedulio</span> 
     </span>
     <span class='ocr_line' id='line_1_25' title="bbox 430 2841 2084 2935; baseline -0.002 -28"><span class='ocrx_word' id='word_1_279' title='bbox 430 2843 560 2928; x_wconf 91' lang='lat' dir='ltr'>aliisque</span> <span class='ocrx_word' id='word_1_280' title='bbox 600 2847 780 2911; x_wconf 90' lang='lat' dir='ltr'>auctoribus</span> <span class='ocrx_word' id='word_1_281' title='bbox 818 2847 979 2934; x_wconf 86' lang='lat' dir='ltr'>decerptos</span> <span class='ocrx_word' id='word_1_282' title='bbox 1017 2850 1049 2913; x_wconf 88' lang='lat' dir='ltr'>in</span> <span class='ocrx_word' id='word_1_283' title='bbox 1083 2849 1209 2913; x_wconf 82' lang='lat' dir='ltr'>Ermodi</span> <span class='ocrx_word' id='word_1_284' title='bbox 1242 2849 1387 2935; x_wconf 87' lang='lat' dir='ltr'>operibns</span> <span class='ocrx_word' id='word_1_285' title='bbox 1428 2844 1695 2933; x_wconf 81' lang='lat' dir='ltr'>deprehendimus.</span> <span class='ocrx_word' id='word_1_286' title='bbox 1731 2884 1771 2891; x_wconf 91' lang='lat'>-</span> <span class='ocrx_word' id='word_1_287' title='bbox 1807 2842 1946 2906; x_wconf 86' lang='lat' dir='ltr'>Clericus</span> <span class='ocrx_word' id='word_1_288' title='bbox 1983 2841 2084 2906; x_wconf 87' lang='lat' dir='ltr'>factus</span> 
     </span>
     <span class='ocr_line' id='line_1_26' title="bbox 430 2947 2085 3037; baseline -0.001 -29"><span class='ocrx_word' id='word_1_289' title='bbox 430 2967 501 3009; x_wconf 91' lang='lat' dir='ltr'>cum</span> <span class='ocrx_word' id='word_1_290' title='bbox 533 2948 741 3012; x_wconf 81' lang='lat' dir='ltr'>ostentoIIonc</span> <span class='ocrx_word' id='word_1_291' title='bbox 773 2949 907 3034; x_wconf 88' lang='lat' dir='ltr'>quadam</span> <span class='ocrx_word' id='word_1_292' title='bbox 943 2962 1024 3014; x_wconf 87' lang='lat' dir='ltr'>artes</span> <span class='ocrx_word' id='word_1_293' title='bbox 1060 2952 1202 3016; x_wconf 87' lang='lat' dir='ltr'>liberales</span> <span class='ocrx_word' id='word_1_294' title='bbox 1238 2951 1414 3037; x_wconf 85' lang='lat' dir='ltr'>repudiarit</span> <span class='ocrx_word' id='word_1_295' title='bbox 1447 2951 1497 3015; x_wconf 81' lang='lat' dir='ltr'>vel</span> <span class='ocrx_word' id='word_1_296' title='bbox 1535 2950 1669 3035; x_wconf 86' lang='lat' dir='ltr'>speciem</span> <span class='ocrx_word' id='word_1_297' title='bbox 1707 2947 1900 3033; x_wconf 85' lang='lat' dir='ltr'>repudiantis</span> <span class='ocrx_word' id='word_1_298' title='bbox 1941 2966 2014 3031; x_wconf 89' lang='lat' dir='ltr'>prae</span> <span class='ocrx_word' id='word_1_299' title='bbox 2051 2967 2085 3008; x_wconf 93' lang='lat' dir='ltr'>se</span> 
     </span>
     <span class='ocr_line' id='line_1_27' title="bbox 429 3048 2085 3139; baseline -0.001 -26"><span class='ocrx_word' id='word_1_300' title='bbox 429 3048 507 3116; x_wconf 89' lang='lat' dir='ltr'>tulit.</span> <span class='ocrx_word' id='word_1_301' title='bbox 556 3073 628 3113; x_wconf 93' lang='lat' dir='ltr'>nam</span> <span class='ocrx_word' id='word_1_302' title='bbox 656 3053 778 3115; x_wconf 84' lang='lat' dir='ltr'>tametsi</span> <span class='ocrx_word' id='word_1_303' title='bbox 812 3060 852 3139; x_wconf 80' lang='lat' dir='ltr'>(p.</span> <span class='ocrx_word' id='word_1_304' title='bbox 873 3058 946 3133; x_wconf 85' lang='grc'>202,</span> <span class='ocrx_word' id='word_1_305' title='bbox 963 3058 1015 3131; x_wconf 85' lang='grc'>21)</span> <span class='ocrx_word' id='word_1_306' title='bbox 1045 3079 1108 3119; x_wconf 91' lang='lat' dir='ltr'>non</span> <span class='ocrx_word' id='word_1_307' title='bbox 1138 3057 1256 3119; x_wconf 70' lang='lat' dir='ltr'>veritus</span> <span class='ocrx_word' id='word_1_308' title='bbox 1283 3064 1330 3119; x_wconf 88' lang='lat' dir='ltr'>est</span> <span class='ocrx_word' id='word_1_309' title='bbox 1356 3054 1472 3118; x_wconf 73' lang='lat' dir='ltr'>diuae:</span> <span class='ocrx_word' id='word_1_310' title='bbox 1502 3055 1536 3133; x_wconf 90' lang='lat' dir='ltr'>,si</span> <span class='ocrx_word' id='word_1_311' title='bbox 1566 3076 1645 3138; x_wconf 90' lang='lat' dir='ltr'>quac</span> <span class='ocrx_word' id='word_1_312' title='bbox 1674 3050 1749 3116; x_wconf 87' lang='lat' dir='ltr'>nrihi</span> <span class='ocrx_word' id='word_1_313' title='bbox 1782 3050 1825 3114; x_wconf 91' lang='lat' dir='ltr'>sit</span> <span class='ocrx_word' id='word_1_314' title='bbox 1851 3049 2004 3113; x_wconf 84' lang='lat' dir='ltr'>sententia</span> <span class='ocrx_word' id='word_1_315' title='bbox 2031 3048 2085 3111; x_wconf 90' lang='lat' dir='ltr'>fla-</span> 
     </span>
     <span class='ocr_line' id='line_1_28' title="bbox 428 3151 2085 3240; baseline -0.001 -24"><span class='ocrx_word' id='word_1_316' title='bbox 428 3151 525 3237; x_wconf 87' lang='lat' dir='ltr'>gites,</span> <span class='ocrx_word' id='word_1_317' title='bbox 552 3175 610 3238; x_wconf 85' lang='lat' dir='ltr'>ego</span> <span class='ocrx_word' id='word_1_318' title='bbox 637 3154 706 3240; x_wconf 89' lang='lat' dir='ltr'>ipsa</span> <span class='ocrx_word' id='word_1_319' title='bbox 728 3155 903 3220; x_wconf 81' lang='lat' dir='ltr'>studIorum</span> <span class='ocrx_word' id='word_1_320' title='bbox 926 3157 1100 3223; x_wconf 88' lang='lat' dir='ltr'>liberalium</span> <span class='ocrx_word' id='word_1_321' title='bbox 1124 3159 1250 3223; x_wconf 89' lang='lat' dir='ltr'>nomina</span> <span class='ocrx_word' id='word_1_322' title='bbox 1272 3158 1333 3222; x_wconf 89' lang='lat' dir='ltr'>iarn</span> <span class='ocrx_word' id='word_1_323' title='bbox 1361 3156 1507 3222; x_wconf 66' lang='lat' dir='ltr'>detestor</span> <span class='ocrx_word' id='word_1_324' title='bbox 1528 3156 1576 3229; x_wconf 84' lang='lat' dir='ltr'>(ef.</span> <span class='ocrx_word' id='word_1_325' title='bbox 1592 3179 1622 3240; x_wconf 88' lang='lat' dir='ltr'>p.</span> <span class='ocrx_word' id='word_1_326' title='bbox 1637 3158 1707 3233; x_wconf 81' lang='grc'>120,</span> <span class='ocrx_word' id='word_1_327' title='bbox 1716 3159 1759 3232; x_wconf 86' lang='grc'>3),</span> <span class='ocrx_word' id='word_1_328' title='bbox 1789 3154 1869 3217; x_wconf 85' lang='lat' dir='ltr'>hane</span> <span class='ocrx_word' id='word_1_329' title='bbox 1891 3164 1994 3217; x_wconf 90' lang='lat' dir='ltr'>tamen</span> <span class='ocrx_word' id='word_1_330' title='bbox 2022 3173 2085 3215; x_wconf 90' lang='lat' dir='ltr'>non</span> 
     </span>
     <span class='ocr_line' id='line_1_29' title="bbox 431 3255 2086 3347; baseline 0 -29"><span class='ocrx_word' id='word_1_331' title='bbox 431 3277 535 3320; x_wconf 88' lang='lat' dir='ltr'>veram</span> <span class='ocrx_word' id='word_1_332' title='bbox 569 3259 753 3322; x_wconf 87' lang='lat' dir='ltr'>sententiam</span> <span class='ocrx_word' id='word_1_333' title='bbox 783 3260 850 3323; x_wconf 90' lang='lat' dir='ltr'>eins</span> <span class='ocrx_word' id='word_1_334' title='bbox 878 3261 975 3324; x_wconf 87' lang='lat' dir='ltr'>lirissc</span> <span class='ocrx_word' id='word_1_335' title='bbox 1002 3284 1072 3325; x_wconf 89' lang='lat' dir='ltr'>curn</span> <span class='ocrx_word' id='word_1_336' title='bbox 1106 3284 1222 3347; x_wconf 87' lang='lat' dir='ltr'>porrrpa</span> <span class='ocrx_word' id='word_1_337' title='bbox 1253 3261 1306 3325; x_wconf 90' lang='lat' dir='ltr'>illa</span> <span class='ocrx_word' id='word_1_338' title='bbox 1334 3260 1508 3336; x_wconf 85' lang='lat' dir='ltr'>doetrinae,</span> <span class='ocrx_word' id='word_1_339' title='bbox 1541 3281 1621 3344; x_wconf 68' lang='lat' dir='ltr'>clarae</span> <span class='ocrx_word' id='word_1_340' title='bbox 1652 3280 1691 3321; x_wconf 90' lang='lat' dir='ltr'>nc</span> <span class='ocrx_word' id='word_1_341' title='bbox 1722 3258 1756 3321; x_wconf 88' lang='lat' dir='ltr'>iu</span> <span class='ocrx_word' id='word_1_342' title='bbox 1788 3257 1833 3320; x_wconf 91' lang='lat' dir='ltr'>eis</span> <span class='ocrx_word' id='word_1_343' title='bbox 1865 3255 1991 3341; x_wconf 90' lang='lat' dir='ltr'>quidem</span> <span class='ocrx_word' id='word_1_344' title='bbox 2013 3275 2086 3340; x_wconf 87' lang='lat' dir='ltr'>ope-</span> 
     </span>
     <span class='ocr_line' id='line_1_30' title="bbox 430 3357 2085 3447; baseline -0.002 -23"><span class='ocrx_word' id='word_1_345' title='bbox 430 3359 532 3439; x_wconf 88' lang='lat' dir='ltr'>ribus,</span> <span class='ocrx_word' id='word_1_346' title='bbox 564 3360 619 3425; x_wconf 94' lang='lat' dir='ltr'>ubi</span> <span class='ocrx_word' id='word_1_347' title='bbox 653 3361 770 3426; x_wconf 84' lang='lat' dir='ltr'>litteras</span> <span class='ocrx_word' id='word_1_348' title='bbox 810 3363 993 3444; x_wconf 80' lang='lat' dir='ltr'>detestatur,</span> <span class='ocrx_word' id='word_1_349' title='bbox 1028 3364 1128 3444; x_wconf 86' lang='lat' dir='ltr'>deest,</span> <span class='ocrx_word' id='word_1_350' title='bbox 1168 3375 1233 3430; x_wconf 90' lang='lat' dir='ltr'>tum</span> <span class='ocrx_word' id='word_1_351' title='bbox 1266 3365 1355 3429; x_wconf 84' lang='lat' dir='ltr'>nndti</span> <span class='ocrx_word' id='word_1_352' title='bbox 1389 3365 1447 3428; x_wconf 85' lang='lat' dir='ltr'>loci</span> <span class='ocrx_word' id='word_1_353' title='bbox 1483 3361 1610 3439; x_wconf 78' lang='lat' dir='ltr'>(locent,</span> <span class='ocrx_word' id='word_1_354' title='bbox 1639 3361 1692 3426; x_wconf 91' lang='lat' dir='ltr'>ubi</span> <span class='ocrx_word' id='word_1_355' title='bbox 1726 3359 1910 3447; x_wconf 85' lang='lat' dir='ltr'>disciplinae</span> <span class='ocrx_word' id='word_1_356' title='bbox 1943 3357 2085 3423; x_wconf 85' lang='lat' dir='ltr'>liberales</span> 
     </span>
     <span class='ocr_line' id='line_1_31' title="bbox 430 3460 2086 3555; baseline -0.002 -27"><span class='ocrx_word' id='word_1_357' title='bbox 430 3465 561 3529; x_wconf 89' lang='lat' dir='ltr'>summis</span> <span class='ocrx_word' id='word_1_358' title='bbox 584 3464 730 3531; x_wconf 90' lang='lat' dir='ltr'>laudibus</span> <span class='ocrx_word' id='word_1_359' title='bbox 752 3467 905 3531; x_wconf 90' lang='lat' dir='ltr'>tolluntur</span> <span class='ocrx_word' id='word_1_360' title='bbox 934 3478 974 3555; x_wconf 89' lang='lat' dir='ltr'>(p.</span> <span class='ocrx_word' id='word_1_361' title='bbox 990 3474 1019 3548; x_wconf 84' lang='lat'>5,</span> <span class='ocrx_word' id='word_1_362' title='bbox 1035 3473 1181 3535; x_wconf 87' lang='grc'>13-23.</span> <span class='ocrx_word' id='word_1_363' title='bbox 1205 3471 1344 3547; x_wconf 86' lang='grc' dir='ltr'>180,Ιο</span> <span class='ocrx_word' id='word_1_364' title='bbox 1367 3472 1439 3546; x_wconf 83' lang='grc'>238,</span> <span class='ocrx_word' id='word_1_365' title='bbox 1457 3470 1605 3546; x_wconf 83' lang='grc'>0--230,</span> <span class='ocrx_word' id='word_1_366' title='bbox 1623 3469 1682 3544; x_wconf 88' lang='grc'>39).</span> <span class='ocrx_word' id='word_1_367' title='bbox 1733 3463 1853 3529; x_wconf 74' lang='lat' dir='ltr'>caedit</span> <span class='ocrx_word' id='word_1_368' title='bbox 1880 3460 1964 3548; x_wconf 90' lang='lat' dir='ltr'>quod</span> <span class='ocrx_word' id='word_1_369' title='bbox 1992 3460 2086 3526; x_wconf 89' lang='lat' dir='ltr'>disci·</span> 
     </span>
     <span class='ocr_line' id='line_1_32' title="bbox 430 3567 2086 3658; baseline -0.001 -27"><span class='ocrx_word' id='word_1_370' title='bbox 430 3567 521 3652; x_wconf 87' lang='lat' dir='ltr'>pulos</span> <span class='ocrx_word' id='word_1_371' title='bbox 561 3576 596 3631; x_wconf 91' lang='grc' dir='ltr'>ιιι</span> <span class='ocrx_word' id='word_1_372' title='bbox 635 3591 788 3634; x_wconf 89' lang='lat' dir='ltr'>summanr</span> <span class='ocrx_word' id='word_1_373' title='bbox 826 3594 953 3656; x_wconf 87' lang='lat' dir='ltr'>operam</span> <span class='ocrx_word' id='word_1_374' title='bbox 995 3573 1198 3658; x_wconf 84' lang='lat' dir='ltr'>scriptoribus</span> <span class='ocrx_word' id='word_1_375' title='bbox 1236 3571 1375 3658; x_wconf 87' lang='lat' dir='ltr'>legendis</span> <span class='ocrx_word' id='word_1_376' title='bbox 1414 3569 1522 3636; x_wconf 82' lang='lat' dir='ltr'>darent</span> <span class='ocrx_word' id='word_1_377' title='bbox 1567 3569 1734 3634; x_wconf 88' lang='lat' dir='ltr'>admonere</span> <span class='ocrx_word' id='word_1_378' title='bbox 1770 3591 1832 3633; x_wconf 91' lang='lat' dir='ltr'>non</span> <span class='ocrx_word' id='word_1_379' title='bbox 1871 3567 2008 3644; x_wconf 88' lang='lat' dir='ltr'>dest-itit,</span> <span class='ocrx_word' id='word_1_380' title='bbox 2051 3577 2086 3630; x_wconf 90' lang='lat' dir='ltr'>ut</span> 
     </span>
     <span class='ocr_line' id='line_1_33' title="bbox 429 3671 2085 3762; baseline -0.002 -26"><span class='ocrx_word' id='word_1_381' title='bbox 429 3693 460 3755; x_wconf 91' lang='lat' dir='ltr'>p.</span> <span class='ocrx_word' id='word_1_382' title='bbox 478 3672 530 3749; x_wconf 88' lang='grc'>20,</span> <span class='ocrx_word' id='word_1_383' title='bbox 549 3676 591 3737; x_wconf 88' lang='grc'>33</span> <span class='ocrx_word' id='word_1_384' title='bbox 623 3672 740 3750; x_wconf 86' lang='lat' dir='ltr'>,labora</span> <span class='ocrx_word' id='word_1_385' title='bbox 770 3675 851 3740; x_wconf 88' lang='lat' dir='ltr'>cirea</span> <span class='ocrx_word' id='word_1_386' title='bbox 878 3674 998 3755; x_wconf 88' lang='lat' dir='ltr'>studia,</span> <span class='ocrx_word' id='word_1_387' title='bbox 1032 3677 1131 3740; x_wconf 90' lang='lat' dir='ltr'>lucem</span> <span class='ocrx_word' id='word_1_388' title='bbox 1164 3677 1196 3740; x_wconf 93' lang='lat' dir='ltr'>in</span> <span class='ocrx_word' id='word_1_389' title='bbox 1224 3676 1398 3762; x_wconf 87' lang='lat' dir='ltr'>conloquiis</span> <span class='ocrx_word' id='word_1_390' title='bbox 1427 3674 1535 3760; x_wconf 80' lang='lat' dir='ltr'>dilige,</span> <span class='ocrx_word' id='word_1_391' title='bbox 1573 3673 1697 3738; x_wconf 78' lang='lat' dir='ltr'>lectioni</span> <span class='ocrx_word' id='word_1_392' title='bbox 1729 3672 1862 3735; x_wconf 79' lang='lat' dir='ltr'>devotus</span> <span class='ocrx_word' id='word_1_393' title='bbox 1894 3671 2016 3750; x_wconf 89' lang='lat' dir='ltr'>insiste,</span> <span class='ocrx_word' id='word_1_394' title='bbox 2050 3679 2085 3733; x_wconf 89' lang='grc' dir='ltr'>ιιι</span> 
     </span>
     <span class='ocr_line' id='line_1_34' title="bbox 429 3772 2085 3864; baseline 0.005 -28"><span class='ocrx_word' id='word_1_395' title='bbox 429 3772 548 3839; x_wconf 73' lang='lat' dir='ltr'>fruetus</span> <span class='ocrx_word' id='word_1_396' title='bbox 577 3775 769 3861; x_wconf 86' lang='lat' dir='ltr'>eloquentiae</span> <span class='ocrx_word' id='word_1_397' title='bbox 791 3779 1010 3864; x_wconf 88' lang='lat' dir='ltr'>multiplicium</span> <span class='ocrx_word' id='word_1_398' title='bbox 1038 3790 1198 3844; x_wconf 85' lang='lat' dir='ltr'>arretorum</span> <span class='ocrx_word' id='word_1_399' title='bbox 1228 3780 1431 3845; x_wconf 81' lang='lat' dir='ltr'>ventilatione</span> <span class='ocrx_word' id='word_1_400' title='bbox 1458 3784 1615 3864; x_wconf 75' lang='lat' dir='ltr'>purgetur</span> <span class='ocrx_word' id='word_1_401' title='bbox 1643 3818 1683 3824; x_wconf 88' lang='lat'>—</span> <span class='ocrx_word' id='word_1_402' title='bbox 1714 3801 1742 3862; x_wconf 85' lang='lat' dir='ltr'>p.</span> <span class='ocrx_word' id='word_1_403' title='bbox 1761 3779 1831 3856; x_wconf 85' lang='grc'>154,</span> <span class='ocrx_word' id='word_1_404' title='bbox 1848 3778 1890 3842; x_wconf 76' lang='grc'>20</span> <span class='ocrx_word' id='word_1_405' title='bbox 1917 3783 2025 3853; x_wconf 79' lang='lat' dir='ltr'>,t0tnn1</span> <span class='ocrx_word' id='word_1_406' title='bbox 2054 3783 2085 3837; x_wconf 73' lang='lat' dir='ltr'>le</span> 
     </span>
     <span class='ocr_line' id='line_1_35' title="bbox 430 3877 2084 3969; baseline -0.001 -27"><span class='ocrx_word' id='word_1_407' title='bbox 430 3877 536 3942; x_wconf 86' lang='lat' dir='ltr'>studia</span> <span class='ocrx_word' id='word_1_408' title='bbox 556 3879 688 3945; x_wconf 88' lang='lat' dir='ltr'>honesta</span> <span class='ocrx_word' id='word_1_409' title='bbox 710 3883 895 3968; x_wconf 87' lang='lat' dir='ltr'>suscipiant,</span> <span class='ocrx_word' id='word_1_410' title='bbox 922 3885 1035 3948; x_wconf 81' lang='lat' dir='ltr'>festiue</span> <span class='ocrx_word' id='word_1_411' title='bbox 1057 3894 1092 3948; x_wconf 91' lang='lat' dir='ltr'>ut</span> <span class='ocrx_word' id='word_1_412' title='bbox 1114 3883 1154 3948; x_wconf 89' lang='lat' dir='ltr'>ad</span> <span class='ocrx_word' id='word_1_413' title='bbox 1179 3907 1310 3948; x_wconf 86' lang='lat' dir='ltr'>messem</span> <span class='ocrx_word' id='word_1_414' title='bbox 1333 3883 1467 3969; x_wconf 88' lang='lat' dir='ltr'>patriam</span> <span class='ocrx_word' id='word_1_415' title='bbox 1491 3882 1611 3959; x_wconf 83' lang='lat' dir='ltr'>venias,</span> <span class='ocrx_word' id='word_1_416' title='bbox 1637 3881 1777 3965; x_wconf 82' lang='lat' dir='ltr'>linguam</span> <span class='ocrx_word' id='word_1_417' title='bbox 1798 3880 1939 3945; x_wconf 88' lang='lat' dir='ltr'>lectionis</span> <span class='ocrx_word' id='word_1_418' title='bbox 1962 3878 2084 3943; x_wconf 88' lang='lat' dir='ltr'>sarculo</span> 
     </span>
     <span class='ocr_line' id='line_1_36' title="bbox 430 3979 2084 4071; baseline 0.001 -26"><span class='ocrx_word' id='word_1_419' title='bbox 430 3979 602 4066; x_wconf 85' lang='lat' dir='ltr'>purgando‘</span> <span class='ocrx_word' id='word_1_420' title='bbox 627 4024 667 4031; x_wconf 87' lang='lat'><em>-</em></span> <span class='ocrx_word' id='word_1_421' title='bbox 691 4008 720 4070; x_wconf 88' lang='lat' dir='ltr'>p.</span> <span class='ocrx_word' id='word_1_422' title='bbox 736 3988 808 4064; x_wconf 85' lang='grc'>207,</span> <span class='ocrx_word' id='word_1_423' title='bbox 825 3991 867 4052; x_wconf 88' lang='grc'>20</span> <span class='ocrx_word' id='word_1_424' title='bbox 894 3985 1010 4064; x_wconf 77' lang='lat' dir='ltr'>,arrrdiri</span> <span class='ocrx_word' id='word_1_425' title='bbox 1038 3998 1068 4050; x_wconf 85' lang='lat' dir='ltr'>te</span> <span class='ocrx_word' id='word_1_426' title='bbox 1095 3988 1175 4051; x_wconf 75' lang='lat' dir='ltr'>siren</span> <span class='ocrx_word' id='word_1_427' title='bbox 1203 3985 1307 4051; x_wconf 90' lang='lat' dir='ltr'>studia</span> <span class='ocrx_word' id='word_1_428' title='bbox 1333 3988 1396 4050; x_wconf 88' lang='lat' dir='ltr'>iarn</span> <span class='ocrx_word' id='word_1_429' title='bbox 1423 3986 1588 4049; x_wconf 90' lang='lat' dir='ltr'>remissum</span> <span class='ocrx_word' id='word_1_430' title='bbox 1611 3995 1656 4063; x_wconf 90' lang='lat' dir='ltr'>et,</span> <span class='ocrx_word' id='word_1_431' title='bbox 1684 3986 1773 4071; x_wconf 90' lang='lat' dir='ltr'>qnasi</span> <span class='ocrx_word' id='word_1_432' title='bbox 1804 4008 1906 4049; x_wconf 81' lang='lat' dir='ltr'>arcem</span> <span class='ocrx_word' id='word_1_433' title='bbox 1938 3983 2084 4048; x_wconf 85' lang='lat' dir='ltr'>scientiae</span> 
     </span>
     <span class='ocr_line' id='line_1_37' title="bbox 429 4083 2084 4174; baseline 0.001 -26"><span class='ocrx_word' id='word_1_434' title='bbox 429 4083 562 4170; x_wconf 87' lang='lat' dir='ltr'>adeptus</span> <span class='ocrx_word' id='word_1_435' title='bbox 584 4088 641 4167; x_wconf 91' lang='lat' dir='ltr'>sis,</span> <span class='ocrx_word' id='word_1_436' title='bbox 668 4089 712 4152; x_wconf 88' lang='lat' dir='ltr'>ita</span> <span class='ocrx_word' id='word_1_437' title='bbox 740 4089 918 4155; x_wconf 89' lang='lat' dir='ltr'>nullatenus</span> <span class='ocrx_word' id='word_1_438' title='bbox 946 4113 1015 4154; x_wconf 90' lang='lat' dir='ltr'>csse</span> <span class='ocrx_word' id='word_1_439' title='bbox 1043 4088 1082 4153; x_wconf 92' lang='lat' dir='ltr'>de</span> <span class='ocrx_word' id='word_1_440' title='bbox 1110 4090 1251 4154; x_wconf 83' lang='lat' dir='ltr'>lectionis</span> <span class='ocrx_word' id='word_1_441' title='bbox 1279 4089 1480 4153; x_wconf 86' lang='lat' dir='ltr'>instructione</span> <span class='ocrx_word' id='word_1_442' title='bbox 1512 4088 1698 4153; x_wconf 85' lang='lat' dir='ltr'>sollicitum‘.</span> <span class='ocrx_word' id='word_1_443' title='bbox 1742 4089 1885 4174; x_wconf 86' lang='lat' dir='ltr'>exempla</span> <span class='ocrx_word' id='word_1_444' title='bbox 1912 4096 2014 4152; x_wconf 90' lang='lat' dir='ltr'>autem</span> <span class='ocrx_word' id='word_1_445' title='bbox 2044 4085 2084 4150; x_wconf 89' lang='lat' dir='ltr'>ad</span> 
     </span>
     <span class='ocr_line' id='line_1_38' title="bbox 430 4187 2084 4279; baseline 0.002 -28"><span class='ocrx_word' id='word_1_446' title='bbox 430 4187 614 4253; x_wconf 88' lang='lat' dir='ltr'>imitandum</span> <span class='ocrx_word' id='word_1_447' title='bbox 644 4193 807 4277; x_wconf 86' lang='lat' dir='ltr'>proposuit</span> <span class='ocrx_word' id='word_1_448' title='bbox 842 4217 878 4257; x_wconf 85' lang='lat' dir='ltr'>ae</span> <span class='ocrx_word' id='word_1_449' title='bbox 912 4203 1070 4279; x_wconf 89' lang='lat' dir='ltr'>tamquam</span> <span class='ocrx_word' id='word_1_450' title='bbox 1105 4194 1260 4279; x_wconf 88' lang='lat' dir='ltr'>priucipes</span> <span class='ocrx_word' id='word_1_451' title='bbox 1296 4194 1327 4257; x_wconf 91' lang='lat' dir='ltr'>in</span> <span class='ocrx_word' id='word_1_452' title='bbox 1356 4193 1532 4279; x_wconf 89' lang='lat' dir='ltr'>eloquentia</span> <span class='ocrx_word' id='word_1_453' title='bbox 1560 4193 1669 4258; x_wconf 90' lang='lat' dir='ltr'>habuit</span> <span class='ocrx_word' id='word_1_454' title='bbox 1698 4193 1880 4258; x_wconf 74' lang='lat' dir='ltr'>Ciceronem</span> <span class='ocrx_word' id='word_1_455' title='bbox 1910 4197 1950 4277; x_wconf 85' lang='lat' dir='ltr'>(p.</span> <span class='ocrx_word' id='word_1_456' title='bbox 1971 4194 2021 4269; x_wconf 83' lang='lat'>53,</span> <span class='ocrx_word' id='word_1_457' title='bbox 2035 4193 2084 4256; x_wconf 86' lang='grc'>13.</span> 
     </span>
     <span class='ocr_line' id='line_1_39' title="bbox 430 4292 2083 4383; baseline 0.001 -27"><span class='ocrx_word' id='word_1_458' title='bbox 430 4293 503 4370; x_wconf 79' lang='lat'>313,</span> <span class='ocrx_word' id='word_1_459' title='bbox 516 4295 566 4369; x_wconf 90' lang='grc'>10)</span> <span class='ocrx_word' id='word_1_460' title='bbox 589 4292 768 4379; x_wconf 65' lang='lat' dir='ltr'>Vergilium</span> <span class='ocrx_word' id='word_1_461' title='bbox 791 4302 832 4382; x_wconf 89' lang='lat' dir='ltr'>(p.</span> <span class='ocrx_word' id='word_1_462' title='bbox 847 4300 898 4375; x_wconf 84' lang='grc'>25,</span> <span class='ocrx_word' id='word_1_463' title='bbox 911 4299 963 4376; x_wconf 90' lang='grc'>21)</span> <span class='ocrx_word' id='word_1_464' title='bbox 986 4296 1184 4374; x_wconf 88' lang='lat' dir='ltr'>Sallustium,</span> <span class='ocrx_word' id='word_1_465' title='bbox 1213 4319 1306 4381; x_wconf 84' lang='lat' dir='ltr'>quma</span> <span class='ocrx_word' id='word_1_466' title='bbox 1333 4294 1464 4360; x_wconf 84' lang='lat' dir='ltr'>triadem</span> <span class='ocrx_word' id='word_1_467' title='bbox 1488 4320 1517 4381; x_wconf 92' lang='lat' dir='ltr'>p.</span> <span class='ocrx_word' id='word_1_468' title='bbox 1533 4299 1584 4375; x_wconf 83' lang='grc'>24,</span> <span class='ocrx_word' id='word_1_469' title='bbox 1600 4300 1637 4363; x_wconf 81' lang='lat' dir='ltr'>la</span> <span class='ocrx_word' id='word_1_470' title='bbox 1660 4298 1705 4361; x_wconf 90' lang='lat' dir='ltr'>sic</span> <span class='ocrx_word' id='word_1_471' title='bbox 1728 4295 1909 4383; x_wconf 85' lang='lat' dir='ltr'>descripsit:</span> <span class='ocrx_word' id='word_1_472' title='bbox 1937 4294 2083 4373; x_wconf 84' lang='lat' dir='ltr'>,Trdliani</span> 
     </span>
     <span class='ocr_line' id='line_1_40' title="bbox 429 4394 2083 4485; baseline 0.001 -27"><span class='ocrx_word' id='word_1_473' title='bbox 429 4394 627 4479; x_wconf 84' lang='lat' dir='ltr'>profunditas</span> <span class='ocrx_word' id='word_1_474' title='bbox 648 4399 797 4483; x_wconf 82' lang='lat' dir='ltr'>gurgitis,</span> <span class='ocrx_word' id='word_1_475' title='bbox 824 4400 929 4485; x_wconf 84' lang='lat' dir='ltr'>Crispi</span> <span class='ocrx_word' id='word_1_476' title='bbox 953 4400 1141 4485; x_wconf 86' lang='lat' dir='ltr'>proprietas,</span> <span class='ocrx_word' id='word_1_477' title='bbox 1169 4399 1312 4464; x_wconf 89' lang='lat' dir='ltr'>Maronis</span> <span class='ocrx_word' id='word_1_478' title='bbox 1338 4400 1509 4484; x_wconf 49' lang='lat' dir='ltr'>elementia&amp;</span> <span class='ocrx_word' id='word_1_479' title='bbox 1532 4440 1573 4447; x_wconf 83' lang='lat'><em>-</em></span> <span class='ocrx_word' id='word_1_480' title='bbox 1596 4402 1703 4477; x_wconf 68' lang='lat' dir='ltr'>(lirare</span> <span class='ocrx_word' id='word_1_481' title='bbox 1725 4398 1873 4464; x_wconf 81' lang='lat' dir='ltr'>Ennodio</span> <span class='ocrx_word' id='word_1_482' title='bbox 1900 4421 1961 4462; x_wconf 89' lang='lat' dir='ltr'>nou</span> <span class='ocrx_word' id='word_1_483' title='bbox 1992 4398 2083 4461; x_wconf 89' lang='lat' dir='ltr'>nimis</span> 
     </span>
     <span class='ocr_line' id='line_1_41' title="bbox 429 4499 2083 4592; baseline 0.001 -30"><span class='ocrx_word' id='word_1_484' title='bbox 429 4499 701 4585; x_wconf 83' lang='lat' dir='ltr'>exprobmbimus,</span> <span class='ocrx_word' id='word_1_485' title='bbox 729 4503 814 4588; x_wconf 90' lang='lat' dir='ltr'>quod</span> <span class='ocrx_word' id='word_1_486' title='bbox 837 4505 1023 4592; x_wconf 85' lang='lat' dir='ltr'>aliquotiens</span> <span class='ocrx_word' id='word_1_487' title='bbox 1052 4505 1149 4568; x_wconf 90' lang='lat' dir='ltr'>nimio</span> <span class='ocrx_word' id='word_1_488' title='bbox 1171 4514 1200 4568; x_wconf 89' lang='lat' dir='ltr'>et</span> <span class='ocrx_word' id='word_1_489' title='bbox 1222 4528 1369 4590; x_wconf 81' lang='lat' dir='ltr'>perverso</span> <span class='ocrx_word' id='word_1_490' title='bbox 1392 4504 1550 4589; x_wconf 79' lang='lat' dir='ltr'>religionis</span> <span class='ocrx_word' id='word_1_491' title='bbox 1574 4503 1680 4568; x_wconf 90' lang='lat' dir='ltr'>studio</span> <span class='ocrx_word' id='word_1_492' title='bbox 1703 4512 1877 4568; x_wconf 85' lang='lat' dir='ltr'>commotus</span> <span class='ocrx_word' id='word_1_493' title='bbox 1900 4512 1982 4567; x_wconf 87' lang='lat' dir='ltr'>artes</span> <span class='ocrx_word' id='word_1_494' title='bbox 2005 4524 2083 4588; x_wconf 89' lang='lat' dir='ltr'>quas</span> 
     </span>
     <span class='ocr_line' id='line_1_42' title="bbox 430 4602 2084 4693; baseline 0.002 -27"><span class='ocrx_word' id='word_1_495' title='bbox 430 4604 541 4691; x_wconf 90' lang='lat' dir='ltr'>optimi</span> <span class='ocrx_word' id='word_1_496' title='bbox 564 4602 672 4670; x_wconf 90' lang='lat' dir='ltr'>dicunt</span> <span class='ocrx_word' id='word_1_497' title='bbox 694 4607 829 4692; x_wconf 91' lang='lat' dir='ltr'>optimas</span> <span class='ocrx_word' id='word_1_498' title='bbox 852 4607 1045 4693; x_wconf 78' lang='lat' dir='ltr'>obiurgavit;</span> <span class='ocrx_word' id='word_1_499' title='bbox 1072 4608 1133 4672; x_wconf 91' lang='lat' dir='ltr'>loci</span> <span class='ocrx_word' id='word_1_500' title='bbox 1161 4607 1215 4672; x_wconf 91' lang='lat' dir='ltr'>ubi</span> <span class='ocrx_word' id='word_1_501' title='bbox 1238 4608 1356 4671; x_wconf 88' lang='lat' dir='ltr'>litteras</span> <span class='ocrx_word' id='word_1_502' title='bbox 1379 4607 1469 4672; x_wconf 82' lang='lat' dir='ltr'>effert</span> <span class='ocrx_word' id='word_1_503' title='bbox 1490 4606 1590 4671; x_wconf 89' lang='lat' dir='ltr'>multo</span> <span class='ocrx_word' id='word_1_504' title='bbox 1613 4607 1717 4693; x_wconf 89' lang='lat' dir='ltr'>plures</span> <span class='ocrx_word' id='word_1_505' title='bbox 1740 4617 1822 4671; x_wconf 89' lang='lat' dir='ltr'>sunt.</span> <span class='ocrx_word' id='word_1_506' title='bbox 1866 4630 1958 4671; x_wconf 89' lang='lat' dir='ltr'>omne</span> <span class='ocrx_word' id='word_1_507' title='bbox 1980 4615 2084 4670; x_wconf 88' lang='lat' dir='ltr'>autem</span> 
     </span>
     <span class='ocr_line' id='line_1_43' title="bbox 429 4706 2085 4797; baseline 0.001 -25"><span class='ocrx_word' id='word_1_508' title='bbox 429 4706 502 4773; x_wconf 86' lang='lat' dir='ltr'>tulit</span> <span class='ocrx_word' id='word_1_509' title='bbox 523 4718 682 4794; x_wconf 86' lang='lat' dir='ltr'>punctum,</span> <span class='ocrx_word' id='word_1_510' title='bbox 705 4733 776 4774; x_wconf 92' lang='lat' dir='ltr'>cum</span> <span class='ocrx_word' id='word_1_511' title='bbox 798 4709 874 4775; x_wconf 90' lang='lat' dir='ltr'>dicit</span> <span class='ocrx_word' id='word_1_512' title='bbox 896 4736 926 4797; x_wconf 88' lang='lat' dir='ltr'>p.</span> <span class='ocrx_word' id='word_1_513' title='bbox 943 4714 1045 4790; x_wconf 75' lang='lat'>313,·.&#39;›</span> <span class='ocrx_word' id='word_1_514' title='bbox 1068 4710 1116 4791; x_wconf 89' lang='lat' dir='ltr'>,de</span> <span class='ocrx_word' id='word_1_515' title='bbox 1139 4712 1306 4776; x_wconf 86' lang='lat' dir='ltr'>virtutibus</span> <span class='ocrx_word' id='word_1_516' title='bbox 1329 4712 1462 4776; x_wconf 75' lang='lat' dir='ltr'>lacessat</span> <span class='ocrx_word' id='word_1_517' title='bbox 1489 4709 1664 4774; x_wconf 84' lang='lat' dir='ltr'>studiorum</span> <span class='ocrx_word' id='word_1_518' title='bbox 1687 4710 1861 4775; x_wconf 85' lang='lat' dir='ltr'>liberalium</span> <span class='ocrx_word' id='word_1_519' title='bbox 1884 4709 1992 4774; x_wconf 90' lang='lat' dir='ltr'>deesse</span> <span class='ocrx_word' id='word_1_520' title='bbox 2014 4708 2085 4773; x_wconf 91' lang='lat' dir='ltr'>dili-</span> 
     </span>
     <span class='ocr_line' id='line_1_44' title="bbox 428 4812 2084 4902; baseline 0.001 -26"><span class='ocrx_word' id='word_1_521' title='bbox 428 4813 574 4897; x_wconf 84' lang='lat' dir='ltr'>gentiam,</span> <span class='ocrx_word' id='word_1_522' title='bbox 597 4834 652 4897; x_wconf 90' lang='lat' dir='ltr'>per</span> <span class='ocrx_word' id='word_1_523' title='bbox 673 4837 767 4899; x_wconf 90' lang='lat' dir='ltr'>quam</span> <span class='ocrx_word' id='word_1_524' title='bbox 783 4815 960 4880; x_wconf 85' lang='lat' dir='ltr'>divinarum</span> <span class='ocrx_word' id='word_1_525' title='bbox 984 4816 1066 4880; x_wconf 88' lang='lat' dir='ltr'>bona</span> <span class='ocrx_word' id='word_1_526' title='bbox 1087 4838 1188 4879; x_wconf 88' lang='lat' dir='ltr'>rerum</span> <span class='ocrx_word' id='word_1_527' title='bbox 1205 4816 1294 4902; x_wconf 88' lang='lat' dir='ltr'>quasi</span> <span class='ocrx_word' id='word_1_528' title='bbox 1317 4815 1445 4900; x_wconf 88' lang='lat' dir='ltr'>pretiosi</span> <span class='ocrx_word' id='word_1_529' title='bbox 1462 4814 1586 4879; x_wconf 89' lang='lat' dir='ltr'>monilis</span> <span class='ocrx_word' id='word_1_530' title='bbox 1610 4814 1678 4878; x_wconf 90' lang='lat' dir='ltr'>lucc</span> <span class='ocrx_word' id='word_1_531' title='bbox 1701 4814 1923 4878; x_wconf 74' lang='lat' dir='ltr'>sublimentur.</span> <span class='ocrx_word' id='word_1_532' title='bbox 1950 4812 2084 4898; x_wconf 88' lang='lat' dir='ltr'>denique</span> 
     </span>
     <span class='ocr_line' id='line_1_45' title="bbox 428 4917 2084 5005; baseline 0.001 -26"><span class='ocrx_word' id='word_1_533' title='bbox 428 4937 617 5001; x_wconf 89' lang='lat' dir='ltr'>quamquam</span> <span class='ocrx_word' id='word_1_534' title='bbox 644 4917 704 4982; x_wconf 91' lang='lat' dir='ltr'>sibi</span> <span class='ocrx_word' id='word_1_535' title='bbox 732 4917 780 4995; x_wconf 93' lang='lat' dir='ltr'>,ab</span> <span class='ocrx_word' id='word_1_536' title='bbox 809 4919 984 4983; x_wconf 88' lang='lat' dir='ltr'>scholarum</span> <span class='ocrx_word' id='word_1_537' title='bbox 1014 4919 1186 5005; x_wconf 79' lang='lat' dir='ltr'>gymnasiis</span> <span class='ocrx_word' id='word_1_538' title='bbox 1220 4925 1420 5005; x_wconf 85' lang='lat' dir='ltr'>sequestrato‘</span> <span class='ocrx_word' id='word_1_539' title='bbox 1450 4928 1490 5004; x_wconf 90' lang='lat' dir='ltr'>(p.</span> <span class='ocrx_word' id='word_1_540' title='bbox 1510 4922 1561 4997; x_wconf 86' lang='grc'>30,</span> <span class='ocrx_word' id='word_1_541' title='bbox 1576 4923 1606 4991; x_wconf 84' lang='grc'>0)</span> <span class='ocrx_word' id='word_1_542' title='bbox 1633 4941 1705 4997; x_wconf 82' lang='grc' dir='ltr'>,ιιοιι</span> <span class='ocrx_word' id='word_1_543' title='bbox 1736 4927 1900 5004; x_wconf 79' lang='lat' dir='ltr'>suppetere</span> <span class='ocrx_word' id='word_1_544' title='bbox 1928 4918 2084 4982; x_wconf 86' lang='lat' dir='ltr'>Latiarem</span> 
     </span>
     <span class='ocr_line' id='line_1_46' title="bbox 428 5019 2084 5109; baseline -0.001 -26"><span class='ocrx_word' id='word_1_545' title='bbox 428 5019 641 5085; x_wconf 87' lang='lat' dir='ltr'>eruditionem‘</span> <span class='ocrx_word' id='word_1_546' title='bbox 664 5025 859 5107; x_wconf 84' lang='lat' dir='ltr'>(p.150,11)</span> <span class='ocrx_word' id='word_1_547' title='bbox 882 5024 1034 5109; x_wconf 84' lang='lat' dir='ltr'>qrreritur,</span> <span class='ocrx_word' id='word_1_548' title='bbox 1065 5023 1117 5087; x_wconf 93' lang='lat' dir='ltr'>ille</span> <span class='ocrx_word' id='word_1_549' title='bbox 1142 5025 1195 5109; x_wconf 89' lang='lat' dir='ltr'>qni</span> <span class='ocrx_word' id='word_1_550' title='bbox 1225 5046 1318 5109; x_wconf 90' lang='lat' dir='ltr'>opera</span> <span class='ocrx_word' id='word_1_551' title='bbox 1347 5045 1419 5101; x_wconf 90' lang='lat' dir='ltr'>sua,</span> <span class='ocrx_word' id='word_1_552' title='bbox 1450 5022 1629 5107; x_wconf 73' lang='lat' dir='ltr'>cetennquin</span> <span class='ocrx_word' id='word_1_553' title='bbox 1660 5022 1805 5107; x_wconf 83' lang='lat' dir='ltr'>quamvis</span> <span class='ocrx_word' id='word_1_554' title='bbox 1836 5022 1969 5106; x_wconf 77' lang='lat' dir='ltr'>ingrata,</span> <span class='ocrx_word' id='word_1_555' title='bbox 1996 5030 2084 5085; x_wconf 87' lang='lat' dir='ltr'>tanto</span> 
     </span>
     <span class='ocr_line' id='line_1_47' title="bbox 428 5120 2084 5213; baseline 0.002 -27"><span class='ocrx_word' id='word_1_556' title='bbox 428 5120 587 5189; x_wconf 90' lang='lat' dir='ltr'>doctrinae</span> <span class='ocrx_word' id='word_1_557' title='bbox 617 5135 769 5212; x_wconf 88' lang='lat' dir='ltr'>apparatu</span> <span class='ocrx_word' id='word_1_558' title='bbox 797 5136 905 5213; x_wconf 90' lang='lat' dir='ltr'>totque</span> <span class='ocrx_word' id='word_1_559' title='bbox 931 5126 1057 5191; x_wconf 89' lang='lat' dir='ltr'>aliunde</span> <span class='ocrx_word' id='word_1_560' title='bbox 1087 5128 1191 5213; x_wconf 89' lang='lat' dir='ltr'>petitis</span> <span class='ocrx_word' id='word_1_561' title='bbox 1218 5127 1354 5191; x_wconf 84' lang='lat' dir='ltr'>flosculis</span> <span class='ocrx_word' id='word_1_562' title='bbox 1387 5149 1537 5191; x_wconf 87' lang='lat' dir='ltr'>exornare</span> <span class='ocrx_word' id='word_1_563' title='bbox 1566 5127 1683 5212; x_wconf 90' lang='lat' dir='ltr'>potnit,</span> <span class='ocrx_word' id='word_1_564' title='bbox 1714 5127 1767 5212; x_wconf 92' lang='lat' dir='ltr'>qni</span> <span class='ocrx_word' id='word_1_565' title='bbox 1794 5126 1826 5189; x_wconf 92' lang='lat' dir='ltr'>in</span> <span class='ocrx_word' id='word_1_566' title='bbox 1853 5126 1997 5191; x_wconf 90' lang='lat' dir='ltr'>cubiculo</span> <span class='ocrx_word' id='word_1_567' title='bbox 2025 5148 2084 5190; x_wconf 90' lang='lat' dir='ltr'>suo</span> 
     </span>
     <span class='ocr_line' id='line_1_48' title="bbox 426 5226 2085 5316; baseline 0.002 -25"><span class='ocrx_word' id='word_1_568' title='bbox 426 5226 560 5305; x_wconf 86' lang='lat' dir='ltr'>,codices</span> <span class='ocrx_word' id='word_1_569' title='bbox 589 5229 621 5292; x_wconf 92' lang='lat' dir='ltr'>in</span> <span class='ocrx_word' id='word_1_570' title='bbox 644 5227 753 5293; x_wconf 85' lang='lat' dir='ltr'>ordine</span> <span class='ocrx_word' id='word_1_571' title='bbox 779 5231 908 5316; x_wconf 90' lang='lat' dir='ltr'>positos‘</span> <span class='ocrx_word' id='word_1_572' title='bbox 939 5230 1051 5295; x_wconf 84' lang='lat' dir='ltr'>habuit</span> <span class='ocrx_word' id='word_1_573' title='bbox 1078 5242 1171 5315; x_wconf 67' lang='lat' dir='ltr'>atique</span> <span class='ocrx_word' id='word_1_574' title='bbox 1202 5254 1273 5294; x_wconf 92' lang='lat' dir='ltr'>cum</span> <span class='ocrx_word' id='word_1_575' title='bbox 1303 5230 1411 5294; x_wconf 85' lang='lat' dir='ltr'>arrrieis</span> <span class='ocrx_word' id='word_1_576' title='bbox 1440 5230 1684 5296; x_wconf 88' lang='lat' dir='ltr'>communicavit</span> <span class='ocrx_word' id='word_1_577' title='bbox 1712 5238 1752 5316; x_wconf 84' lang='lat' dir='ltr'>(p.</span> <span class='ocrx_word' id='word_1_578' title='bbox 1770 5232 1841 5308; x_wconf 87' lang='grc'>304,</span> <span class='ocrx_word' id='word_1_579' title='bbox 1858 5235 1908 5296; x_wconf 89' lang='grc'>30.</span> <span class='ocrx_word' id='word_1_580' title='bbox 1931 5233 2004 5308; x_wconf 85' lang='grc'>320,</span> <span class='ocrx_word' id='word_1_581' title='bbox 2022 5232 2085 5307; x_wconf 86' lang='grc'>32),</span> 
     </span>
     <span class='ocr_line' id='line_1_49' title="bbox 428 5331 2086 5418; baseline 0.002 -22"><span class='ocrx_word' id='word_1_582' title='bbox 428 5332 480 5397; x_wconf 89' lang='lat' dir='ltr'>ille</span> <span class='ocrx_word' id='word_1_583' title='bbox 507 5333 601 5417; x_wconf 87' lang='lat' dir='ltr'>igitur</span> <span class='ocrx_word' id='word_1_584' title='bbox 628 5333 694 5396; x_wconf 88' lang='lat' dir='ltr'>iure</span> <span class='ocrx_word' id='word_1_585' title='bbox 720 5356 784 5397; x_wconf 92' lang='lat' dir='ltr'>non</span> <span class='ocrx_word' id='word_1_586' title='bbox 811 5334 913 5398; x_wconf 90' lang='lat' dir='ltr'>solum</span> <span class='ocrx_word' id='word_1_587' title='bbox 943 5333 983 5398; x_wconf 91' lang='lat' dir='ltr'>ab</span> <span class='ocrx_word' id='word_1_588' title='bbox 1018 5332 1201 5418; x_wconf 89' lang='lat' dir='ltr'>aequalibus</span> <span class='ocrx_word' id='word_1_589' title='bbox 1233 5333 1407 5399; x_wconf 83' lang='lat' dir='ltr'>studiorrmr</span> <span class='ocrx_word' id='word_1_590' title='bbox 1436 5335 1611 5399; x_wconf 91' lang='lat' dir='ltr'>liberalium</span> <span class='ocrx_word' id='word_1_591' title='bbox 1640 5331 1846 5398; x_wconf 88' lang='lat' dir='ltr'>sectatoribus</span> <span class='ocrx_word' id='word_1_592' title='bbox 1872 5334 2086 5400; x_wconf 89' lang='lat' dir='ltr'>honorabatur</span> 
     </span>
     <span class='ocr_line' id='line_1_50' title="bbox 428 5435 2085 5523; baseline 0.002 -22"><span class='ocrx_word' id='word_1_593' title='bbox 428 5438 627 5523; x_wconf 57' lang='lat' dir='ltr'>(peram),</span> <span class='ocrx_word' id='word_1_594' title='bbox 661 5435 715 5499; x_wconf 91' lang='lat' dir='ltr'>sed</span> <span class='ocrx_word' id='word_1_595' title='bbox 745 5460 836 5501; x_wconf 85' lang='lat' dir='ltr'>onnre</span> <span class='ocrx_word' id='word_1_596' title='bbox 863 5438 895 5501; x_wconf 93' lang='lat' dir='ltr'>in</span> <span class='ocrx_word' id='word_1_597' title='bbox 917 5459 1030 5502; x_wconf 76' lang='lat' dir='ltr'>rrevmn</span> <span class='ocrx_word' id='word_1_598' title='bbox 1053 5437 1134 5503; x_wconf 89' lang='lat' dir='ltr'>inter</span> <span class='ocrx_word' id='word_1_599' title='bbox 1156 5438 1264 5504; x_wconf 86' lang='lat' dir='ltr'>aetatis</span> <span class='ocrx_word' id='word_1_600' title='bbox 1287 5460 1376 5519; x_wconf 89' lang='lat' dir='ltr'>suae,</span> <span class='ocrx_word' id='word_1_601' title='bbox 1402 5437 1548 5504; x_wconf 88' lang='lat' dir='ltr'>videlicet</span> <span class='ocrx_word' id='word_1_602' title='bbox 1574 5436 1688 5501; x_wconf 85' lang='lat' dir='ltr'>saeculi</span> <span class='ocrx_word' id='word_1_603' title='bbox 1717 5438 1812 5516; x_wconf 87' lang='lat' dir='ltr'>sexti,</span> <span class='ocrx_word' id='word_1_604' title='bbox 1842 5438 2085 5505; x_wconf 88' lang='lat' dir='ltr'>litteratissimos</span> 
     </span>
     <span class='ocr_line' id='line_1_51' title="bbox 427 5540 812 5606; baseline 0.005 -2"><span class='ocrx_word' id='word_1_605' title='bbox 427 5540 568 5605; x_wconf 87' lang='lat' dir='ltr'>homines</span> <span class='ocrx_word' id='word_1_606' title='bbox 590 5541 812 5606; x_wconf 76' lang='lat' dir='ltr'>macerabitur.</span> 
     </span>
    </p>
   </div>
   <div class='ocr_carea' id='block_1_4' title="bbox 0 0 2254 6229">
    <p class='ocr_par' dir='ltr' id='par_1_5' title="bbox 0 0 2254 6229">
     <span class='ocr_line' id='line_1_52' title="bbox 0 0 2254 6229; baseline 0 0"><span class='ocrx_word' id='word_1_607' title='bbox 0 0 2254 6229; x_wconf 95' lang='lat' dir='ltr'> </span> 
     </span>
    </p>
   </div>
  </div>
 </body>
</html>
