4500 6232
332 281 391 344 198
767 276 874 332 ccum
893 274 1017 343 (EPIST.
1035 275 1061 337 5,
1078 275 1124 344 25)
1143 304 1176 314 -
1194 274 1286 330 OCLV
1304 273 1428 343 OEPIS'I‘.
1446 276 1472 340 b,
1488 274 1544 343 et).

330 451 469 537 primum
496 451 530 514 in
559 450 679 515 bouem
708 448 921 513 valitudinem
951 447 1104 512 reduetus
1132 454 1197 527 est,
1234 446 1456 512 Mediolanum
1485 469 1558 512 cum
1592 467 1719 513 summa
1751 450 2002 537 properatione·

297 554 536 619 boommeavit.
582 558 694 617 cetera
717 551 802 637 apud
826 572 883 615 vos
907 550 1083 635 alleganda
1106 572 1181 615 esse
1205 572 1271 614 non
1294 549 1426 626 credidi,
1450 552 1527 637 quia
1551 552 1605 637 qui
1629 551 1990 637 commendat-maguis

331 657 406 720 viris
429 657 596 731 iustitiam,
621 656 820 720 oblivionem
837 653 966 719 videtur
988 654 1165 738 aequitatis
1189 674 1367 739 opponere.
1402 653 1534 718 domine
1557 655 1612 730 mi,
1636 655 1842 720 salutationis
1857 655 1988 743 plenie·

327 760 429 823 simae
452 781 570 824 munus
594 758 736 823 exhibeo
761 764 811 834 et,
842 757 928 842 quod
956 763 1122 842 superest,
1151 777 1274 841 quaeso
1302 763 1337 820 ut
1360 763 1464 822 status
1497 758 1584 822 cirea
1613 778 1666 822 me
1689 759 1819 844 gratiae
1839 767 1984 836 noemae,

327 864 479 946 quamvis
503 864 544 926 sit
566 863 787 949 plenissimus,
810 860 916 925 adhuc
940 866 1050 925 temen
1074 860 1221 945 recipere
1245 867 1382 946 cogetur
1404 866 1592 945 augmenta.

960 1116 1090 1186 conv
1113 1118 1224 1205 (arrsr.
1242 1123 1271 1196 5,
1289 1118 1356 1201 26).

909 1295 1125 1370 AGAPITO
1152 1295 1399 1369 ENNODIVS.

300 1438 310 1496 ¹
437 1427 624 1519 Resistunt
651 1462 787 1541 peccata
812 1453 986 1519 desideriis
1016 1461 1063 1533 et,
1091 1461 1128 1518 ut
1150 1455 1339 1519 meritorum
1370 1459 1475 1517 status
1499 1452 1764 1538 delinquentibus
1787 1455 1985 1537 innotescat,

328 1561 530 1623 alalriorum
561 1560 771 1644 proximitate
805 1559 915 1644 cupita
946 1558 1190 1622 subtrahuntur.
1237 1559 1343 1622 aerius
1373 1557 1531 1643 adfligunt
1563 1557 1689 1626 oblata.
1722 1580 1794 1624 oum
1827 1566 1984 1644 pereunt:

327 1665 431 1748 potior
455 1665 525 1727 sitis
550 1670 617 1736 est.
641 1685 738 1748 quam
762 1663 921 1726 undarum
945 1668 1061 1745 gustus
1085 1668 1279 1747 exaggerat.
1324 1682 1389 1724 non
1412 1667 1510 1724 urunt
1535 1661 1724 1725 memoriam
1746 1662 1852 1747 prima
1872 1662 1984 1728 fronte

327 1774 447 1850 negata
470 1766 643 1830 beneficia:
674 1767 746 1850 quis
775 1768 860 1830 ferat
883 1766 1047 1850 ingestam
1076 1765 1177 1828 oculis
1210 1785 1314 1849 aequo
1344 1766 1451 1828 animo
1485 1784 1521 1828 se
1545 1763 1725 1849 perdidisse
1749 1763 1981 1830 dulcedinem?

294 1869 384 1933 used
409 1877 497 1934 recte
522 1872 584 1934 ista
607 1870 648 1933 ad
672 1891 848 1954 supernam
872 1869 1080 1934 remittuntur
1105 1867 1357 1954 providentiam:
1392 1889 1476 1953 quae
1506 1867 1659 1931 caelestis
1684 1866 1885 1952 dispensatio
1907 1890 1983 1954 my·

325 1974 414 2037 sterii
449 1973 569 2038 idcirco
601 1974 750 2038 humanis
780 1971 1049 2057 dispositionibus
1079 1992 1194 2034 manus
1220 1972 1368 2057 opponit.
1399 1978 1435 2034 ut
1465 1977 1614 2034 votorum
1642 1977 1790 2056 praestet
1817 1972 1985 2038 effectum.

325 2083 455 2140 sanctus
478 2086 574 2162 pater
597 2084 706 2141 vester
728 2076 871 2139 libenter
894 2094 929 2137 se
953 2073 1134 2160 periturum
1158 2074 1291 2138 iussioni
1315 2073 1549 2159 magnitudinis
1567 2080 1698 2138 vestrae
1721 2073 1829 2137 iuerat
1851 2073 1892 2139 de
1907 2096 1985 2140 mea

326 2181 517 2244 occursione
545 2181 728 2266 pollicitus.
765 2178 822 2242 sed
852 2178 994 2241 animum
1028 2177 1100 2240 eius
1131 2177 1164 2240 in
1194 2177 1356 2241 diversam
1385 2183 1511 2263 partem
1534 2160 1602 2262 'pro
1633 2176 1791 2255 utilitate,
1824 2184 1984 2261 quantum

327 2281 422 2361 dicit,
451 2283 611 2347 ecelesiae
641 2282 909 2368 supervenientia
940 2301 1080 2366 rapuere
1104 2281 1257 2358 consilia,
1291 2281 1376 2344 sieut
1397 2281 1537 2367 praelati
1562 2280 1682 2365 pagina
1711 2279 1831 2344 advos
1856 2280 1983 2348 directa

295 2384 514 2449 3declaravit.
560 2387 782 2471 praestulatur
807 2391 921 2447 tamen
950 2404 1050 2470 super
1071 2384 1203 2468 negotio
1227 2383 1398 2468 designato
1421 2382 1656 2468 magnitudinis
1680 2390 1810 2448 vestrae
1834 2384 1983 2451 secunda

328 2488 507 2573 conloquia,
532 2507 595 2572 quo
610 2488 816 2552 manifestius
840 2489 874 2551 in
890 2488 999 2551 fratris
1017 2489 1117 2565 vestri
1134 2486 1248 2552 Fausti
1272 2487 1400 2573 particii
1417 2488 1557 2551 utilitate
1581 2508 1634 2551 mo
1657 2508 1732 2551 esse
1755 2489 1982 2553 neceesarium

326 2599 504 2668 reseretur,
534 2593 627 2655 cuius
656 2593 782 2676 gratiae
815 2592 896 2655 nihil
921 2591 982 2655 sibi
1014 2593 1167 2656 aestimat
1189 2591 1328 2654 liberum
1352 2590 1529 2674 denegare.
1575 2590 1662 2676 quod
1685 2596 1804 2669 restat,
1832 2589 1985 2676 obsequii

327 2696 389 2758 mei
413 2694 597 2758 humilitate
620 2702 773 2779 suscepta
800 2716 930 2780 precor,
962 2702 1000 2757 ut
1031 2695 1114 2758 caeli
1144 2695 1272 2780 opifex,
1301 2696 1355 2779 qui
1383 2694 1515 2758 culmini
1547 2700 1658 2758 vestro
1687 2693 1858 2778 parvitatis
1886 2716 1985 2760 meae

327 2817 437 2861 curam
462 2802 511 2861 est
534 2799 687 2882 dignatus
713 2797 896 2866 infundere.
920 2800 992 2882 ipse
1015 2819 1074 2882 per
1097 2818 1155 2860 vos
1179 2797 1348 2882 sequenda
1370 2797 1531 2883 disponat.

967 3052 1076 3120 0ch
1099 3053 1209 3140 (uersa
1226 3059 1255 3129 5,
1274 3056 1339 3139 27).

902 3232 1139 3306 EVGENETI
1164 3231 1414 3306 ENNODIVS.

298 3373 308 3431 ¹
450 3361 720 3477 supramodum
745 3412 796 3454 me
821 3391 998 3454 sollicitant
1021 3391 1187 3475 procurati
1211 3390 1319 3454 studia
1343 3389 1511 3454 indelessa
1535 3391 1667 3471 silentii,
1694 3400 1727 3454 et
1752 3392 1828 3455 licet
1853 3392 1983 3456 animus

324 3497 519 3560 iactatione
549 3495 590 3558 sit
618 3494 761 3579 positus,
791 3496 963 3558 contristat
987 3495 1145 3558 sermonis
1170 3493 1382 3569 abstinentia,
1416 3495 1469 3578 qui
1493 3495 1574 3558 vivis
1597 3495 1793 3578 imaginibus
1817 3500 1983 3559 secretum

326 3600 472 3686 pectoris
495 3600 560 3664 oris
584 3599 675 3661 clave
699 3598 898 3663 manifestat.
938 3597 1044 3682 patior
1065 3596 1198 3682 quidem
1223 3596 1385 3661 interdum
1410 3597 1580 3661 ceritatem
1605 3597 1665 3661 sub
1689 3598 1882 3682 paginarum
1904 3618 1983 3683 pro·

2040 2824 2071 2863 20

293 3705 525 3789 2mulgatione
550 3703 704 3782 simulari
729 3724 903 3786 numquam
928 3711 1039 3765 tauron
1063 3700 1160 3765 credo
1185 3701 1234 3764 his
1258 3701 1377 3765 muniis
1401 3700 1568 3765 abstinero
1592 3701 1647 3786 qui
1670 3699 1820 3785 diligunt.
1853 3699 1979 3764 referat
2050 3730 2063 3765 r.

323 3807 407 3872 forto
436 3807 626 3892 magnitudo
656 3814 781 3883 vestra,
813 3804 965 3891 publicae
990 3809 1215 3893 occupationis
1244 3829 1355 3873 curam
1386 3807 1494 3871 locum
1527 3808 1655 3892 scriptis
1678 3805 1894 3870 familiaribus
1917 3826 1982 3870 non

323 3910 465 3975 dedisse.
512 3911 568 3976 sed
596 3911 681 3975 idem
706 3916 810 3973 statue
844 3918 931 3987 erat,
959 3933 1031 3975 cum
1059 3913 1270 3999 praecedeuti
1298 3920 1446 3995 tempore
1476 3911 1649 3994 conloquia
1679 3911 1809 3975 eulmen
1838 3916 1983 3974 vestrum

324 4015 439 4080 crebra
461 4014 654 4100 praestabat
678 4034 738 4077 nee
765 4013 812 4076 ita
840 4015 955 4078 aulicis
986 4014 1163 4100 deputatus
1192 4014 1403 4099 premebatur
1426 4012 1593 4094 excubiis,
1624 4018 1658 4075 ut
1687 4012 1839 4098 promissi
1861 4012 1982 4077 amoris

293 4118 515 4183 3memoriam
540 4139 602 4180 non
626 4117 774 4181 haberet.
819 4117 892 4201 quis
921 4118 1004 4182 savis
1032 4119 1158 4191 toxica.
1186 4119 1259 4203 quis
1290 4137 1425 4182 caenum
1450 4115 1594 4179 fontibus
1618 4114 1842 4180 clandestinus
1867 4137 1981 4180 susur-

325 4226 413 4284 rator
429 4219 624 4283 admiscuit?
648 4227 704 4284 aut
727 4220 821 4296 forte,
846 4221 931 4305 quod
948 4221 1056 4285 luerat
1078 4221 1119 4285 de
1140 4221 1313 4286 allectione
1331 4219 1532 4303 subreptum.
1556 4217 1597 4281 ad
1614 4217 1770 4283 iudicium
1786 4219 1980 4283 rettulistis?

323 4321 381 4386 sed
406 4344 469 4407 ogo
494 4343 655 4407 occupare
680 4346 736 4387 vos
760 4326 953 4411 paginarum
977 4326 1238 4410 promulgatione
1263 4346 1327 4389 non
1351 4323 1477 4393 differo.
1500 4329 1537 4385 ut
1560 4321 1601 4385 ad
1624 4342 1720 4386 usum
1738 4329 1884 4387 veterem
1908 4344 1980 4387 ees-

323 4426 472 4490 santibus
496 4427 676 4510 promissae
699 4427 898 4513 dignationis
930 4429 1070 4492 stimulis
1094 4430 1146 4493 vel
1169 4429 1371 4514 garrulitatis
1396 4448 1489 4491 meae
1513 4427 1681 4511 provocati
1705 4427 1799 4509 fruge
1824 4426 1980 4492 redeatis.

293 4529 455 4594 ldomiue
480 4531 532 4611 mi³
558 4530 749 4617 obsequium
773 4532 980 4597 salutationis
1004 4534 1102 4618 plena
1125 4533 1309 4596 humilitate
1326 4530 1519 4616 persolvens
1542 4529 1650 4593 indico
1676 4552 1726 4594 me
1751 4531 1868 4594 vestris
1886 4532 1979 4616 cupi·

325 4632 401 4696 dum
426 4655 500 4697 esse
524 4634 713 4718 aspectibus
737 4638 951 4721 praesentari.
975 4637 1001 4700 si
1025 4644 1134 4700 tamen
1158 4634 1343 4699 laciendum
1366 4635 1539 4719 perpensis
1563 4654 1646 4718 quac
1671 4633 1765 4698 robis
1790 4633 1879 4697 cordi
1904 4655 1980 4698 esse

329 4758 394 4801 non
419 4737 530 4802 dubito
552 4738 752 4806 rescribatis.

326 4870 436 4878 ..η-..-
445 4871 642 4879 -—---——--
651 4873 664 4879 -
675 4873 737 4880 —..

427 4962 782 5032 ‘lalligurrdaBl'ahs'I's
885 4963 964 5031 limi]
984 4965 1136 5016 mihiBVL
1239 4963 1345 5018 duatus
1361 4963 1405 5017 152
1508 4961 1687 5029 baugmenta
1707 4962 1847 5030 explieBr

428 5064 548 5133 [CULlVl
584 5066 753 5120 lillnnodius
771 5069 910 5135 Agapitob
1014 5066 1261 5119 8eub.rrahuntur
1276 5068 1301 5117 B
1370 5068 1488 5134 affligunt
1508 5066 1530 5115 1⁷
1631 5064 1661 5115 ll
1681 5064 1757 5132 quae]
1776 5068 1898 5133 quoniam
1912 5064 1981 5130 olo,

323 5170 374 5219 qua
388 5152 483 5205 Hartel
605 5153 636 5205 12
654 5156 759 5221 praestit
772 5154 797 5204 B
919 5151 1126 5218 {escensione}
1146 5155 1305 5205 occasioned
1421 5152 1454 5205 lli
1472 5154 1612 5205 declarabit
1624 5154 1690 5219 sort
1772 5155 1944 5221 praestolatur
1961 5152 1987 5202 1⁷

326 5235 357 5288 ll
375 5239 464 5305 patrici
477 5238 502 5288 Β
608 5237 639 5289 18
657 5240 750 5306 degere
768 5256 824 5305 cap.
837 5239 882 5289 tin.
902 5255 934 5289 ne
945 5237 979 5301 B,
997 5239 1119 5304 derogare
1132 5237 1210 5290 Sires.
1317 5236 1348 5289 19
1366 5241 1430 5292 caeli
1449 5257 1496 5290 om.
1510 5240 1589 5291 Siros.
1660 5247 1760 5290 ucenae
1774 5238 1853 5290 Siren.

273 5389 283 5396 .
428 5340 537 5410 [CCLV]
567 5342 600 5395 ‘21
619 5344 734 5411 eugeniti
752 5344 872 5394 innodius
885 5341 910 5391 B
1014 5340 1048 5392 ‘23
1065 5343 1199 5394 contr-istun
1216 5352 1301 5396 tamen
1315 5344 1374 5395 oPc
1437 5345 1481 5409 qui
1494 5343 1598 5406 Hor-tel,
1615 5358 1682 5408 quae
1693 5343 1755 5393 libri
1857 5339 1891 5393 27
1909 5358 1982 5410 pree·

324 5429 424 5480 cedenti
446 5431 545 5496 scripsi,
569 5431 724 5497 praesidenti
745 5429 777 5495 Β,
800 5429 968 5497 praecedente
991 5430 1067 5479 ceter-i
1171 5431 1298 5497 colloquia
1317 5430 1342 5480 V
1479 5428 1514 5481 28
1536 5429 1628 5481 aulicis
1650 5429 1789 5495 deputatus
1809 5428 1846 5479 ite
1865 5426 1986 5479 voute?

323 5512 358 5564 29
377 5527 526 5568 susurratur
537 5516 563 5566 B
699 5515 736 5569 30
758 5517 883 5569 returlietie
899 5515 922 5565 V
1056 5513 1090 5565 31
1112 5516 1198 5569 deiero
1214 5517 1309 5569 th'o·
1443 5514 1477 5567 as
1498 5514 1544 5582 mi]
1564 5515 1627 5566 mihi
1639 5512 1717 5564 BVJ.
1820 5514 1983 5566 mlutetionie

324 5600 475 5666 obsequium
487 5599 565 5652 Sirm.
636 5604 766 5670 eupidiuur
779 5601 804 5651 B
811 5599 821 5636 ¹
925 5598 961 5651 34
978 5601 1128 5653 faciundum
1141 5601 1220 5654 Sires.

2038 4245 2067 4283 ³⁰

2035 4760 2062 4799 ³3·
