4500 6232
382 291 543 348 ccxxxlv
561 292 683 361 (cauti.
700 294 725 359 2,
745 293 815 361 104),
833 292 980 349 CCXXXV
999 291 1122 360 (EPIST.
1139 296 1164 358 5,
1184 296 1236 364 13),
1254 296 1415 351 ccxxxvl
1433 297 1556 366 (EPIS'l'.
1574 300 1599 365 5,
1618 299 1670 368 14).
1793 303 1853 367 183

568 464 715 530 Excusat
736 465 881 550 linguam
905 465 1022 550 genius
1046 466 1210 547 perfectus
1233 467 1364 554 ubique.

614 568 710 643 Quod
733 569 795 634 lari
818 570 933 647 nescit,
957 569 1112 656 displicet
1134 569 1210 635 inde
1233 573 1340 638 malis.

497 689 509 726 ⁵
568 673 822 738 Grammaticam
845 673 969 736 iactant
991 678 1095 737 artem
1119 675 1245 738 nescire
1269 676 1476 760 magistrum:

614 777 687 843 Hoc
710 777 828 841 melius
850 777 991 864 simplex
1013 778 1159 842 moribus
1182 779 1333 844 instituit.

568 882 713 947 Oratoris
736 902 817 966 opus
841 880 1053 967 lapidosaque
1078 882 1220 946 eulmina
1243 882 1330 947 Tulli

613 985 687 1049 Non
711 986 832 1070 tetigit:
857 987 981 1050 celsum
1005 985 1137 1051 rhetora
1159 988 1268 1051 nullus
1292 994 1390 1052 amat.

568 1089 748 1175 Discipulis
773 1090 852 1153 satis
876 1096 927 1154 est
949 1091 1059 1154 vultus
1083 1092 1240 1176 tacitique
1266 1092 1407 1156 verenda

488 1208 513 1244 1⁰
619 1191 791 1257 calvities:
815 1191 973 1257 Phoebae
997 1193 1121 1257 lumina
1143 1194 1241 1280 plena
1265 1193 1387 1259 vident.

804 1499 991 1567 CGXXXV
1014 1501 1122 1586 (nuiss.
1139 1505 1170 1583 5,
1189 1500 1252 1587 13).

749 1694 986 1770 ENNODIVS
1017 1695 1310 1770 HORMlSDAE.

320 1842 462 1937 Scimus
485 1872 632 1956 religiosi
656 1879 861 1937 sacramenta
884 1871 1042 1958 propositi
1065 1872 1107 1935 ab
1130 1872 1269 1935 obnoxia
1285 1871 1429 1955 pcccatis
1445 1869 1652 1936 multitudine
1669 1871 1883 1937 innocential

203 1983 237 2043 et
258 1976 322 2040 fide
346 1976 490 2060 separari
515 1983 548 2040 et
571 1975 682 2039 titulos
706 1975 903 2040 venerabilis
926 1974 1024 2039 officii
1048 1996 1156 2039 mores
1179 1975 1288 2061 potius
1313 1975 1471 2059 insignire
1487 1995 1584 2060 quam
1600 1997 1746 2062 corpora.
1784 1978 1857 2062 quis

204 2080 324 2144 bonum
356 2079 575 2145 conscientiae
602 2080 688 2143 inter
715 2079 864 2143 homines
896 2085 1047 2163 quaerat,
1079 2078 1107 2143 si
1136 2074 1248 2142 mundi
1277 2076 1464 2143 adhibenda
1487 2085 1538 2142 cst
1560 2078 1646 2143 circa
1668 2078 1857 2164 pontificum

138 2213 149 2249 s
203 2188 326 2247 statuta
353 2182 553 2263 necessitas,
585 2182 613 2246 si
642 2181 849 2247 sacerdotum
878 2182 1051 2267 promissio
1076 2182 1313 2266 circumspecta
1337 2181 1489 2245 cautione
1513 2180 1718 2246 servabitur?
1764 2203 1857 2246 num-

202 2306 298 2371 quam
322 2284 436 2350 habuit
459 2285 491 2349 in
512 2285 632 2350 affectu
648 2284 875 2361 constantiam,
899 2284 952 2348 eui
975 2283 1084 2349 facere
1101 2283 1188 2348 aliud
1205 2283 1246 2347 de
1263 2284 1496 2370 pollicitatione
1512 2304 1576 2348 non
1593 2283 1693 2348 licuit.
1732 2285 1856 2349 saeculi
1869 2266 2012 2379 Ρὼέἰῗω

203 2389 408 2453 conversatio
431 2390 542 2473 legum
565 2395 654 2453 metu
676 2389 846 2465 retinetur,
871 2387 923 2452 dei
947 2388 1086 2452 famulos
1110 2388 1197 2472 quod
1220 2387 1341 2453 bonum
1366 2395 1416 2452 est
1439 2387 1598 2452 exhibere
1622 2388 1776 2453 convenit
1790 2410 1855 2454 non
1876 2371 2000 2423 mm·

202 2490 366 2556 formidini
391 2491 450 2556 sed
473 2493 584 2557 amori.
622 2491 743 2556 dudum
767 2491 842 2556 dum
866 2490 960 2556 nobis
984 2499 1090 2556 metus
1115 2490 1253 2556 instaret
1275 2490 1372 2557 etde
1397 2492 1573 2555 clementia
1595 2492 1640 2577 pii
1657 2492 1744 2576 regis
1761 2491 1890 2557 dubio2

204 2596 390 2660 meritorum
413 2595 642 2660 aestimatione
666 2594 885 2682 ponderemus
909 2594 1044 2668 incerto,
1073 2594 1218 2659 caballos
1241 2601 1369 2660 nostros
1393 2601 1442 2659 tot
1464 2593 1589 2659 dandos
1612 2594 1729 2659 domno
1752 2616 1858 2682 papae

204 2699 259 2763 tali
289 2699 495 2764 reverentiae
523 2706 651 2764 vestrae
681 2698 872 2763 condicione
903 2695 1109 2775 tradidimus,
1141 2705 1176 2762 ut
1200 2697 1228 2761 si
1257 2697 1352 2762 nobis
1382 2698 1537 2762 animalia
1564 2698 1635 2783 ipsa
1658 2719 1723 2763 non
1747 2706 1859 2763 essent

202 2801 401 2883 necessaria,
425 2803 546 2867 iustum
569 2824 628 2888 pro
652 2802 731 2887 ipsis
755 2802 896 2887 pretium
920 2801 1114 2865 mitteretur.
1155 2808 1188 2864 et
1211 2801 1286 2886 quia
1309 2800 1400 2865 novit
1423 2800 1545 2886 optime
1564 2800 1721 2864 sanctitas
1737 2807 1859 2877 restra,

203 2925 262 2969 nos
304 2904 380 2968 dum
417 2906 583 2991 potuimus
622 2927 681 2992 per
717 2904 949 2990 allegationem
991 2912 1079 2968 tuarn
1120 2905 1280 2969 utilitates
1324 2911 1457 2968 sanctae
1492 2903 1660 2968 Romanae
1697 2904 1860 2969 ecclesiae

204 3008 411 3089 sublevasse,
442 3030 527 3073 nunc
556 3030 614 3094 pro
645 3007 872 3072 vicissitudine
903 3007 1001 3072 facite
1034 3006 1075 3072 de
1106 3008 1246 3072 veritate
1277 3007 1484 3072 beneficium.
1530 3028 1729 3093 quaesumus
1760 3008 1890 3072 otiam3

204 3112 399 3177 salutatione
424 3113 587 3198 praefata,
618 3119 654 3176 nt
678 3112 752 3197 quid
778 3134 878 3198 super
901 3112 961 3176 hac
985 3119 1078 3198 parte
1102 3112 1294 3176 deliberatio
1318 3120 1429 3176 vestra
1450 3110 1571 3175 habeat
1594 3111 1758 3186 indicetis,
1781 3110 1858 3195 quia

140 3268 145 3280 .
205 3214 368 3280 credimus
390 3236 452 3280 nec
475 3216 658 3302 praefatum
682 3213 994 3301 sedisapostolicae
1017 3216 1202 3301 praesulem
1228 3237 1288 3280 nec
1305 3236 1373 3295 ros,
1397 3215 1452 3300 qui
1476 3214 1674 3279 mediatores
1690 3215 1857 3281 assistitis.

205 3317 294 3383 aliud
317 3319 473 3404 cogitare,
497 3320 556 3382 nisi
579 3318 665 3404 quod
690 3326 724 3383 ct
745 3321 913 3405 proposito
938 3330 971 3384 et
995 3319 1140 3384 iustitiae
1164 3320 1235 3384 sine
1260 3318 1463 3384 dubitatione
1487 3318 1670 3383 conveniat.
1706 3342 1714 3353 ·

794 3606 1002 3677 ccxxxvl
1025 3608 1137 3696 (misr.
1155 3614 1184 3690 5,
1204 3610 1267 3693 14).

759 3803 996 3879 ENNODIVS
1023 3803 1306 3880 SERVILIONI.

316 3952 383 4045 De
406 3980 610 4067 perfectione
642 3980 808 4045 confidunt
837 3981 1004 4067 discipuli,
1035 3983 1184 4068 quotiens
1216 3982 1446 4065 magistrorum
1469 3981 1689 4065 praesentiam
1711 3985 1887 4066 precatu-l

207 4083 324 4149 lantur.
370 4104 445 4168 spes
469 4083 660 4150 eruditionis
684 4085 858 4150 manifesta
881 4094 942 4166 est,
965 4093 1002 4149 ut
1024 4087 1149 4151 fruatur
1172 4087 1268 4171 genio
1292 4107 1360 4156 suo,
1391 4085 1526 4149 invitare
1550 4085 1727 4151 doctorem.
1773 4085 1862 4150 clara

131 4244 142 4255 .
209 4194 285 4253 sunt
313 4187 458 4271 ingenia,
492 4207 575 4272 quae
604 4189 820 4254 instruentum
852 4191 1019 4275 agitantur
1040 4190 1221 4255 desideriis.
1267 4190 1459 4253 monitorem
1484 4189 1666 4273 requirunt,
1695 4188 1750 4274 qui
1773 4187 1862 4254 felici

208 4297 294 4355 sorte
327 4287 519 4354 didicerunt.
572 4291 618 4355 sic
651 4312 713 4376 ego
747 4293 929 4357 sanctitatis
964 4301 1041 4358 tuae
1072 4293 1256 4358 adfectione
1290 4312 1477 4377 possessus,
1515 4312 1710 4377 quamquam
1741 4313 1794 4357 me
1821 4289 1894 4357 del

208 4392 327 4479 peritia
350 4393 472 4457 iactare
496 4415 560 4457 non
585 4394 735 4467 audeam,
759 4396 884 4461 vultum
908 4403 1017 4462 tamen
1041 4396 1266 4482 praeceptoris
1290 4400 1438 4480 expecto,
1462 4414 1503 4458 ue
1526 4392 1682 4479 degeneri
1698 4402 1731 4460 te
1748 4394 1863 4459 credas

208 4495 466 4561 ecclesiasticum
489 4516 624 4580 germen
648 4498 715 4562 tilio
739 4498 940 4576 conmisisse,
965 4498 1041 4583 quia
1064 4497 1212 4583 quamvis
1236 4497 1394 4561 memoria
1416 4517 1490 4560 mea
1513 4496 1555 4561 ad
1572 4504 1729 4563 centenos
1746 4520 1781 4562 so
1798 4518 1863 4562 non

208 4599 319 4665 valeat
345 4601 472 4665 fructus
496 4600 672 4675 extollere,
704 4603 766 4666 scit
787 4609 897 4665 tamen
922 4600 1049 4666 semina
1071 4599 1287 4686 multiplicata
1310 4598 1482 4666 redhibere
1506 4600 1630 4664 cultori.
1676 4601 1749 4665 veni
1773 4621 1863 4685 ergo,

131 4729 150 4769 a
210 4709 247 4766 ut
273 4724 382 4768 coram
410 4702 538 4789 positus
568 4709 716 4788 segetem
748 4711 836 4769 tuam
865 4703 942 4769 boni
971 4705 1135 4789 agricolae
1163 4705 1233 4769 vico
1265 4704 1433 4790 respicias.
1480 4703 1561 4769 deus
1591 4705 1702 4791 procul
1735 4710 1862 4769 avertat
1879 4724 1932 4768 ma
1946 4725 1961 4767 1.
1975 4736 1996 4766 ο.

313 4960 484 5015 attenuat
496 4963 600 5026 Horret,
617 4962 718 5015 exaurit
727 4962 760 5025 B,
778 4965 979 5017 excussitcctcri
1075 4962 1350 5030 ικὸηοῐιιοίίιςίῑΒιι
1411 4962 1563 5015 retsrrsBV
1653 4981 1679 5014 v.
1693 4961 1726 5013 10
1736 4958 1862 5028 calvities]

208 5049 314 5101 collutis
331 5056 357 5100 ot
374 5048 404 5113 (ti
421 5065 476 5115 sap.
496 5049 541 5099 lin.
559 5066 594 5100 m.
608 5050 632 5109 1)
646 5048 680 5112 B,
696 5058 762 5101 recte
773 5055 840 5117 jort.
911 5052 985 5102 fabae
999 5050 1032 5115 B,
1050 5050 1151 5102 Phabas
1162 5048 1235 5100 Jolrn

314 5148 476 5219 [CCXXXV]
512 5149 633 5219 dpotius
650 5169 699 5203 om.
712 5150 738 5201 B
841 5150 856 5203 'l
876 5155 990 5206 famulus
1001 5153 1027 5204 B
1130 5152 1148 5205 8
1169 5153 1311 5204 formidinis
1332 5154 1365 5205 ad
1387 5154 1468 5204 amori
1481 5152 1526 5203 Β(Ι
1629 5149 1647 5202 9
1664 5150 1827 5218 pondsrimus
1839 5150 1864 5200 B

209 5237 324 5290 oebnllos
340 5235 402 5303 (circ
419 5239 503 5291 ocrim
520 5236 647 5303 cavallos)
658 5239 759 5305 scripsi,
776 5239 889 5291 camelos
901 5241 973 5301 liora
990 5241 1147 5292 cmrieccrcm
1158 5240 1243 5306 primo
1256 5240 1339 5292 mulos
1402 5240 1504 5291 dominc
1514 5238 1539 5288 B
1644 5236 1673 5288 ll
1693 5253 1828 5289 nonencors
1839 5235 1865 5285 Β

210 5320 277 5391 (ιφ.
289 5323 336 5376 lia.
346 5322 368 5389 i)
464 5322 497 5377 12
512 5321 595 5391 mur]
613 5332 726 5378 menam
740 5324 807 5390 01³⁶,
825 5334 880 5377 tum
891 5326 979 5377 malim
1042 5326 1161 5378 uh'litatis
1170 5325 1196 5376 B
1293 5323 1325 5377 13
1337 5343 1383 5392 pro
1395 5343 1443 5376 om.
1455 5324 1550 5375 Har-tel
1647 5321 1679 5373 15
1694 5322 1823 5375 anistetis
1831 5320 1865 5385 Β,

208 5410 322 5465 affl!
335 5409 366 5477 V,
380 5410 502 5465 extitisti·
510 5414 580 5481 sort.

209 5566 218 5571 ..
312 5508 491 5583 [mvl]
513 5510 786 5583 prrmlnturV
865 5512 1147 5570 aledramnum
1199 5516 1334 5568 affectione
1346 5513 1371 5564 V
1418 5511 1599 5579 quanquaml'
1679 5510 1715 5563 ΒΖ
1727 5510 1866 5580 periu'saB

308 5598 407 5668 “R
506 5596 543 5659 ἦ
556 5600 665 5677 qh
675 5598 725 5657 Β·
