4500 6232
720 298 829 358 delur
848 302 971 371 (urlsr.
989 304 1014 367 9,
1032 302 1087 369 33),
1106 301 1227 356 CDLXII
1247 302 1369 370 (CARM.
1387 304 1413 368 2,
1431 305 1467 371 5).
1544 304 1561 310 ’“
1609 296 1612 304 ’

895 594 1037 664 cum
1061 596 1172 684 (nersr.
1188 597 1304 688 233).
1439 685 1441 688 .

710 773 947 848 aunonrvs
975 774 1217 849 cursuum
1245 728 1508 849 perscore.

382 902 490 1010 Quod
520 955 577 1019 spe
605 953 852 1018 praeceperam,
884 933 1003 997 litteris
1032 933 1211 1000 indicastis.
1257 955 1332 998 nam
1356 935 1535 999 venerandi
1564 936 1824 1021 promulgatione
1847 939 1951 999 con-l

271 1037 386 1121 loquii,
417 1036 493 1120 quid
525 1036 678 1100 caelestis
707 1037 884 1121 imperator
906 1036 1059 1101 domnum
1083 1058 1195 1129 regem
1219 1038 1304 1102 circa
1327 1057 1385 1101 ros
1408 1037 1516 1102 facero
1547 1038 1764 1124 conpulisset,
1795 1040 1923 1124 agnoui.

272 1161 333 1226 ego
356 1161 441 1219 sum,
469 1140 520 1203 cui
543 1146 716 1226 postquam
740 1139 890 1203 meritum
914 1134 1057 1204 vestrum
1080 1140 1201 1224 patuit,
1233 1138 1440 1225 nequaquam
1465 1162 1501 1205 se
1524 1141 1664 1206 felicitas
1687 1143 1824 1206 aetionis
1847 1142 1923 1206 aba·

206 1261 217 1295 5
272 1241 389 1307 condit.
435 1245 490 1328 qui
519 1243 685 1307 hominum
716 1242 918 1307 nobilissimo
942 1243 974 1306 in
998 1231 1118 1307 Christi
1148 1244 1306 1327 servitute
1334 1245 1483 1330 pontifici
1513 1252 1660 1309 terrenas
1683 1244 1956 1310 dominationes2

271 1346 395 1410 nesciat
428 1368 500 1412 esse
536 1346 701 1411 subiectas
735 1351 768 1410 et
795 1347 957 1411 minacem
993 1348 1057 1411 reis
1091 1348 1269 1432 potentiam
1301 1348 1506 1413 innocentiae
1539 1348 1720 1414 obiectione
1754 1350 1925 1435 superari?

271 1447 399 1532 quaudo
434 1449 621 1536 principalis
656 1469 800 1535 purpura
833 1455 890 1513 aut
926 1450 1032 1513 cilicia
1067 1451 1220 1535 despexit
1249 1456 1305 1513 aut
1337 1452 1494 1538 pallium?
1544 1452 1673 1536 quaudo
1704 1445 1840 1517 libertas
1869 1453 1949 1530 illa'

271 1552 440 1636 potissima
468 1552 605 1617 credidit
634 1551 696 1616 sibi
725 1557 801 1618 ante
826 1551 1045 1616 Christianam
1068 1552 1288 1616 humilitatem
1314 1555 1412 1618 licere
1437 1554 1523 1638 quod
1546 1554 1670 1619 voluit?
1715 1553 1924 1639 autquando

271 1656 301 1718 ei
323 1655 417 1720 licuit
439 1657 526 1721 velle
551 1657 636 1742 quod
660 1656 827 1721 laederet?
865 1654 979 1740 quodsi
1004 1657 1192 1721 inter‘haec
1217 1678 1320 1722 canae
1350 1658 1469 1722 aetatis
1498 1659 1651 1744 exempla
1682 1659 1868 1723 recolantur
1890 1661 1955 1722 et3

274 1760 442 1825 saevitiam
468 1761 555 1824 circa
578 1761 719 1825 cultores
741 1759 795 1824 dei
820 1760 1023 1844 tyrannicam
1034 1759 1183 1825 *reducas
1207 1763 1239 1824 in
1263 1760 1415 1841 medium,
1441 1761 1560 1825 scimus
1585 1763 1660 1847 quia
1682 1762 1724 1827 ab
1740 1758 1805 1846 illis
1820 1762 1949 1827 nostri

270 1862 432 1948 dogmatis
463 1870 659 1942 sectatores,
690 1885 731 1927 ne
761 1884 914 1947 umquam
942 1869 1156 1941 morerentur,
1187 1864 1288 1928 occisi
1318 1871 1402 1929 sunt.
1445 1871 1524 1929 tunc
1552 1864 1710 1929 militibus
1734 1865 1802 1930 suis
1825 1866 1925 1930 vitam

272 1974 305 2030 ot
328 1968 560 2031 aeternitatem
584 1966 789 2051 obsequente
813 1965 921 2050 gladio
945 1972 1127 2051 perpetuus
1150 1966 1205 2031 ille
1230 1967 1297 2030 dux
1321 1967 1466 2033 contulit.
1505 1968 1550 2031 illi
1575 1968 1776 2032 inimicorum
1793 1989 1925 2051 suorum

271 2069 452 2134 ministerio
476 2068 690 2154 perdiderunt
713 2070 923 2154 originariam
947 2069 1117 2134 vilitatem.
1164 2076 1212 2150 te,
1242 2072 1286 2134 mi
1310 2070 1456 2148 domine,
1486 2073 1518 2134 in
1548 2070 1628 2136 orbe
1652 2073 1715 2136 ism
1740 2070 1954 2136 Christiauol

271 2172 347 2236 diva
375 2173 430 2236 lex
460 2173 588 2257 peperit
620 2179 652 2237 et
681 2173 853 2258 apostolici
882 2171 993 2237 uberis
1017 2173 1103 2237 lacte
1127 2173 1278 2248 nutrivit;
1311 2181 1346 2239 tu
1369 2180 1498 2239 ceteros
1522 2174 1613 2238 velut
1636 2175 1714 2238 solis
1738 2176 1926 2260 magnitudo

206 2279 212 2338 .’
271 2276 366 2340 astris
397 2275 576 2339 minoribus
612 2282 790 2362 conparata
826 2275 1083 2360 transgrederis;
1119 2283 1151 2341 te
1184 2278 1238 2362 qui
1272 2278 1437 2343 interioris
1472 2278 1611 2342 hominis
1646 2278 1747 2343 oculis
1782 2278 1927 2365 inspexit

270 2381 446 2443 instructus
476 2386 536 2444 est.
583 2401 657 2442 nam
688 2399 761 2443 cum
794 2387 827 2442 et
856 2379 941 2444 facie
977 2381 1050 2466 ipsa
1084 2380 1198 2445 foreas
1233 2383 1424 2466 puritatem,
1461 2381 1689 2466 delinquentes
1719 2382 1838 2447 feriato
1870 2379 1952 2448 ore·

271 2483 424 2565 castigas.
461 2482 537 2545 boni
561 2482 601 2546 de
627 2471 874 2547 conversatione
898 2491 964 2559 tua,
988 2504 1193 2569 quocumque
1217 2485 1428 2568 processeris,
1451 2483 1609 2550 imitanda
1626 2485 1810 2561 inveniuut3
1832 2487 1927 2550 malis

269 2586 426 2670 fugienda
455 2584 730 2649 demonstrantur.
776 2585 893 2650 beatus
917 2593 967 2665 tu,
998 2588 1050 2651 cui
1075 2586 1179 2652 adeo
1204 2586 1361 2651 tributum
1386 2595 1450 2668 est,
1480 2596 1573 2653 utet
1597 2589 1867 2655 rnonitisdoceas
1892 2588 1956 2655 ers

270 2689 448 2774 exemplis,
483 2689 537 2772 qui
567 2688 608 2752 ad
640 2689 683 2774 pii
715 2689 839 2753 itineris
869 2688 1027 2753 directum
1056 2711 1188 2775 semper
1217 2691 1363 2755 existens
1387 2693 1542 2778 praevius
1566 2692 1719 2756 invitasti.
1765 2695 1925 2778 quianon

192 2821 198 2832 ·
270 2799 361 2879 optet
389 2799 421 2855 te
452 2794 621 2876 loquente,
654 2799 690 2855 ut
717 2792 798 2856 sciat
827 2793 934 2878 plura,
967 2814 1031 2858 non
1055 2795 1188 2878 legere?
1233 2801 1268 2858 tu
1292 2793 1369 2859 dum
1392 2796 1485 2860 libris
1508 2797 1640 2881 genium
1663 2797 1823 2863 relatione
1848 2820 1924 2863 con-

270 2896 374 2974 cilias,
399 2902 431 2958 et
454 2897 628 2979 magistros
652 2895 826 2959 informas:
851 2895 911 2960 tibi
935 2895 1036 2961 debet
1059 2897 1253 2982 quicumque
1271 2898 1325 2963 ille
1343 2900 1536 2985 scriptorum
1551 2901 1723 2979 maximus,
1747 2900 1833 2984 quod
1851 2881 1924 2966 euni

270 2999 345 3063 dote
376 2999 568 3063 elocutionis
598 2998 791 3084 amplificas.
830 2981 870 3062 'in
894 3006 926 3063 te
951 2999 1007 3063 lux
1032 3001 1185 3064 convenit
1209 3003 1370 3066 sermonis
1394 3011 1427 3066 et
1451 3005 1569 3088 operis.
1615 3003 1701 3067 unde
1726 3004 1806 3068 haec
1829 3005 1956 3090 prae-6

271 3104 416 3188 rogativa
439 3103 678 3187 Transalpinis,
711 3103 797 3167 unde
827 3103 1018 3189 parentibus
1047 3104 1127 3168 meis
1156 3105 1361 3189 inauspicata
1390 3106 1589 3183 sublimitas,
1627 3113 1661 3169 ut
1693 3107 1791 3170 talem
1822 3107 1926 3170 virum

270 3207 438 3271 miserint?
477 3205 536 3270 sed
560 3227 617 3268 eur
640 3207 726 3269 inter
748 3212 879 3271 terrena
902 3207 1070 3291 quaeritur
1092 3229 1145 3272 res
1169 3209 1337 3274 caelestis!
1376 3211 1482 3296 potuit
1508 3230 1586 3293 ergo
1611 3217 1687 3273 ante
1705 3216 1737 3272 tc
1757 3209 1927 3293 quodlibet

193 3331 217 3368 21·
272 3309 385 3396 palatii
410 3310 618 3394 supercilium
642 3331 706 3373 non
732 3309 861 3373 iacere?
907 3310 1011 3394 potuit
1042 3309 1101 3373 tibi
1129 3312 1239 3397 cupita
1268 3311 1478 3392 subtrahere,
1508 3333 1603 3397 quem
1626 3312 1789 3376 mitiorem
1811 3312 1925 3377 ovibus

271 3413 340 3476 sola
364 3412 489 3477 faciunt
512 3419 620 3476 errata
644 3420 849 3498 pugnacem?
888 3412 985 3476 latius
1010 3433 1062 3477 me
1087 3420 1120 3477 et
1144 3415 1293 3477 meritum
1319 3421 1461 3480 vestrum
1487 3422 1583 3480 vocat
1606 3421 1639 3480 et
1661 3413 1843 3500 diligentia,
1868 3415 1925 3480 sed

267 3516 501 3602 loquacitatem
533 3537 638 3580 meam
667 3517 721 3580 lex
751 3515 938 3601 epistolaris
967 3516 1112 3582 includit.
1158 3516 1242 3600 quod
1273 3525 1439 3605 superest,
1473 3519 1608 3604 benigni
1637 3519 1807 3584 servitutis
1831 3519 1955 3584 meael

270 3641 386 3684 munus
410 3621 549 3706 accipite
574 3628 607 3685 et
630 3642 682 3685 me
706 3618 768 3683 deo
792 3624 902 3684 nostro
926 3619 1110 3684 orationum
1126 3620 1288 3706 suffragiis
1307 3622 1466 3699 intimate,
1492 3623 1682 3707 frequenter
1697 3620 1737 3686 de
1754 3622 1815 3700 his,
1839 3642 1924 3707 quac

270 3723 438 3788 vobiscum
474 3729 616 3808 aguntur
646 3724 698 3788 vel
732 3731 806 3787 acta
840 3729 932 3804 sunt,
967 3723 1193 3791 informantes.
1246 3725 1407 3810 deprecor
1442 3726 1540 3791 etiarn
1572 3734 1608 3789 ut
1639 3725 1716 3811 quid
1750 3726 1836 3813 apud
1866 3748 1924 3791 vos

192 3868 198 3878 ·
270 3827 467 3910 promoverit
490 3826 616 3891 Rustici
641 3826 851 3912 subplicatio,
881 3826 951 3911 qui,
982 3835 1140 3912 quantum
1168 3828 1279 3910 audio,
1309 3828 1540 3895 fornicationes
1570 3852 1646 3894 suas
1673 3830 1802 3894 nominc
1826 3830 1925 3895 vestit

270 3949 410 3992 uxorum
445 3936 478 3993 et
512 3929 672 3994 vocabulo
707 3929 793 4014 legis
828 3936 921 4017 putat
955 3931 1107 3994 excusari
1146 3952 1242 4017 posse
1281 3953 1350 3996 rem
1390 3934 1552 4009 criminis,
1591 3933 1668 3997 mihi
1708 3933 1925 3998 manifestetis

271 4029 450 4096 ministerio
475 4033 667 4098 litterarum.
1630 4016 1654 4040 ”
1842 4036 1846 4043 ’
1914 4032 1918 4043 ’

889 4236 1060 4306 'cnuxn
1083 4240 1189 4325 (crau.
1207 4244 1237 4322 2,
1254 4242 1298 4325 5).

829 4418 1088 4492 uPlTAFlVM
1116 4418 1366 4495 RVSTlCAF..

679 4570 824 4645 Rustica,
848 4578 1027 4656 perpetuae
1051 4591 1114 4635 non
1138 4575 1171 4635 te
1196 4592 1267 4635 sors
1291 4570 1413 4657 pallida
1436 4572 1522 4635 vitae

727 4673 875 4749 Sustulit,
901 4674 1067 4738 interitum
1091 4696 1150 4738 nec
1174 4675 1233 4740 tibi
1259 4682 1361 4740 morte
1384 4674 1484 4741 dedit.

373 4913 498 4982 [cuum]
538 4915 688 4983 lapiscopo
706 4918 850 4969 Arelatensi
867 4935 936 4967 ruam
957 4936 1006 4969 rec.
1024 4919 1052 4967 iu
1065 4918 1089 4966 Β
1102 4926 1125 4968 ct
1138 4918 1225 4969 Schelt
1313 4918 1508 4986 ‘lprcciperam
1521 4919 1553 4980 B,
1572 4921 1745 4985 praeciperem
1763 4917 1807 4967 Vl.
1860 4916 1922 4967 iudi-

268 5010 349 5053 castss
361 5002 387 5051 Β
455 5002 615 5069 colloquiiV
719 5003 736 5053 a
753 5001 832 5070 circa]
851 5005 888 5054 cir
900 5003 925 5053 B
1038 5001 1099 5053 nin
1119 5021 1167 5053 om.
1180 5002 1206 5053 B
1318 5004 1334 5054 6
1353 5006 1477 5055 rresciates
1495 5006 1625 5056 subiectas
1638 5003 1683 5053 Be
1756 5018 1887 5054 menacenr
1899 5000 1924 5050 B

268 5085 328 5154 reis]
347 5090 415 5154 regis
427 5089 452 5137 B
549 5087 564 5138 7
582 5090 736 5156 principales
748 5088 858 5140 BV⁰Cb
915 5107 1025 5157 purpora
1038 5088 1062 5139 Β
1121 5091 1232 5157 dispexit
1244 5091 1270 5140 Β
1365 5091 1382 5140 8
1400 5092 1546 5142 cristianam
1560 5091 1585 5141 B
1685 5088 1716 5140 12
1733 5099 1760 5142 et
1777 5107 1825 5140 orn.
1840 5087 1923 5140 aare

269 5173 443 5241 perpetuosB
531 5174 563 5225 13
582 5173 627 5242 mi]
647 5193 687 5227 ma
700 5175 743 5226 B⁶
796 5177 916 5228 cristiano
928 5175 954 5225 B
1043 5174 1074 5227 15
1093 5177 1264 5242 uangrederis
1276 5176 1321 5225 Βιι
1401 5175 1441 5228 'lo
1461 5186 1487 5228 et
1503 5194 1562 5229 euru
1577 5177 1656 5228 hiras.
1747 5174 1780 5226 18
1797 5176 1887 5226 deceas
1899 5172 1924 5223 B

270 5257 302 5310 19
319 5260 459 5312 itenerisB
571 5258 606 5312 95
623 5263 723 5329 cupitas
735 5261 760 5311 B
871 5259 906 5312 26
924 5263 1083 5327 diligentiam
1101 5270 1127 5314 ct
1144 5263 1194 5328 loq.
1207 5262 1233 5312 B
1345 5261 1379 5313 ‘28
1397 5264 1428 5313 de
1447 5260 1496 5327 his]
1515 5263 1634 5314 domisB
1750 5260 1924 5328 astrapaea

268 5363 324 5412 sup.
337 5347 382 5397 lia.
395 5346 421 5397 B
524 5346 559 5398 30
575 5349 710 5398 sublioatio
723 5346 757 5409 B,
774 5348 926 5414 supplicatio
943 5347 964 5396 V
1033 5349 1208 5400 fornicatiouis
1221 5348 1247 5398 B
1351 5346 1383 5399 31
1402 5351 1532 5400 excussuri
1546 5350 1571 5399 B
1641 5348 1807 5400 manifestetis
1823 5346 1925 5411 amirari,

269 5434 436 5485 mandarius
448 5433 482 5496 B,
499 5435 646 5485 manifestes
664 5434 739 5485 ceteri

372 5533 514 5602 [elruxll't
551 5536 655 5587 Codices
668 5545 773 5602 praescr
785 5537 811 5587 B
827 5554 913 5588 mauce
930 5537 977 5587 free
994 5539 1153 5602 epripramma
1176 5538 1229 5588 alio
1248 5539 1302 5588 loco
1324 5537 1452 5594 exhibeam
1473 5541 1507 5604 cf.
1525 5556 1552 5603 p.
1564 5543 1612 5589 120
1628 5546 1652 5589 et
1665 5542 1732 5599 3265
1749 5544 1831 5589 cenae
1847 5537 1924 5588 edem

267 5624 295 5674 in
313 5623 397 5675 codice
411 5623 515 5685 aldae,
532 5623 600 5674 riarde
612 5623 754 5675 Mensarum
770 5623 850 5674 edidit
864 5622 947 5675 CJJa.
968 5623 992 5672 V
1001 5624 1037 5688 (2)
1058 5644 1098 5675 ar.
1110 5629 1179 5677 6266
1265 5626 1423 5692 epitaphium
1440 5624 1464 5672 V

370 5714 510 5769 Extremus.
1682 5715 1717 5771 41
