4500 6232
371 316 431 378 152
796 310 892 366 CLXX
910 309 1034 378 (EPIS‘P.
1051 310 1077 373 4,
1094 311 1141 378 32)
1159 340 1192 349 -
1211 308 1338 365 CLXXII
1356 307 1478 375 (EPIST.
1497 309 1522 372 4,
1539 308 1594 378 34).

367 486 541 570 inquibus
565 493 616 548 est
639 484 821 548 affectionis
844 483 1014 570 pabulum,
1045 505 1109 547 non
1139 483 1310 548 ministrat.
1357 503 1446 546 error
1477 482 1573 546 otiosi
1604 488 1671 561 est,
1702 483 1729 545 si
1751 483 1835 547 bene
1868 491 2025 569 conperta

367 608 458 651 mens
491 609 551 673 per
584 587 715 667 linguae
750 587 849 651 ferias
885 587 1079 652 desideratis
1114 587 1311 652 adtenuatur
1344 587 1474 671 inpasta
1508 587 1700 670 conloquiis.
1755 586 1813 650 sed
1848 587 1933 650 sieut
1966 607 2025 650 nos

369 691 560 776 religionem
584 690 709 775 gratiae
735 691 845 754 lovere
870 691 1023 754 convenit
1045 692 1130 755 curis
1155 689 1375 754 saecularibus
1399 690 1442 753 nil
1467 687 1641 767 debentes,
1665 689 1726 759 ita,
1749 689 1809 752 nisi
1832 689 2024 774 magnitudo

369 801 480 858 vestra
508 794 655 879 partibus
683 794 750 857 suis
774 794 904 857 alluerit
933 796 1192 880 promulgatione
1223 795 1384 880 responsi,
1416 794 1576 857 damnatis
1600 795 1702 880 probe
1727 795 1814 858 laeta
1836 795 2023 860 reticendo:

337 896 445 983 3quia
475 898 503 960 si
535 898 691 961 tollantur
720 897 893 961 virtutibus
923 899 1084 982 praemia,
1120 919 1216 982 quem
1249 898 1417 962 laborasse
1449 918 1512 961 non
1546 896 1687 982 pudeat?
1740 919 1833 976 cece,
1867 905 2023 982 quantum
2089 918 2100 950 ³

370 1000 525 1073 aestimo,
557 1001 646 1063 brevi
677 1001 823 1064 clocutus
846 1010 1056 1084 utrorumque
1081 1001 1281 1086 propositum
1304 1000 1412 1064 animo
1436 1022 1509 1064 meo
1532 1001 1616 1063 male
1640 1022 1714 1064 esse
1740 1001 1906 1080 confiteor,
1940 1001 2025 1086 quod

369 1110 538 1167 remeante
562 1103 781 1182 Montanario,
813 1125 884 1167 cum
914 1102 1077 1169 dedissem
1108 1105 1260 1189 paginas,
1292 1125 1357 1168 non
1387 1103 1512 1189 recepi,
1541 1102 1627 1188 quod
1649 1103 1806 1168 ¹debitum
1829 1125 1928 1190 posco
1952 1105 2026 1188 lege

370 1207 512 1283 restitui,
546 1205 667 1292 pudore
699 1207 867 1291 geminari.
919 1228 1005 1271 nunc
1035 1208 1120 1287 vale,
1158 1208 1201 1270 mi
1231 1207 1377 1286 domine,
1414 1216 1448 1271 et
1476 1214 1618 1270 vestram
1650 1228 1825 1293 quaerens,
1859 1208 2026 1293 propriam

370 1311 525 1374 nuntians
550 1311 741 1395 sospitatem
765 1311 860 1374 deum
884 1332 1009 1396 precor,
1033 1319 1070 1375 ut
1092 1312 1119 1375 si
1142 1312 1207 1377 mei
1231 1332 1355 1377 memor
1377 1317 1438 1390 est,
1462 1332 1618 1396 prospera
1640 1317 1751 1376 vestra
1772 1311 1977 1397 multiplicet.

999 1599 1144 1668 CLXXI
1162 1602 1270 1683 (aaran.
1283 1605 1313 1681 4,
1330 1600 1396 1685 33).

957 1794 1194 1868 ENNODIVS
1221 1795 1441 1870 SENARIO.
2079 1826 2105 1863 ιο

490 1942 536 2037 Si
560 1993 650 2034 amor
673 1973 787 2057 pudori
813 1972 1049 2057 adquiesceret,
1073 1973 1097 2034 si
1122 1970 1266 2035 caritatis
1291 1971 1483 2055 inpatientia
1507 1973 1725 2037 verecundiae
1751 1973 1824 2057 lege
1849 1982 2026 2045 teneretur,

370 2076 619 2162 apaginalibus
644 2076 758 2139 ciliciis
788 2084 1003 2161 temperarem
1033 2084 1065 2140 et
1094 2076 1216 2140 silentii
1247 2076 1384 2140 sormam
1409 2078 1509 2140 vestri
1538 2077 1682 2141 imitator
1710 2077 1930 2154 adsumerem,
1962 2098 2025 2139 non

369 2180 560 2266 inprovidus
583 2180 773 2243 aestimator
796 2179 960 2242 coniciens
985 2179 1050 2249 illa,
1075 2179 1194 2263 quibus
1219 2179 1437 2243 remuneratio
1455 2201 1474 2242 a
1489 2181 1583 2243 vobis
1600 2179 1813 2253 subtrahitur,
1837 2201 1901 2242 non
1925 2180 2027 2243 amari

369 2305 430 2347 nec
455 2283 584 2348 suaderi
607 2283 735 2347 facilius
758 2282 953 2347 tabellarum
977 2282 1207 2346 abstinentiam
1232 2303 1328 2366 quani
1352 2282 1499 2353 tacendo,
1524 2285 1609 2346 viros
1632 2283 1855 2347 comitatensis
1879 2283 2027 2347 exercitii

339 2392 429 2473 2per
462 2388 593 2470 linguae
628 2387 727 2450 ferias
762 2386 902 2449 clamare
939 2385 1015 2469 quid
1051 2393 1214 2471 respuant.
1271 2385 1328 2448 scd
1363 2406 1426 2449 non
1460 2387 1506 2450 ita
1539 2393 1590 2449 est
1622 2386 1812 2470 magnitudo
1843 2393 1899 2449 tua
1932 2385 2027 2449 lineis
2082 2418 2105 2454 ις,

370 2490 530 2576 quadrata
558 2490 745 2562 fabrilibus,
778 2497 814 2553 ut
842 2489 990 2575 quolibet
1021 2494 1108 2552 tecta
1130 2489 1292 2552 velamine
1322 2490 1463 2580 amantis
1492 2489 1605 2553 oculos
1635 2490 1737 2574 possit
1764 2489 1925 2573 effugere,
1955 2490 2030 2575 quia

368 2595 438 2657 siue
462 2594 630 2658 obstaculo
655 2594 793 2657 restium
818 2592 1000 2676 penetralia
1024 2592 1157 2677 respicit
1181 2615 1273 2657 mens
1303 2593 1409 2657 amici.
1455 2615 1551 2657 nemo
1583 2594 1752 2673 aestimet,
1783 2592 1868 2678 quod
1898 2594 2030 2657 latentis

339 2697 497 2760 3interna
527 2697 653 2759 consilii
685 2704 765 2782 aput
795 2716 888 2758 caros
917 2695 1030 2759 aulicis
1066 2702 1205 2760 excocta
1244 2696 1431 2760 fornacibus
1468 2697 1552 2759 celet
1584 2695 1763 2759 urbanitas.
1813 2696 1886 2774 sed,
1921 2697 2030 2771 eredo,

371 2799 525 2883 querellis
549 2799 630 2863 meis
654 2798 734 2862 illud
758 2796 880 2862 ordinis
904 2800 1004 2862 vestri
1028 2807 1140 2885 aptum
1164 2800 1433 2864 excusationibus
1457 2822 1562 2883 genus
1587 2821 1750 2885 opponas:
1781 2822 1845 2863 non
1874 2808 1963 2864 recte
1987 2801 2028 2864 ab

371 2903 537 2987 occupatis
567 2903 744 2967 otiosorum
774 2905 883 2967 munia
909 2904 1085 2987 postulari,
1117 2904 1171 2966 vix
1200 2902 1239 2967 ad
1269 2902 1351 2966 haee
1382 2904 1490 2967 officia
1513 2926 1611 2989 posse
1636 2903 1837 2967 descendere
1862 2903 2028 2987 obsequiis
2082 2931 2107 2968 a·

370 3005 605 3090 principalibus
630 3006 858 3070 adhaerentes.
905 3005 1013 3069 audivi
1038 3005 1168 3090 quidem
1193 3028 1292 3091 saepe
1322 3007 1416 3084 talia,
1447 3006 1504 3071 sed
1528 3007 1687 3071 confiteor
1709 3029 1773 3071 non
1797 3008 1922 3092 recepi,
1955 3009 2032 3092 quia

371 3109 561 3193 frequenter
584 3109 800 3173 necessitates
824 3110 987 3174 desideria
1008 3107 1243 3172 transcendunt
1266 3116 1299 3174 et
1323 3109 1393 3172 sine
1418 3109 1658 3174 intermissione
1675 3112 1770 3175 timor
1786 3109 1873 3175 cedit
1888 3111 2029 3174 affectui.

344 3213 531 3276 lvoluntas
553 3213 586 3275 in
611 3211 706 3296 culpa
729 3218 789 3288 est,
814 3233 897 3297 quae
921 3213 1116 3276 concinnata
1132 3212 1345 3276 excusatione
1362 3211 1559 3278 defenditur.
1597 3236 1685 3294 ecce,
1710 3216 1752 3278 mi
1769 3213 1910 3292 domiuo,
1933 3235 2029 3299 quam

372 3337 492 3401 magna
515 3315 653 3390 doleam,
678 3335 752 3377 cum
774 3315 881 3378 olfieio
906 3315 1112 3379 salutationis
1136 3314 1279 3394 adserui,
1301 3316 1498 3401 perlatorem
1522 3315 1651 3402 utrique
1676 3338 1786 3381 carum
1810 3339 1868 3403 pro
1890 3317 1953 3382 fide
1971 3338 2031 3382 sua

372 3426 405 3482 et
435 3418 605 3483 nobilitate
640 3417 888 3496 commendans,
924 3426 961 3482 ut
994 3419 1153 3484 beneficio
1188 3420 1338 3484 culminis
1373 3419 1472 3484 vestri
1507 3419 1711 3486 inimicorum
1747 3421 1817 3486 eius
1852 3422 2029 3486 insolentia
2082 3447 2106 3486 as

371 3522 500 3588 technis
522 3523 590 3588 suis
613 3543 774 3609 oppressa
797 3522 979 3588 subiaceat.
1024 3523 1108 3587 vale.

341 1951 351 2009 l

989 3811 1155 3880 ctxm
1179 3813 1287 3900 (nuiss.
1304 3820 1335 3896 4,
1351 3814 1416 3901 34).

922 4007 1159 4082 ENNODIVS
1191 4009 1484 4084 HORMISDAE.

345 4183 357 4243 l
488 4156 678 4270 Postquam
696 4187 808 4250 votiva
831 4186 908 4249 mibi
932 4185 1114 4250 necessitas
1138 4190 1249 4249 vestra
1272 4184 1425 4249 benilicio
1449 4184 1668 4270 proximitatis
1692 4183 1842 4249 desiderii
1867 4184 2028 4270 spondere

373 4291 482 4376 coepit
505 4290 668 4365 effectum,
692 4290 801 4354 animo
825 4289 867 4354 ad
889 4288 1037 4375 longiora
1060 4288 1226 4353 transistis
1250 4294 1292 4368 et,
1316 4308 1389 4352 cum
1413 4289 1579 4373 Liguriam
1601 4309 1685 4374 pene
1709 4309 1806 4352 manu
1829 4288 2028 4372 contingitis,

372 4394 516 4479 linguam
547 4393 636 4459 seriis
666 4393 859 4479 deputastis.
904 4394 1010 4457 minus
1039 4394 1132 4457 licuit
1160 4392 1344 4472 absentiae,
1381 4392 1458 4457 dum
1490 4394 1696 4458 sanctitatem
1725 4399 1867 4458 vestram
1899 4392 2028 4478 prolixa
2080 4422 2106 4459 so

343 4498 499 4563 triamm
524 4497 697 4562 intervalla
725 4505 910 4562 tenuerunt.
956 4497 1118 4583 pensabat
1146 4495 1367 4561 confabulatio
1398 4495 1570 4582 dispendia
1593 4497 1727 4561 visionis
1756 4503 1789 4560 et
1816 4495 1848 4559 in
1877 4494 2030 4559 remediis

375 4602 506 4688 provisa
528 4600 718 4685 diligentiae
735 4601 916 4665 litteramm
933 4601 1126 4665 commercia
1142 4599 1404 4686 praestabantur,
1429 4623 1489 4686 per
1505 4622 1588 4685 quae
1604 4601 1711 4664 officia
1726 4600 1811 4663 inter
1825 4597 2029 4663 habitatione

477 4895 495 4947 2
511 4904 660 4949 attenuetur
674 4896 699 4945 V
798 4893 815 4946 3
833 4896 916 4962 gratia
928 4895 954 4945 B
1062 4892 1079 4947 4
1097 4896 1228 4948 &mustos
1239 4897 1264 4947 B
1369 4892 1385 4945 7
1402 4895 1481 4962 recipi
1494 4893 1519 4944 Β
1622 4892 1640 4943 8
1657 4894 1751 4960 pedore
1763 4891 1808 4943 B⁰
1911 4893 1929 4946 9
1946 4895 2031 4947 multi·

373 4983 452 5050 plieet
469 4983 527 5033 finit
539 4982 564 5032 B

478 5083 605 5152 [ccxxi]
647 5083 681 5137 12
702 5086 833 5137 silentium
854 5084 895 5134 Tu
977 5088 1083 5138 sormam
1106 5104 1155 5137 om.
1177 5086 1219 5137 VL
1227 5086 1294 5138 Tei>
1377 5086 1490 5138 imitatur
1506 5083 1531 5134 Β
1612 5099 1768 5135 assumerem
1787 5082 1812 5131 V
1938 5081 1971 5133 13
1994 5085 2032 5135 in-

373 5169 467 5239 prouid
480 5171 533 5235 VL,
551 5171 692 5238 improuide
704 5170 762 5222 OPb
823 5171 1006 5222 aestimaturB
1066 5173 1232 5224 subtrahetur
1244 5171 1269 5221 Β
1365 5169 1396 5223 lt
1413 5173 1469 5222 uim
1485 5169 1489 5233 1
1505 5167 1725 5222 comittatensisB
1823 5167 2033 5234 lliqucrllibetB

375 5259 454 5325 possit
471 5260 493 5320 lt
504 5275 560 5324 sup.
573 5257 630 5319 tm.)
644 5257 670 5308 Β
792 5255 824 5307 l‘l
844 5255 909 5323 sine]
923 5259 943 5308 si
957 5257 982 5307 B
1104 5258 1136 5310 18
1153 5260 1220 5327 apud
1240 5259 1263 5307 V
1346 5261 1473 5312 urbanitas
1490 5257 1516 5309 B
1636 5254 1668 5304 lll
1687 5256 1820 5322 quaerillis
1831 5255 1864 5319 B,
1886 5258 1997 5322 querelis
2013 5257 2037 5306 V

374 5341 410 5394 20
431 5345 560 5412 oocopatis
573 5343 598 5393 B
702 5343 851 5395 discendere
867 5343 892 5393 Β
1028 5343 1060 5394 21
1086 5345 1164 5412 recipi
1181 5344 1266 5396 BOPb
1404 5343 1438 5396 22
1461 5345 1620 5397 necessitatis
1637 5343 1662 5394 Β
1800 5340 1834 5393 23
1856 5344 1992 5397 wucinsta
2008 5344 2033 5396 Β

375 5426 409 5480 24
426 5431 524 5482 asserui
541 5429 564 5479 V
629 5447 676 5481 sus
693 5425 728 5494 et]
747 5429 836 5481 suauit
848 5428 893 5479 Β(ι
999 5429 1034 5481 25
1052 5432 1107 5483 eine
1120 5449 1168 5482 om.
1183 5431 1241 5483 Gl'b
1346 5429 1381 5481 26
1399 5433 1483 5497 tegnis
1495 5430 1580 5493 BVL,
1598 5431 1684 5497 regnis
1702 5430 1770 5482 ΊῸΡ

479 5527 619 5599 [CLXXII]
664 5529 699 5583 28
725 5532 844 5583 uotiuum
869 5529 915 5584 TO
1019 5532 1143 5585 beneficio
1161 5533 1186 5583 V
1322 5530 1357 5586 29
1374 5533 1457 5604 caepit
1476 5533 1602 5603 spondere
1618 5532 1697 5587 Siras
1841 5530 1877 5588 30
1896 5550 1992 5589 munus
2006 5534 2033 5590 Β

375 5615 549 5669 motitetem
562 5616 588 5669 B
690 5615 723 5670 31
741 5617 855 5671 remidiis
866 5615 892 5670 B
