4500 6232
893 283 928 338 Il.
955 282 1003 338 DE
1020 283 1209 340 CODICIBUS
1227 284 1376 341 ENNODI.
1889 291 1963 346 XLV

306 457 482 546 taphiorum
511 456 623 545 triplex
653 457 766 523 sonna:
800 464 936 522 attamen
972 479 1033 523 urm
1067 467 1265 545 potestesse
1293 482 1376 526 vera.
1426 483 1498 527 nam
1526 463 1553 527 si
1581 463 1651 550 quis
1680 461 1795 529 dixerit
1821 465 1852 529 in
1878 463 1965 529 codi-

306 564 395 629 cihus
418 562 614 629 Ennodianis
637 586 704 629 eam
727 562 875 628 traditam
898 585 966 627 csse
987 563 1133 644 somnam,
1160 587 1223 651 qua
1249 566 1351 652 primo
1377 567 1538 654 epitaphia
1559 569 1769 656 composuerit
1789 567 1964 646 Enuodius,

306 677 415 754 postea
442 667 518 732 haec
540 667 580 732 ab
610 668 680 754 ipso
704 667 866 731 immutata
888 675 920 730 et
942 665 1107 731 emendata
1128 666 1300 754 lapidibus,
1329 668 1410 734 unde
1437 672 1604 757 sumpserit
1626 672 1785 751 Aleiatus,
1808 670 1965 758 insculpta

306 795 388 852 esse,
417 772 443 836 is
465 794 502 836 ca
524 795 557 835 rc
579 771 742 849 rehrtatur,
770 769 856 857 quod
877 771 986 834 relatio
1014 772 1044 835 in
1072 771 1160 836 libris
1184 772 1380 838 Euuodiauis
1409 784 1532 839 serrata
1559 783 1720 862 tantopere.
1749 784 1901 861 pmestat,
1929 785 1964 838 ut

307 877 431 962 ingenio
459 874 586 939 Enuodi
615 875 705 938 unice
735 873 938 939 accomodata
965 875 1015 938 sit„
1070 874 1147 961 quid
1175 876 1289 961 igitur?
1338 879 1483 942 mentitus
1517 886 1567 942 est
1599 877 1744 943 Alciatus
1773 878 1963 943 contendens

305 980 365 1044 sibi
388 980 549 1044 etiamtum
573 987 696 1065 praesto
719 978 816 1043 fuisse
842 978 1001 1065 epitaphia
1027 978 1180 1066 quaedam
1207 981 1238 1044 in
1265 981 1424 1067 lapidibus
1453 982 1571 1046 incisa?
1615 992 1708 1068 negat
1736 982 1962 1062 Mommsenus,

305 1095 336 1149 et
358 1106 449 1170 quem
474 1083 525 1147 ille
548 1082 641 1148 iudex
664 1082 872 1170 peritissimus
896 1105 957 1147 nou
981 1081 1157 1162 damnavit,
1180 1084 1247 1171 ipse
1269 1084 1416 1149 damnare
1439 1107 1560 1165 vereor,
1582 1085 1763 1173 praesertim
1787 1107 1857 1149 cum
1881 1083 1962 1149 idem

305 1211 342 1252 ex
378 1188 426 1252 his
458 1188 611 1273 angustiis
641 1188 760 1252 exit-um
793 1187 973 1272 patefecerit
1007 1186 1083 1252 haec
1119 1187 1273 1253 disserens
1305 1189 1335 1270 (l.
1358 1212 1383 1254 c.
1413 1213 1442 1275 p.
1467 1192 1556 1270 a2tlz
1590 1189 1653 1268 ,ubi
1686 1189 1829 1255 Alciatus
1863 1188 1963 1273 legere

305 1293 425 1378 nequit,
456 1314 548 1378 saepe
570 1289 709 1370 divinat,
739 1290 843 1354 hiatus
866 1300 968 1355 autem
992 1314 1054 1355 non
1084 1301 1148 1356 tam
1171 1293 1275 1379 explet
1302 1293 1478 1358 coniectura
1499 1315 1593 1379 qrram
1616 1292 1697 1357 celat
1716 1302 1750 1357 et
1770 1292 1876 1378 aliqua
1897 1300 1963 1357 arte

304 1394 486 1461 abscondit‘.
531 1404 665 1460 ceterum
688 1394 728 1459 ab
752 1393 878 1458 Alciato
900 1403 931 1458 et
952 1393 1104 1473 Fontana,
1126 1417 1205 1480 qaros
1229 1396 1296 1460 sive
1319 1397 1498 1460 marmoreis
1522 1397 1590 1461 sive
1612 1396 1855 1461 membranaceis
1877 1395 1963 1458 testi·

304 1500 417 1565 moniis
440 1521 513 1563 usos
536 1520 574 1562 ex
598 1497 737 1562 fontibus
752 1497 976 1563 turbidissimis
1000 1520 1057 1563 sua
1076 1497 1218 1563 hausisse
1241 1521 1331 1563 nemo
1355 1498 1487 1583 negabit,
1510 1498 1551 1563 ad
1566 1499 1703 1564 carmIna
1717 1498 1843 1564 Eunodi
1860 1521 1963 1562 cmcu·

304 1602 408 1668 danda
430 1603 479 1667 rel
502 1600 542 1666 ad
566 1600 710 1665 codicum
732 1601 948 1666 auctoritatem
965 1600 1197 1688 ponderandam
1221 1602 1298 1666 nihil
1321 1601 1515 1689 suppeditari
1544 1625 1614 1667 curu
1637 1625 1674 1665 cx
1697 1602 1819 1667 Harteli
1842 1601 1901 1666 bac
1923 1601 1962 1665 dc

303 1729 336 1771 re
357 1706 569 1793 disputatione
596 1703 678 1787 (edis
694 1703 819 1768 Ennod.
843 1729 873 1790 p.
888 1705 1216 1788 xxrv-xxvlu
1240 1715 1305 1771 tum
1328 1728 1367 1769 cx
1384 1706 1480 1770 variis
1503 1705 1697 1785 lectionibus,
1719 1728 1797 1791 quas
1820 1728 1878 1770 suo
1892 1705 1961 1770 loeo

303 1833 340 1874 cx
365 1810 489 1874 Alciato
511 1818 541 1873 et
564 1809 710 1873 Fontana
732 1807 961 1888 adnotavimus,
984 1809 1087 1895 quiris
1111 1809 1170 1874 sibi
1194 1808 1401 1895 persuadebit.

406 1947 524 2014 Contra
546 1970 582 2012 ea
597 1945 780 2032 neglegendi
803 1970 864 2011 non
887 1957 961 2011 sunt
982 1947 1054 2012 libri
1072 1948 1187 2013 Isidori
1203 1948 1388 2014 Mercatoris
1410 1948 1493 2013 illius
1516 1949 1643 2028 falsarii,
1665 1949 1717 2035 qui
1738 1947 1779 2012 ad
1794 1945 1960 2012 decretales

305 2051 466 2138 fingendas
489 2074 612 2116 summo
635 2050 741 2116 studio
756 2051 881 2116 Eunodi
905 2075 1000 2140 opera
1021 2053 1212 2140 compilavit.
1246 2077 1318 2118 nam
1342 2076 1404 2117 non
1420 2053 1521 2118 solum
1538 2052 1681 2141 plurimis
1696 2051 1774 2116 locis
1791 2051 1960 2116 sententias

303 2155 508 2222 Ennodiauas
531 2164 562 2219 et
583 2177 636 2219 eas
658 2177 751 2242 saepe
773 2155 973 2241 longissimas
997 2156 1135 2237 inseruit,
1157 2180 1288 2244 quarum
1312 2157 1462 2242 originem
1486 2156 1636 2242 singulari
1660 2153 1795 2243 quadam
1818 2152 1961 2218 doctriua

302 2261 362 2327 iam
385 2258 494 2325 David
515 2258 699 2324 Bloudellus
723 2258 1017 2340 (Pseudolsidorus
1040 2271 1072 2325 ct
1093 2261 1265 2325 Turriauus
1289 2260 1473 2347 vapulantes
1497 2260 1645 2326 Genevae
1669 2261 1762 2339 1628)
1790 2256 1960 2342 indagavit,

301 2364 357 2430 sed
383 2364 476 2428 etiam
507 2364 586 2428 iuter
612 2361 792 2448 Symmachi
820 2385 920 2448 papae
948 2361 1070 2428 decreta
1100 2364 1160 2428 tria
1187 2363 1338 2450 opuscula
1369 2363 1548 2445 (XLVIII,
1576 2361 1771 2440 CLXXIV,
1800 2359 1959 2437 CCXIV)

301 2477 366 2533 tota
388 2467 511 2554 recepit
548 2487 737 2552 quamquam
753 2466 835 2529 eninr
858 2464 897 2529 de
912 2465 1022 2530 frande
1044 2465 1136 2530 hodie
1159 2477 1291 2546 constat,
1313 2477 1415 2531 tamen
1431 2465 1584 2553 quidquid
1608 2489 1646 2531 ex
1662 2464 1788 2531 Ennodi
1812 2463 1959 2551 operibus

300 2572 331 2637 iu
347 2571 415 2636 illas
433 2568 612 2648 decretales
634 2568 751 2655 quippe
766 2591 845 2654 quac
867 2569 949 2633 circa
964 2592 990 2633 a.
1011 2573 1074 2636 850
1090 2571 1247 2635 confectae
1263 2570 1312 2635 vel
1328 2570 1475 2635 collectae
1492 2570 1568 2649 sint,
1591 2569 1734 2648 defluxit,
1757 2567 1797 2633 ad
1820 2566 1958 2632 codicem

299 2674 423 2740 saeculo
445 2673 499 2738 IX
527 2674 651 2738 ineunte
674 2673 723 2737 vel
746 2672 833 2758 prius
856 2673 1008 2759 scriptum
1031 2673 1240 2739 revocandum
1263 2697 1331 2739 esse
1355 2675 1385 2739 iu
1416 2684 1563 2762 promptu
1591 2683 1646 2738 est.
1696 2671 1751 2737 sed
1780 2671 1878 2736 codex
1907 2671 1959 2736 ille

301 2776 437 2856 Eunoni,
459 2777 512 2863 qui
530 2774 796 2842 Pseudo-Isidoro
818 2775 858 2840 ad
881 2800 991 2841 manus
1011 2777 1078 2856 fuit,
1102 2777 1173 2841 licet
1194 2778 1390 2843 Bnrxellensi
1414 2779 1507 2843 fuerit
1529 2786 1629 2843 aetate
1651 2786 1705 2842 aut
1719 2799 1777 2863 par
1791 2784 1845 2841 aut
1866 2797 1959 2862 supe-

301 2883 371 2963 rior,
393 2905 432 2946 nc
454 2881 520 2946 cius
536 2878 662 2967 quidem
678 2878 863 2944 lectiouibus
880 2879 979 2945 codici
995 2880 1192 2946 Bruxelleusi
1214 2883 1338 2967 egregio
1352 2883 1488 2969 palmam
1505 2890 1700 2969 praereptam
1715 2902 1784 2945 esse
1798 2878 1959 2966 exemplis,

300 3010 379 3074 quae
401 3008 496 3073 supra
518 2990 558 3072 (p.
574 2983 656 3063 XII)
679 2983 876 3069 collegimus,
904 2986 1132 3072 compmbatur.
1182 2987 1278 3051 immo
1299 2986 1453 3073 quidquid
1476 3011 1515 3051 ex
1543 2983 1690 3050 Enuodio
1723 2984 1754 3046 in
1789 2981 1957 3048 decretales

300 3090 493 3156 Isidorianas
517 3089 646 3153 inlatum
670 3097 725 3165 est,
748 3086 839 3151 drmit
860 3109 898 3151 ex
921 3087 1089 3174 archetppo
1112 3087 1272 3154 deterioris
1295 3089 1420 3168 classis,
1449 3090 1537 3154 cuius
1561 3096 1655 3174 caput
1682 3108 1764 3149 nunc
1786 3095 1833 3149 est
1851 3084 1958 3167 Vtati·

299 3217 396 3261 cantas
419 3196 523 3272 3803).
568 3214 628 3255 rum
651 3213 725 3275 ergo
756 3190 888 3269 utilitas,
917 3214 1011 3276 quam
1043 3215 1080 3256 ex
1104 3192 1219 3257 Isidori
1250 3193 1338 3257 libris
1368 3192 1409 3257 ad
1431 3192 1512 3256 hanc
1540 3189 1750 3276 quaestionem
1779 3198 1957 3252 convertere

299 3321 476 3388 possumus,
491 3296 567 3361 haec
581 3291 739 3379 estquod,
754 3294 900 3379 quoniam
916 3293 1084 3360 decretales
1100 3294 1294 3361 Isidoriauae
1309 3307 1380 3361 ante
1397 3294 1535 3359 codicem
1548 3292 1584 3359 V
1600 3293 1732 3379 scriptae
1748 3301 1829 3370 sunt,
1851 3313 1957 3355 earum

299 3403 416 3469 auxilio
437 3399 596 3487 exemplar
619 3397 745 3462 alterius
772 3395 914 3461 codicum
938 3399 1074 3464 familiae
1101 3401 1259 3487 antiquius
1275 3400 1469 3487 aliquatenus
1493 3399 1638 3483 cognosci
1662 3406 1773 3484 potest.
1810 3406 1857 3459 est
1874 3396 1955 3460 cuim

300 3512 331 3575 in
355 3516 500 3596 promptu
523 3526 576 3568 eos
600 3501 698 3581 locos,
725 3500 778 3565 ubi
802 3500 899 3565 codex
924 3502 1004 3566 Bet
1028 3503 1097 3567 libri
1122 3503 1290 3569 Isidoriani
1314 3505 1393 3568 inter
1415 3526 1448 3567 sc
1475 3502 1702 3566 consentientes
1730 3498 1954 3564 dissentiauta

298 3612 404 3679 codice
427 3609 472 3689 V,
494 3633 513 3673 a
540 3606 667 3671 librario
689 3604 875 3669 lectionibus
898 3605 1056 3693 archetypi
1080 3609 1266 3695 contemptis
1295 3630 1352 3671 sno
1379 3607 1529 3671 arbitratu
1557 3607 1588 3668 in
1614 3604 1647 3669 V
1670 3626 1738 3669 esse
1759 3603 1955 3668 immutatos:

297 3744 328 3807 p.
343 3719 423 3795 sal
453 3713 524 3778 libri
555 3708 733 3775 Eunodiani
767 3710 916 3794 praebent
943 3711 1132 3791 loprnar'tctc
1159 3720 1278 3797 practer
1307 3711 1350 3791 B,
1379 3711 1409 3774 iu
1439 3733 1501 3796 quo
1532 3719 1564 3772 ut
1593 3709 1624 3771 in
1651 3707 1740 3771 libris
1771 3705 1954 3770 Isidoriauis

297 3818 485 3908 quibusdam
513 3816 625 3901 legitur
651 3813 829 3879 cruciatu:
864 3836 943 3900 quae
976 3837 1123 3900 perversa
1153 3815 1307 3901 scriptura
1336 3814 1428 3879 etiam
1458 3814 1490 3877 iu
1517 3811 1552 3876 V
1581 3811 1680 3898 prima
1710 3831 1803 3873 manu
1832 3817 1975 3896 recepta,

297 3935 370 3990 erat.
393 3962 430 3970 —
457 3945 487 4010 p.
503 3922 586 3999 sm
609 3918 810 4044 cxhibeutmct
831 3917 859 3980 B
886 3927 916 3980 ct
938 3916 1009 3981 libri
1033 3916 1148 3982 Isidori
1172 3928 1267 3983 recte:
1296 3918 1497 3998 rrrtrnisrstnm
1525 3937 1595 3978 mana
1626 3933 1751 3977 rnamrc
1779 3934 1953 3990 (scamarum,

302 4045 333 4110 V
356 4043 493 4131 praebet:
522 4041 724 4120 rrurrtiscstnm
746 4060 818 4104 carru
846 4059 972 4102 ›rrancrr
999 4060 1165 4102 cansarum
1192 4050 1283 4124 atquc
1314 4038 1385 4102 iude
1407 4036 1498 4100 ceteri
1528 4033 1655 4100 Ennodi
1687 4032 1823 4099 codices:
1853 4035 1954 4098 111111ιί-

295 4149 409 4229 sestam
433 4147 466 4210 in
488 4168 559 4209 mun
581 4165 706 4207 rruaamc
729 4163 903 4206 camerarum.

401 4337 588 4424 Perquisitis
612 4337 706 4422 igitur
728 4335 829 4413 libris,
856 4333 969 4420 quibus
997 4332 1123 4397 Ennodi
1151 4355 1244 4419 opera
1268 4330 1427 4418 usquead
1450 4331 1530 4396 hanc
1559 4340 1690 4394 aetatem
1721 4337 1846 4394 serrata
1872 4336 1954 4407 sunt,

299 4443 511 4530 quaestionem
540 4441 580 4505 de
609 4439 777 4526 archetypo
805 4462 899 4525 supra
928 4438 1120 4524 propositam
1149 4445 1331 4523 repetamus.
1375 4435 1537 4520 explorato
1567 4445 1669 4499 autem
1698 4454 1805 4498 omues
1827 4429 1953 4495 medi

299 4547 422 4612 crxllccs
445 4545 477 4609 in
500 4543 578 4609 duas
601 4553 705 4631 partes
728 4541 961 4606 distribuendos
984 4564 1066 4618 esse,
1094 4563 1226 4626 quarum
1249 4539 1344 4604 altem
1367 4560 1429 4601 uno
1452 4537 1585 4602 efficitur
1606 4535 1713 4600 codice
1735 4536 1772 4614 Β,
1795 4534 1892 4599 altera
1908 4534 1954 4612 V,

296 4660 467 4716 mmmmm
491 4647 629 4712 omnium
652 4647 768 4733 rapite,
797 4645 828 4709 id
852 4646 1051 4731 potissimum
1081 4641 1303 4730 exquirendum
1326 4653 1388 4719 cst,
1416 4665 1478 4727 quo
1507 4640 1748 4727 propinquitatis
1773 4638 1898 4704 rinculo
1920 4638 1952 4703 bi

295 4755 366 4819 libri
390 4776 461 4819 cum
484 4751 653 4837 archetypo
676 4750 832 4815 coniuncti
856 4750 928 4813 siut.
979 4758 1071 4833 atque
1099 4770 1135 4810 cx
1159 4747 1218 4825 cis,
1247 4768 1325 4831 quac
1347 4743 1442 4809 modo
1464 4743 1502 4808 de
1531 4743 1737 4808 decretalibus
1767 4742 1953 4807 Isidorianis

294 4830 508 4946 cxphsuimus,
532 4866 661 4943 apparet
685 4852 984 4918 Pseudo-Isidorum
1009 4852 1070 4916 lam
1094 4852 1175 4914 circa
1198 4872 1312 4914 aunum
1329 4851 1392 4916 850
1415 4847 1583 4934 exemplari
1608 4870 1679 4911 cunr
1702 4844 1808 4910 codice
1831 4846 1876 4925 V,
1898 4846 1950 4932 qui

294 4973 423 5028 excunte
445 4960 570 5025 demum
593 4982 677 5023 nouo
700 4958 824 5023 saeculo
840 4958 975 5043 scriptus
998 4966 1054 5034 est,
1077 4955 1232 5020 artissime
1255 4962 1386 5038 cognato
1410 4975 1501 5016 usum
1516 4974 1598 5016 esse:
1621 4973 1696 5035 ergo
1718 4948 1816 5013 codex
1832 4949 1867 5014 V
1889 4971 1951 5011 nou

294 5089 331 5131 ex
357 5068 427 5154 ipso
450 5064 605 5131 communi
630 5063 768 5127 omnium
792 5063 942 5126 librorum
965 5059 1133 5146 archetypo
1157 5057 1330 5145 descriptus
1358 5079 1427 5120 esse
1449 5065 1560 5143 potest.
1603 5053 1643 5117 dc
1670 5051 1777 5117 codiee
1798 5052 1827 5115 B
1850 5060 1951 5115 autem

294 5173 370 5237 haec
385 5168 582 5236 observanda
604 5178 691 5233 suut:
714 5167 807 5231 huius
822 5165 894 5230 libri
913 5166 988 5229 folia
1008 5166 1186 5242 las—167,
1208 5163 1322 5248 quibus
1344 5160 1470 5226 Ennodi
1494 5182 1587 5248 opera
1611 5159 1641 5222 in
1664 5157 1774 5221 ceteris
1793 5152 1952 5220 codicibus

294 5275 410 5339 onrissa
440 5269 866 5357 (ccoxul-CCOLXH)
899 5270 1110 5346 eontinentur,
1139 5267 1293 5352 integrum
1324 5264 1397 5329 olim
1427 5263 1593 5328 effecerunt
1625 5259 1872 5347 quaternionenu
1906 5259 1951 5321 sic

293 5374 375 5444 eninr
397 5378 477 5444 iuter
499 5400 533 5442 se
554 5375 774 5440 cohaerebant:
