4500 6232
427 268 450 320 11
947 271 966 325 I.
994 270 1041 325 DF.
1059 269 1147 326 Vl'l'h
1165 268 1212 326 ΕΤ
1232 271 1392 328 SCRIPTIS
1411 271 1561 330 ENNODI.

424 441 540 519 ,statim
563 440 595 504 in
619 441 708 505 initio
731 443 930 527 pontificatus
953 446 1046 525 (anno
1069 447 1445 532 499)55555155)592)
1469 445 1634 510 schismate
1658 452 1816 510 renovato‘
1839 445 1910 510 illae
1932 446 2080 530 pecuniae

426 543 615 630 Symmacho
645 543 779 610 creditae
806 546 878 611 sint
922 556 1070 627 cetemm,
1099 559 1134 613 ut
1160 549 1221 614 hoe
1249 572 1373 636 quoque
1402 549 1533 629 addam,
1563 549 1769 636 Symmachus
1800 573 1862 613 non
1888 549 1959 635 plus
1987 550 2079 612 semel

426 647 610 714 Ravennam
637 650 791 735 pervenit;
817 672 892 715 nam
918 673 989 716 cum
1012 674 1094 717 anno
1117 656 1179 720 502
1203 654 1314 717 itemm
1341 652 1575 718 aTheoderico
1598 654 1631 716 in
1653 652 1802 717 iudicium
1831 662 1962 717 vocatus
1993 662 2081 732 esset,

426 752 562 816 Arimini
585 753 754 818 subsistere
775 763 824 818 eet
845 755 959 820 iussus.
1003 765 1113 821 centra
1133 757 1210 822 nihil
1233 759 1309 822 certi
1336 757 1377 822 ad
1399 768 1522 844 tempus
1553 755 1760 822 definiendum
1787 767 1891 844 petere
1912 778 2080 844 possumus

425 854 499 920 hino
515 861 555 942 (p.
573 859 644 937 183,
656 860 700 938 8);
722 856 853 937 ,dudum
874 857 949 923 dum
965 860 1055 926 nobis
1071 871 1172 926 metus
1194 862 1325 927 instaret
1339 871 1371 926 et
1391 860 1431 926 de
1446 860 1610 926 clementia
1623 861 1669 947 pii
1684 861 1765 946 regis
1781 860 1878 925 dubio
1900 863 2082 926 meritorum

426 959 641 1025 aestimatione
664 961 867 1047 penderemus
894 963 1025 1043 incerto,
1056 965 1193 1030 caballos
1227 966 1392 1050 [,eamelos‘
1413 966 1495 1051 libri]
1529 975 1578 1030 tot
1603 964 1724 1030 dandos
1752 963 1868 1029 domno
1897 987 1997 1052 papae
2026 966 2080 1030 tali

426 1063 616 1128 reverentiae
638 1064 820 1131 condicione
842 1066 1044 1147 tradidimus,
1066 1079 1102 1133 ut
1123 1070 1152 1133 si
1174 1070 1265 1134 nobis
1288 1071 1436 1135 animalia
1458 1071 1527 1157 ipsa
1549 1093 1611 1134 non
1634 1079 1739 1134 essent
1760 1064 1942 1148 necessaria,
1965 1070 2081 1133 iustum

426 1188 484 1253 pro
516 1167 594 1254 ipsis
625 1170 761 1255 pretium
786 1172 977 1236 mitteretrm.
1027 1173 1087 1238 hoc
1118 1174 1277 1260 negotium
1303 1197 1403 1261 neque
1431 1175 1573 1240 illicitum
1602 1198 1702 1261 neque
1730 1173 1956 1239 clandestinum
1985 1172 2081 1237 fuisse

427 1269 499 1334 inde
527 1272 727 1358 intellegitur,
755 1273 840 1360 quod
868 1275 1034 1341 Ennodius
1071 1275 1210 1343 debitum
1245 1279 1413 1344 instantius
1442 1280 1584 1366 exposcit
1618 1289 1711 1366 atque
1737 1280 1832 1344 etiam
1857 1278 1948 1342 tectis
1978 1277 2081 1342 verbis

426 1380 468 1464 (p.
481 1380 552 1457 183,
565 1381 594 1458 7)
616 1379 721 1464 legum
744 1389 860 1445 metum
883 1381 1024 1447 intentat.

532 1482 659 1562 Quibus
693 1484 785 1548 rebus
816 1485 990 1572 explanatis
1020 1508 1117 1550 unum
1150 1495 1260 1566 restat,
1300 1496 1333 1550 ut
1361 1486 1589 1551 demonstretur
1615 1486 1795 1551 Ennodium
1824 1487 1885 1551 iam
1914 1489 2082 1552 5555499

428 1587 459 1650 in
482 1586 613 1651 ecclesia
634 1586 862 1667 Mediolanensi
886 1598 1072 1674 occupatum
1099 1611 1175 1654 esse.
1219 1589 1320 1654 fuitne
1343 1591 1395 1655 ille
1417 1592 1598 1677 episcopus,
1620 1590 1674 1677 qui
1697 1589 1876 1655 Ennodium
1901 1612 2082 1676 sponsorem

427 1711 509 1755 anno
531 1693 595 1757 499
618 1702 786 1778 acceperat,
809 1715 842 1756 re
864 1715 939 1758 vera
960 1694 1149 1758 lamentins
1172 1694 1439 1760 Mediolanensis?
1471 1695 1514 1759 nil
1537 1695 1660 1759 certius.
1697 1717 1770 1759 nam
1793 1716 1900 1758 omnes
1922 1693 2083 1779 epistulae,

427 1816 507 1880 quae
529 1803 604 1858 sunt
625 1793 664 1858 de
679 1796 812 1881 pecunia
833 1796 888 1861 illa
902 1796 1078 1884 repetenda,
1100 1798 1235 1885 scriptae
1249 1808 1331 1878 sunt,
1354 1808 1519 1886 postquam
1543 1798 1620 1863 deus
1643 1799 1829 1878 ,communia
1844 1798 1926 1862 circa
1941 1807 2083 1862 sanctum

427 1920 542 1984 papam
570 1905 646 1962 vota
672 1901 819 1984 respexit‘
847 1910 887 1987 (p.
911 1904 962 1980 83,
980 1904 1033 1981 26)
1060 1903 1079 1966 i.
1098 1925 1124 1967 e.
1153 1903 1236 1967 eirca
1257 1925 1371 1968 annum
1396 1906 1474 1982 596,
1502 1925 1573 1967 cum
1602 1903 1772 1967 laurentio
1801 1901 1963 1988 antipapa,
1991 1923 2084 1986 quem

428 2023 525 2087 supra
547 2000 698 2081 diximus,
727 2003 831 2068 Roma
853 2006 984 2091 expulso
1012 2004 1262 2072 adversariorum
1290 2007 1443 2072 tumultus
1466 2008 1688 2072 conticuerunt.
1731 2007 1791 2071 hoc
1820 2014 1923 2069 autem
1945 2014 2085 2091 tempore

428 2101 610 2168 Ennodium
633 2103 800 2170 diaconum
823 2108 973 2172 Laurenti
1000 2110 1140 2195 episcopi
1167 2109 1415 2175 Mediolanensis
1437 2110 1535 2175 fnisse
1557 2118 1688 2175 constat.
1732 2131 1805 2194 ergo
1828 2110 1974 2195 quoniam
2002 2107 2083 2173 idem

428 2207 481 2272 ille
496 2207 671 2293 episeopus,
694 2207 748 2293 qui
764 2231 846 2272 anno
862 2212 925 2275 499
947 2208 1097 2274 12555615
1112 2209 1285 2296 spondente
1300 2233 1400 2298 papae
1414 2213 1479 2278 499
1494 2209 1612 2276 solidos
1628 2221 1754 2275 mutuos
1770 2209 1905 2290 dederat,
1927 2215 2084 2279 5555596

429 2335 485 2400 per
506 2311 638 2377 eundem
661 2310 842 2376 Ennodium
865 2322 900 2377 ut
921 2335 973 2377 aes
996 2313 1131 2377 alienum
1154 2314 1289 2379 solveret
1315 2336 1429 2401 papam
1452 2314 1627 2393 admonuit,
1649 2313 1895 2379 demonstratum
1917 2323 1979 2392 est,
2001 2313 2084 2400 quod

429 2414 705 2482 demonstrandum
727 2425 808 2494 erat,
836 2415 1017 2480 Ennodium
1040 2417 1102 2480 iam
1127 2438 1209 2482 anno
1231 2419 1294 2483 499
1325 2418 1373 2481 vel
1396 2418 1502 2502 potius
1531 2427 1602 2481 ante
1624 2417 1707 2481 hunc
1729 2441 1845 2483 annum
1868 2420 1901 2483 in
1922 2440 2084 2483 numerum

429 2519 711 2585 Mediolanensium
740 2519 922 2583 elericomm
951 2517 1105 2583 adscitum
1133 2540 1210 2583 esse.
1254 2517 1310 2582 sed
1336 2541 1446 2605 parum
1473 2519 1583 2604 liquet,
1618 2542 1692 2582 num
1719 2520 1747 2583 ei
1776 2521 1838 2585 iam
1867 2530 1934 2584 tum
1962 2519 2084 2584 diaconi

429 2623 565 2710 dignitas
587 2622 688 2687 fuerit
724 2644 781 2708 per
801 2630 934 2686 aetatem
956 2630 1038 2686 certe
1059 2621 1161 2700 licuit,
1183 2644 1254 2686 cmn
1283 2644 1366 2686 anno
1388 2625 1451 2690 499
1475 2622 1657 2686 vicesimum
1679 2622 1822 2707 quintum
1845 2647 1961 2689 annum
1983 2633 2085 2709 ageret

429 2737 484 2792 aut
505 2727 569 2791 iarn
591 2734 769 2812 superasset
790 2724 922 2807 (Concil.
938 2724 1044 2790 Carth.
1067 2724 1124 2789 III
1145 2727 1169 2796 4
1188 2725 1306 2790 Arelat.
1328 2725 1384 2789 ΙΠ
1408 2728 1423 2790 1
1449 2728 1516 2803 etc.)
1539 2734 1632 2811 atque
1654 2747 1690 2790 ea
1712 2748 1754 2805 re,
1775 2726 1861 2812 quod
1882 2729 2007 2813 negotia
2029 2749 2086 2813 pro

430 2832 578 2918 episcopo
607 2830 800 2916 procuravit,
827 2830 1023 2918 comprobari
1051 2827 1185 2894 videtur.
1228 2839 1331 2894 tamen
1357 2827 1547 2894 mouendum
1568 2839 1617 2893 est
1643 2839 1715 2894 ante
1741 2853 1857 2894 annum
1879 2833 1942 2897 592
1970 2838 2086 2894 certum

430 2942 646 3019 argumentum
669 2932 786 2997 deesse.
830 2932 951 3019 synode
973 2932 1135 2998 Romanae
1157 2933 1230 2996 anni
1252 2935 1315 3000 502
1338 2931 1519 2997 Ennodium
1538 2930 1661 2996 diaconi
1684 2955 1810 2997 munere
1831 2932 1971 2996 functum
1995 2933 2088 2996 intes

430 3038 527 3103 fuisse
549 3038 617 3124 ipse
638 3038 726 3103 testis
749 3047 798 3101 est
820 3061 850 3124 p.
865 3041 894 3116 4,
906 3041 957 3104 26.
1001 3059 1101 3122 neque
1123 3036 1222 3101 mrdto
1245 3044 1337 3101 antea
1352 3035 1550 3101 diaconatum
1573 3036 1600 3099 ei
1625 3036 1775 3121 obtigisse
1796 3035 1877 3101 hanc
1897 3035 1938 3100 ob
1960 3057 2086 3098 causam

431 3140 615 3207 concludere
645 3140 806 3220 debemus,
835 3139 920 3226 quod
948 3162 982 3204 se
1011 3150 1079 3204 tum
1111 3141 1151 3219 ,in
1176 3138 1294 3204 ordinis
1324 3148 1356 3203 et
1383 3139 1485 3202 meriti
1516 3139 1719 3203 constitutum
1748 3139 1888 3204 infantia‘
1914 3159 1982 3202 esse
2010 3136 2087 3201 dicit

430 3253 471 3332 (p.
485 3249 564 3324 5,1).
595 3246 814 3332 quiapropter
835 3266 966 3330 eaquae
987 3244 1137 3308 continuo
1160 3251 1341 3329 sequuntur,
1363 3243 1540 3307 coniectura
1562 3241 1601 3307 ad
1625 3243 1786 3308 veritatem
1808 3242 1933 3307 videtur
1955 3264 2088 3328 propen-

430 3350 503 3428 sior,
518 3348 698 3414 Ennodium
715 3358 782 3413 tum
797 3348 932 3428 demum,
953 3347 1028 3435 quia
1042 3348 1075 3411 in
1090 3348 1153 3412 illis
1171 3338 1452 3413 concertationibus
1468 3346 1585 3433 optime
1603 3346 1643 3411 de
1658 3345 1846 3432 Symmacho
1861 3370 1944 3433 papa
1959 3346 2087 3409 meritus

431 3461 488 3531 est,
510 3452 551 3518 ad
573 3451 756 3539 dignitatem
779 3452 904 3518 diaconi
927 3451 1112 3539 perductum
1135 3474 1203 3517 esse
1210 3476 1218 3530 3
1241 3452 1421 3538 praesertim
1445 3473 1515 3514 eum
1538 3451 1601 3516 illis
1616 3450 1722 3515 verbis
1737 3452 1778 3536 (p.
1796 3453 1909 3530 15,13)
1931 3453 2085 3516 5555591

433 3557 482 3621 vel
505 3559 568 3624 502
591 3557 731 3643 scriptis:
754 3556 886 3636 ,confido
907 3556 1002 3621 etiam
1025 3579 1074 3621 me
1097 3555 1137 3620 ad
1160 3565 1284 3642 optatae
1307 3555 1429 3642 copiam
1451 3555 1569 3640 gratiam
1591 3560 1821 3640 perventurum‘
1843 3555 1896 3618 vix
1919 3552 2089 3639 quidquam

433 3660 518 3725 aliud
541 3661 601 3724 nisi
624 3659 808 3725 diaconatus
830 3659 980 3725 declarari
1003 3660 1113 3747 possit.

330 3773 334 3782 ’
378 3785 420 3815 nus
536 3763 649 3850 Itaque
677 3764 703 3828 si
731 3787 792 3828 nou
821 3763 924 3849 prius,
954 3772 1036 3827 certe
1063 3763 1104 3827 ab
1127 3786 1209 3827 auno
1238 3765 1301 3828 499
1329 3762 1477 3827 ecclesiae
1505 3759 1751 3824 Mediolanensis
1780 3760 1909 3824 clericus
1937 3760 2010 3837 tirit,
2037 3769 2089 3823 aut

434 3869 542 3934 statim
564 3876 619 3932 aut
641 3867 714 3933 iude
735 3867 776 3931 ab
799 3890 881 3931 anno
904 3870 967 3935 592
991 3865 1114 3932 diaconi
1143 3888 1255 3930 munus
1279 3875 1453 3930 exsecutus.
1496 3886 1608 3929 nomen
1636 3863 1759 3928 diaconi
1781 3864 1809 3928 ei
1831 3861 1964 3928 inditam]
1987 3872 2036 3926 est
2059 3862 2089 3926 iu

434 3972 647 4058 compluribus
663 3970 919 4056 inscriptionibus
942 3977 1003 4055 (op.
1018 3968 1045 4047 I,
1060 3969 1105 4048 II,
1128 3969 1201 4048 LX,
1216 3968 1309 4045 LXI,
1325 3968 1437 4045 LXII)
1460 3978 1553 4053 atque
1576 3968 1641 4031 suis
1657 3967 1725 4053 ipse
1741 3967 1844 4032 verbis
1861 3967 1944 4031 hamc
1965 3966 2089 4031 titulum

435 4075 495 4141 sibi
525 4073 701 4139 vindicavit
730 4097 760 4160 p.
776 4077 827 4152 98,
840 4075 879 4139 21
904 4074 1080 4150 5124511
1112 4072 1299 4157 saepiusque
1327 4071 1385 4149 ita,
1418 4080 1453 4135 ut
1480 4070 1645 4135 diaconum
1677 4071 1806 4135 altenmr
1834 4070 1958 4135 nomine
1984 4070 2090 4134 fratn's

434 4178 571 4265 appellet
593 4176 679 4241 velut
701 4200 732 4262 p.
748 4179 882 4255 23619.
905 4178 978 4255 259,
987 4177 1046 4253 223
1069 4176 1142 4252 229,
1155 4177 1204 4240 12.
1227 4177 1300 4252 275,
1314 4177 1341 4239 7.
1380 4184 1515 4239 ceterum
1538 4175 1658 4240 etiamsi
1680 4173 1834 4239 eiusmodi
1855 4174 1917 4239 loci
1940 4172 2091 4251 deessent,

435 4281 474 4346 de
503 4281 562 4345 hae
589 4303 622 4344 re
648 4278 803 4344 dubitatio
830 4280 979 4344 exsistere
1008 4301 1071 4342 non
1102 4287 1223 4363 posset,
1252 4300 1323 4341 cum
1354 4279 1385 4341 in
1418 4279 1559 4364 epistulis
1589 4302 1682 4366 saepe
1708 4278 1748 4343 de
1775 4279 1878 4344 officio
1908 4300 1966 4341 suo
1995 4277 2091 4341 verba

435 4386 544 4462 faciat,
574 4384 663 4448 cuius
691 4406 844 4448 summanr
867 4381 1048 4468 complexus
1074 4391 1122 4445 est
1147 4381 1207 4445 hoc
1229 4379 1324 4446 modo
1351 4386 1391 4468 (p.
1407 4384 1458 4460 24,
1469 4383 1522 4460 25)
1549 4382 1598 4460 ,ad
1628 4383 1761 4467 gemitus
1787 4391 1817 4446 ct
1845 4404 1951 4468 preces
1979 4391 2091 4444 evocat

435 4491 553 4555 clamor
581 4488 693 4553 officii‘.
737 4489 810 4553 hinc
840 4489 936 4574 igitur
967 4486 1082 4551 multae
1116 4486 1187 4550 illae
1219 4485 1372 4572 epistulae
1399 4484 1672 4550 commendaticiae
1701 4498 1731 4551 et
1762 4487 1932 4571 supplices:
1962 4484 2090 4549 adiuvat

436 4594 575 4671 miseros,
597 4615 666 4657 reos
690 4591 836 4670 defendit,
861 4591 974 4656 viduas
997 4590 1152 4675 orbosque
1174 4599 1287 4669 tuetur,
1310 4613 1417 4655 servos
1439 4589 1493 4675 qui
1516 4587 1558 4652 ad
1581 4611 1672 4674 opem
1694 4589 1895 4653 aeecclesiae
1917 4589 1976 4652 sub
1999 4589 2092 4652 inter·

436 4697 603 4785 pellatione
626 4696 752 4781 publica
766 4696 965 4760 contulerunt
984 4694 1103 4780 recipit
1137 4716 1200 4780 qua
1214 4694 1398 4758 auctoritate
1413 4693 1494 4757 inter
1508 4702 1656 4778 patronos
1672 4692 1816 4768 floruerit,
1838 4691 1967 4756 docetur
1989 4692 2092 4757 verbis

435 4809 475 4890 (p.
492 4803 619 4882 81,17);
641 4799 792 4885 ,perditus
816 4800 868 4863 ille
891 4799 1020 4863 clericus
1042 4798 1170 4884 expavit
1193 4820 1320 4862 causam
1342 4796 1444 4861 dicere
1466 4796 1551 4882 apud
1566 4797 1756 4882 episcopum,
1778 4804 1944 4880 postquam
1967 4793 2090 4859 defendi

435 4929 526 4970 ame
556 4903 638 4968 vidit
664 4927 732 4982 eos,
762 4904 876 4989 quibus
909 4924 1012 4966 meum
1041 4901 1215 4988 deputastis
1245 4901 1446 4986 obsequium‘.
1503 4922 1603 4986 neque
1634 4898 1755 4986 patroni
1787 4899 1889 4962 solum
1915 4896 1971 4962 sed
1998 4899 2092 4961 etiem

435 5010 543 5075 arbitri
566 5031 692 5073 munere
714 5008 868 5094 fungitur,
898 5016 933 5071 ut
962 5006 1035 5069 hinc
1057 5005 1156 5070 elucet
1178 5017 1218 5091 (p.
1234 5008 1306 5084 231,
1318 5008 1384 5083 32):
1415 5004 1590 5081 ,statuimus
1613 5013 1649 5067 ut
1671 5051 1755 5067 .....
1778 5024 1860 5066 nunc
1882 5003 1914 5066 in
1937 5011 2093 5088 potestate
2145 5009 2153 5020 ’

435 5121 484 5177 est
505 5113 650 5177 culminis
673 5113 769 5177 vestri
792 5112 980 5177 decisionem
1003 5118 1150 5188 nostram,
1173 5109 1200 5173 si
1223 5108 1332 5195 placet,
1355 5107 1536 5173 auctoritate
1557 5107 1683 5171 fulcire‘.
1721 5127 1816 5192 quare
1838 5106 1946 5170 erebro
1967 5105 2093 5170 Raven-

436 5216 562 5281 natibus
586 5225 621 5280 ut
643 5216 688 5280 ait
702 5216 842 5280 excubiis
859 5225 1030 5302 occupatus
1053 5224 1119 5278 erat
1137 5214 1156 5278 i.
1172 5236 1198 5277 e.
1213 5235 1283 5277 cum
1307 5211 1545 5299 magistratibus
1560 5211 1664 5295 regiis,
1686 5209 1828 5296 inprimis
1843 5231 1915 5273 cum
1929 5218 2094 5295 quaestam

436 5325 476 5405 (p.
496 5321 565 5398 146,
577 5321 619 5385 28
641 5319 790 5398 ,debitum
813 5319 890 5383 mihi
913 5325 1081 5404 quaestura
1102 5316 1277 5397 dissolvat‘)
1309 5316 1435 5402 negotia
1456 5314 1605 5392 habebat3
1634 5323 1727 5399 atque
1748 5311 1841 5377 etiam
1864 5335 1966 5398 regern
1988 5313 2092 5397 ipsum

435 5422 661 5488 Theodericum
690 5421 768 5487 adiit
794 5428 834 5508 (p.
850 5425 922 5500 227,
936 5425 983 5487 18.
1006 5424 1079 5499 299,
1090 5423 1141 5488 25.
1164 5424 1310 5514 300,¹22).
1360 5419 1433 5484 hine
1461 5427 1604 5505 apparet,
1632 5440 1688 5481 eur
1709 5418 1834 5504 saepius
1857 5417 1983 5495 itinera,
2010 5440 2091 5502 quae

435 5525 600 5592 Ennodius
616 5525 799 5592 Ravennam
821 5535 853 5590 et
874 5525 1009 5590 Romam
1031 5535 1063 5590 et
1084 5526 1117 5591 in
1139 5525 1277 5592 Galliam
1299 5525 1385 5603 fecit,
1408 5532 1624 5588 memorentur.
