4500 6232
194 3989 219 4026 10

579 300 660 354 CCVI
678 301 799 368 (CARM.
817 303 842 356 ⁶2.
860 304 914 367 88),
932 300 1026 355 ccvu
1048 300 1169 366 (CAIIM.
1187 304 1212 361 2,
1231 301 1284 366 89),
1303 298 1412 354 CCVIII
1432 298 1536 367 (DlC'l‘.
1555 299 1608 365 24).
1863 300 1922 360 167

916 590 1018 658 ccvl
1041 592 1147 677 (crau.
1165 594 1194 672 2,
1211 589 1279 677 88).

370 788 431 859 ΒΕ
458 785 625 860 DOMNO
653 785 920 859 THEODORO
947 785 1199 858 VIRTV'IVM
1226 786 1414 860 OMNIVM
1441 787 1556 859 VIRO
1584 783 1826 858 EPISCOPO.

634 952 685 1018 Tu
708 956 765 1018 lux
788 961 878 1018 certa
900 954 976 1029 tuis,
999 975 1075 1038 spes
1099 959 1134 1015 tu
1158 952 1313 1017 fidissima
1337 974 1454 1032 rerum,

680 1057 774 1121 Vatis
798 1056 970 1143 apostolici
992 1063 1037 1136 tu,
1060 1055 1242 1131 Theodoro,
1267 1059 1368 1142 vigor,

634 1161 801 1225 Virtutum
825 1161 985 1237 cumulus,
1010 1157 1192 1224 substantia
1215 1160 1324 1223 lueida
1348 1163 1425 1239 veri,

681 1264 842 1327 Monstrat
867 1262 1029 1327 acervatis
1054 1283 1150 1348 quem
1175 1263 1267 1326 labor
1290 1264 1322 1326 iu
1347 1263 1472 1343 studiis,

565 1382 574 1414 ⁵
632 1367 804 1432 Praescius
828 1366 994 1430 accinctus
1018 1366 1110 1429 fortis
1134 1366 1329 1450 tranquillus
1353 1368 1477 1430 amicus

680 1470 877 1557 Conpositus
899 1469 1050 1557 simplex,
1074 1476 1108 1533 tu
1132 1469 1236 1534 bonus
1260 1477 1294 1534 et
1319 1471 1461 1555 sapiens.

632 1573 812 1654 Fatidicus,
837 1595 969 1659 semper
991 1573 1050 1638 tibi
1073 1574 1204 1638 conscia
1227 1573 1326 1638 eorda
1348 1574 1459 1653 futuri,

681 1677 889 1764 Deprensum
913 1678 1009 1743 fluxit
1032 1684 1065 1742 te
1089 1683 1257 1743 reserante
1281 1679 1413 1744 malum.

635 1781 741 1856 Quem
765 1783 903 1847 timuere
927 1783 988 1847 feri
1011 1782 1177 1847 calcantes
1202 1781 1346 1846 eulmina
1367 1781 1489 1860 mundi,

553 1901 577 1938 1⁰
682 1884 808 1950 Dilexit
832 1907 992 1971 spernens
1017 1885 1098 1950 dura
1121 1885 1297 1970 supercilii.

902 2175 1025 2244 ccvll
1048 2176 1155 2263 (canu.
1181 2180 1210 2255 2,
1227 2175 1295 2261 89).

635 2332 753 2400 Restat
776 2354 873 2419 quam
896 2333 992 2417 louge
1016 2337 1125 2396 servet
1149 2352 1209 2396 rex
1232 2331 1365 2395 inclitus
1389 2352 1480 2396 aevo.

923 2622 1004 2691 CCV
1005 2622 1068 2690 111
1087 2623 1183 2710 (orer.
1200 2623 1267 2709 24).

418 2817 579 2892 DICTIO
607 2819 670 2892 EX
698 2817 926 2893 TEMPORE
954 2820 1091 2908 QVAM
1117 2819 1221 2893 IPSE
1248 2818 1518 2892 DEVTERIVS
1545 2816 1769 2890 INIVNXIT.

1011 3002 1182 3068 THEMA.

636 3141 834 3206 Perfunctus
858 3143 977 3227 pelago
999 3141 1180 3207 Diomedes
1205 3149 1295 3207 tutus
1318 3143 1350 3206 in
1374 3143 1459 3206 arvis

682 3244 896 3329 Naufragium
920 3244 1030 3324 deflet,
1054 3245 1139 3331 quod
1164 3247 1233 3310 sine
1258 3247 1349 3309 limfa
1372 3245 1443 3309 fuit.

637 3348 742 3422 Quam
766 3356 900 3436 propter
923 3349 1029 3413 varios
1053 3349 1254 3413 contendens
1279 3350 1401 3412 vicerat
1423 3355 1544 3418 aestus.

683 3453 775 3516 onr
797 3452 839 3517 ad
862 3453 997 3517 alterius
1020 3451 1195 3516 transierat
1218 3453 1378 3538 copulam.
1403 3489 1444 3498 -

637 3554 746 3619 Causa
768 3555 988 3640 querellarum
1012 3555 1162 3619 simulato
1186 3554 1317 3619 nomino
1341 3576 1417 3618 vera
1440 3563 1499 3619 est.

682 3657 791 3723 Huius
814 3658 926 3739 rerba,
949 3678 1075 3745 precer,
1098 3658 1217 3723 comite
1240 3679 1296 3723 ros
1320 3658 1447 3744 placidi.

960 3846 1233 3914 ADLOCV'I'IO.

382 3959 591 4070 Onumina,
616 3993 643 4055 si
667 3992 758 4057 vobis
781 4015 844 4058 non
869 3993 1025 4058 eveniunt
1048 4001 1165 4058 cuneta
1188 3993 1451 4079 disponentibus,
1483 3993 1588 4058 divisa
1610 3999 1757 4078 potestas
1780 4002 1845 4062 est.
1868 3993 1952 4059 autl

271 4101 304 4157 et
335 4096 492 4160 malorum
522 4096 602 4160 estis
633 4103 794 4160 auctores.
839 4096 954 4182 quodsi
984 4098 1200 4163 humanarum
1231 4119 1337 4162 rerum
1362 4119 1557 4184 quemquam
1582 4121 1623 4162 ex
1654 4118 1788 4161 numero
1812 4105 1924 4163 vestro

270 4218 347 4261 cura
375 4199 545 4277 sollicitat,
576 4201 766 4265 felicitatem
794 4200 873 4263 milri
903 4200 1071 4266 redeuntis
1103 4201 1236 4266 tribuite
1268 4207 1324 4263 aut
1347 4222 1506 4280 errorem,
1537 4223 1632 4286 quem
1656 4201 1772 4265 finistis
1796 4201 1925 4287 ingrati.

272 4302 298 4365 si
328 4302 455 4366 eaelum
480 4302 624 4367 vocanda
653 4304 780 4389 piorum
812 4305 995 4389 possessio,
1026 4306 1054 4369 si
1082 4314 1216 4392 propter
1245 4312 1410 4370 momenta
1437 4305 1583 4369 laetitiae
1612 4305 1803 4368 mortalibus
1833 4311 1926 4368 orata

271 4406 467 4484 tribuuntur,
506 4406 606 4471 nolite
637 4407 803 4472 benefieiis
832 4409 951 4473 rostris
979 4411 1105 4475 sociare
1136 4408 1321 4473 vindictam.
1368 4429 1426 4471 cur
1457 4407 1568 4471 taliter
1598 4405 1639 4470 ad
1668 4406 1822 4472 effectum
1850 4408 1957 4471 votat

208 4532 218 4565 s
271 4508 485 4588 tetendimus,
524 4515 560 4572 ut
592 4516 764 4594 pararetur
799 4511 953 4576 caelitum
989 4514 1143 4597 suffragio
1180 4513 1220 4577 de
1255 4512 1423 4576 occasione
1461 4510 1686 4596 prosperitatis
1721 4509 1925 4574 adversitas?

271 4611 409 4690 reddite,
433 4634 568 4698 quaeso,
591 4613 724 4700 propitii
742 4614 957 4691 incommoda,
974 4639 1058 4703 quae
1074 4617 1211 4687 tulistis;
1234 4617 1423 4681 restituatur
1437 4615 1586 4700 pelagus,
1606 4634 1648 4677 ne
1664 4620 1795 4678 terreno
1811 4621 1926 4699 pereat

271 4715 359 4778 lama
382 4716 564 4799 naufragio.
609 4716 762 4781 secundis
786 4717 883 4783 rebus
906 4721 1088 4806 proximum
1118 4728 1167 4785 est
1198 4739 1421 4806 quaecumque
1450 4716 1654 4782 adcesscrInt
1680 4717 1768 4782 mala
1796 4716 1925 4782 nesciri.

271 4819 463 4902 ignominia,
494 4840 577 4904 quae
606 4841 658 4885 mo
682 4822 714 4885 in
738 4821 823 4887 facie
846 4825 1001 4908 perculit,
1033 4845 1097 4888 nen
1126 4823 1293 4907 tetigisset
1322 4821 1504 4886 absentem.
1548 4841 1699 4900 uxerem,
1728 4840 1787 4904 pro
1815 4818 1957 4884 nefast3

376 5041 476 5111 [CCVI]
512 5045 569 5097 uiro
587 5063 635 5096 em.
653 5045 732 5098 Sirra.
872 5065 899 5100 v.
917 5047 934 5098 2
958 5048 1063 5100 tendere
1079 5046 1171 5097 VccP
1307 5065 1331 5098 v.
1350 5047 1368 5098 4
1386 5064 1464 5113 quarn
1478 5045 1556 5099 siaa
1695 5060 1719 5095 r.
1738 5041 1756 5095 5
1772 5044 1890 5095 aceinms
1907 5042 1932 5091 V

271 5146 295 5180 r.
316 5127 331 5180 7
349 5132 485 5183 fastidiens
496 5128 539 5181 B¹
608 5130 667 5199 tibi]
686 5142 715 5184 tu
728 5132 807 5185 sirm.
912 5152 937 5185 r.
957 5132 974 5184 8
991 5134 1178 5201 deprehensum
1192 5132 1217 5183 B

377 5232 490 5300 [CCVIII
532 5234 615 5286 Dima
644 5253 727 5287 canus
754 5236 845 5287 relicte
874 5237 941 5287 franc
968 5253 1068 5287 mrum
1096 5237 1149 5288 aaa
1177 5235 1341 5301 inscriptione
1367 5235 1424 5286 cala
1442 5233 1503 5297 BV,
1528 5233 1565 5284 od
1587 5231 1757 5283 [aromaca
1783 5231 1927 5297 episcopum

272 5320 438 5382 referendum
455 5338 508 5373 esse
525 5330 592 5372 reete
609 5323 706 5373 mar
724 5321 849 5375 amoos
918 5333 1004 5375 seruet
1022 5321 1077 5389 rex]
1095 5324 1222 5375 scrutatrix
1240 5322 1285 5372 Β(ι
1350 5331 1411 5388 post
1427 5338 1492 5372 aeuo
1509 5319 1562 5370 aa
1574 5318 1648 5384 felic
1661 5317 1747 5383 pinxit
1758 5315 1783 5366 Β

375 5420 503 5490 [CCVIII]
532 5423 545 5474 l
566 5431 678 5491 tempore
697 5423 769 5492 (pora
781 5444 836 5492 sup.
850 5427 907 5489 ern.)
920 5425 945 5476 B
1007 5426 1171 5478 iniuuexitB
1266 5424 1283 5476 3
1300 5425 1424 5477 diomedis
1436 5424 1461 5474 B
1555 5419 1572 5472 4
1591 5420 1689 5488 limpha
1704 5419 1729 5469 V
1819 5417 1926 5487 6cepo

270 5509 322 5560 lam
331 5507 357 5559 B
444 5504 460 5557 7
472 5508 634 5574 querelarum
647 5508 672 5558 V
760 5508 777 5560 9
794 5511 915 5562 allocutio
930 5511 953 5559 V
1042 5510 1077 5564 10
1094 5513 1207 5564 numima
1219 5511 1265 5562 B⁶
1362 5510 1393 5562 14
1410 5512 1531 5563 affectum
1545 5508 1623 5560 aima.
1718 5503 1749 5557 16
1767 5513 1870 5558 terrena
1885 5504 1927 5555 V⁶

272 5590 304 5650 lt
321 5592 517 5650 monuerint?
