4500 6232
929 297 1018 351 nra
1037 296 1193 350 serram.
1846 302 1885 365 et

230 469 404 537 terminat'.
440 476 518 534 tunc
533 489 600 534 uuo
616 489 729 533 omnes
752 491 809 534 ore
833 470 1088 556 responderunt:
1111 475 1233 534 ‘vester
1255 467 1479 533 tantummodo
1503 469 1543 532 ad
1568 489 1682 556 pacem
1705 470 1943 536 declineturbt

231 573 400 640 adsensus.
445 578 497 637 est
523 571 620 636 nobis
652 593 793 657 persona
822 594 928 658 nuper
954 571 995 637 ad
1024 571 1243 637 sacerdotium
1266 571 1453 636 Ticinensis
1482 570 1571 637 urbis
1600 573 1742 651 adscita,
1776 575 1828 638 cui
1858 578 1892 638 ct

232 677 350 742 beluae
373 673 509 740 rabidae
533 673 618 739 colla
640 674 846 751 submittunt,
871 675 922 739 cui
946 681 1022 740 ante
1046 695 1162 760 preces
1186 675 1341 740 offeratur
1363 674 1570 758 beneficium,
1594 676 1721 761 quoda
1743 676 1892 762 quolibet

232 781 392 867 petiturus
421 777 606 857 advenerit,
636 777 687 841 cui
717 784 770 842 est
791 779 901 842 vultus
925 779 1012 843 vitae
1035 778 1166 854 similis,
1199 799 1296 863 quem
1319 779 1470 843 venerari
1492 780 1598 865 possit
1621 781 1831 867 quicumque,
1862 780 1891 844 si

166 911 178 945 r.
232 892 283 950 cst
305 883 483 949 catholicus
506 887 540 946 et
561 878 738 959 Romanus,
766 902 877 947 amare
901 888 1001 961 certe,
1025 882 1052 946 si
1077 881 1188 946 videre
1211 887 1387 961 mereatur,
1411 889 1445 947 et
1468 881 1660 948 Graeculus.
1707 884 1771 949 iam
1795 885 1824 950 si
1847 883 1890 949 ad
1902 887 1943 947 55

232 1009 416 1055 sermonem
450 985 536 1050 illius
566 985 751 1063 veniamus,
787 1005 963 1069 numquam
996 986 1044 1049 sic
1076 985 1163 1051 diras
1194 985 1327 1071 aspides
1357 986 1530 1051 verborum
1564 985 1676 1073 digitis
1707 988 1891 1053 incantator

231 1093 413 1159 Thessalus
437 1090 588 1156 violentis
615 1089 736 1174 poterit
764 1110 905 1154 evocare
928 1089 1142 1159 carminibus.
1172 1089 1336 1175 quomodo
1360 1089 1416 1154 ills
1440 1090 1595 1156 effectum
1617 1091 1787 1178 petitionis
1810 1110 1890 1156 suae

140 1219 161 1261 r·
175 1210 215 1250 ³³⁴
233 1198 332 1263 etiam
355 1217 375 1260 a
398 1194 564 1281 negaturis
593 1200 777 1279 extorquet.
822 1193 945 1280 pendet
972 1196 1005 1258 in
1034 1193 1168 1259 arbitrio
1197 1195 1283 1275 cius,
1314 1215 1388 1258 cum
1416 1195 1506 1281 loqui
1533 1198 1691 1282 coeperit,
1726 1196 1890 1262 sententia

232 1301 406 1368 audientis.
450 1297 631 1386 perditius
654 1317 749 1361 suurn
771 1298 826 1382 qui
850 1318 1010 1362 excusare
1039 1296 1211 1383 disposuit,
1244 1298 1271 1363 si
1295 1297 1342 1361 illi
1366 1298 1530 1383 allegandi
1554 1301 1648 1386 copis
1671 1297 1891 1366 concedatur’.

154 1428 179 1466 a
231 1411 308 1470 tunc
330 1403 486 1490 patricius
508 1402 662 1467 Ricemcr
684 1401 730 1465 ita
755 1402 937 1487 respondit:
970 1401 1099 1467 ‘detulit
1122 1401 1238 1467 adme
1262 1402 1349 1467 hunc
1379 1403 1560 1483 hominem,
1591 1424 1688 1490 quem
1711 1406 1888 1492 exponitis,
1901 1402 1943 1463 56
2037 1484 2041 1493 .

230 1508 319 1574 lama
333 1507 523 1594 gloriosum,
547 1512 581 1570 ct
596 1505 629 1568 in
652 1504 715 1568 hoe
738 1506 843 1589 magis
867 1504 1071 1569 admirationi
1095 1505 1175 1569 mibi
1197 1513 1258 1586 est,
1282 1505 1370 1591 quod
1393 1527 1468 1571 cum
1491 1527 1605 1573 omncs
1628 1507 1751 1573 habeat
1773 1508 1888 1573 lauda-

231 1619 329 1691 tores,
352 1612 460 1676 nullos
476 1610 559 1691 eius,
582 1608 700 1694 quibus
717 1630 777 1694 per
792 1608 948 1673 invidiam
972 1609 1140 1675 abundare
1164 1610 1248 1675 solet
1264 1611 1404 1690 novitas,
1427 1610 1535 1695 prodit
1550 1611 1709 1679 inimicos.
1748 1613 1794 1677 ite
1811 1632 1888 1698 ergo

230 1722 264 1781 ct
287 1721 402 1801 rogate
430 1713 594 1778 bominem
617 1710 684 1791 dei,
715 1718 751 1777 ut
772 1712 933 1777 ambulet:
969 1713 1094 1799 iungite
1118 1715 1217 1779 etiam
1240 1734 1331 1779 meas
1354 1713 1491 1800 preces'.
1538 1715 1664 1800 egressi
1686 1714 1728 1780 de
1751 1714 1942 1779 concili057

231 1820 342 1884 statim
365 1817 514 1883 Ticinum
543 1823 674 1902 petunt,
707 1838 838 1881 causam
867 1824 1011 1883 narrant.
1055 1818 1152 1893 fusis,
1182 1824 1220 1882 ut
1248 1819 1346 1882 istum
1374 1818 1520 1884 laborem
1543 1819 1740 1905 susciperet,
1772 1818 1889 1882 beatus

165 1968 170 1979 -
232 1922 404 2010 Epiiauius
427 1927 559 2006 rogatur
580 1920 733 2000 lacrimis,
757 1921 811 2005 qui
834 1941 875 1986 ne
899 1929 1096 1987 extenuaret
1119 1923 1325 2001 beneficium,
1350 1922 1377 1987 si
1394 1921 1478 1986 filios
1500 1922 1626 1987 diutina
1648 1921 1888 2007 supplicatione

230 2033 407 2113 torqueret,
431 2024 611 2090 antecessit
634 2024 798 2089 desideria
821 2025 1055 2109 postulantum.
1092 2047 1174 2112 quos
1197 2033 1309 2091 tamen
1326 2026 1437 2091 taliter
1451 2025 1622 2090 adlocutus
1640 2032 1705 2091 est:
1731 2025 1889 2111 ‘quamvis

230 2139 343 2197 tantae
367 2130 414 2197 rci
437 2128 619 2194 necessitas
642 2128 893 2213 probatissimae
916 2151 1079 2216 personae
1103 2130 1230 2217 pondus
1255 2130 1400 2216 inquirat
1421 2136 1455 2194 et
1478 2130 1598 2195 titubet
1613 2128 1674 2194 sub
1690 2130 1783 2215 gravi
1799 2129 1888 2194 fasce

230 2236 367 2322 portitor
389 2235 580 2311 inmaturus,
610 2232 763 2297 affectum
787 2238 897 2297 tamen
921 2254 1018 2318 quem
1043 2233 1148 2299 debeo
1172 2235 1298 2319 patriae
1322 2255 1387 2299 non
1410 2231 1560 2319 negabo'.
1605 2233 1723 2319 quibus
1746 2229 1943 2298 brevitcrbss

230 2338 379 2416 narratis,
403 2337 555 2422 quoniam
579 2342 650 2400 crat
672 2333 826 2419 loquendi
851 2356 978 2421 parcus,
1002 2335 1044 2400 ad
1060 2336 1266 2402 Ricemerem
1289 2335 1460 2422 patricium
1483 2337 1640 2423 perrexit,
1663 2357 1684 2401 a
1704 2357 1770 2422 quo
1793 2337 1890 2401 simul

233 2443 323 2507 risus
345 2448 380 2506 et
403 2441 527 2505 electus
551 2444 614 2504 est.

339 2544 494 2611 Mandato
517 2565 597 2628 crgo
620 2543 681 2606 sibi
696 2543 870 2627 legationis
885 2542 998 2607 ordine
1014 2542 1153 2607 Romam
1169 2543 1273 2628 petiit.
1311 2544 1344 2607 in
1361 2563 1425 2629 quo
1441 2544 1559 2609 itinere
1574 2543 1652 2629 quid
1667 2544 1888 2608 molestiarum

231 2649 424 2715 sustinuerit
452 2647 571 2732 quidve
593 2647 750 2711 virtutum
780 2647 937 2732 gesserit,
970 2647 1129 2712 festinans
1157 2646 1199 2711 ad
1229 2647 1354 2711 maiora
1382 2655 1565 2733 praetereo.
1610 2667 1688 2711 mox
1716 2652 1826 2711 tamen
1853 2653 1890 2710 ut
1902 2647 1943 2709 59

230 2776 329 2842 supra
358 2753 466 2818 dictae
496 2751 586 2817 urbis
617 2757 728 2836 portas
758 2751 926 2834 ingressus
956 2758 1023 2829 est,
1056 2750 1143 2815 fama
1174 2770 1258 2835 quae
1288 2749 1459 2815 absentem
1489 2751 1579 2815 illum
1612 2758 1723 2816 uotum
1754 2750 1889 2830 iecerat,

231 2858 332 2943 digito
354 2857 461 2943 coepit
484 2853 668 2921 ostendere.
706 2852 857 2917 conversi
882 2854 956 2917 ilico
981 2854 1125 2917 omnium
1150 2854 1247 2931 oculi,
1273 2861 1428 2940 stupuere
1452 2860 1579 2920 mentes
1603 2853 1780 2934 adtonitae,
1803 2852 1889 2938 quod

151 2978 177 3017 νδ
231 2968 354 3026 tantam
378 2961 441 3025 sibi
465 2958 615 3024 exhiberi
638 2956 857 3021 reverentiam
880 2957 987 3041 imago
1011 2957 1082 3021 cius
1106 2956 1206 3022 index
1230 2958 1414 3022 sanctitatis
1438 2958 1636 3041 exquireret.
1680 2957 1890 3044 inexpiabilis

138 3096 159 3138 p.
174 3089 213 3127 aa
232 3086 268 3131 se
298 3066 415 3150 culpae
447 3084 539 3129 reum
570 3059 737 3126 fatebatur
769 3060 909 3144 quilibet
937 3067 1124 3146 potentum,
1161 3061 1187 3125 si
1217 3067 1345 3125 tantum
1379 3081 1488 3145 genua
1522 3061 1592 3125 eius
1624 3061 1797 3146 amplexus
1828 3066 1890 3126 est.

231 3167 408 3233 tollebatur
429 3166 553 3232 clamor
574 3165 608 3229 in
632 3165 774 3237 caelum;
803 3183 899 3227 nemo
923 3164 1014 3227 illum
1038 3164 1071 3227 iu
1095 3164 1281 3229 mortalium
1305 3183 1440 3227 numero
1464 3164 1678 3250 conputabat,
1708 3164 1760 3227 cui
1782 3164 1891 3227 omnia

231 3271 384 3337 caelestis
407 3270 532 3356 gratiae
556 3268 711 3334 videbant
733 3267 820 3331 bona
844 3274 1004 3332 constare.
1050 3267 1213 3354 perfertur
1241 3267 1283 3332 ad
1317 3268 1499 3354 principem
1524 3267 1749 3346 Anthemium,
1781 3266 1888 3330 studio
1901 3266 1943 3328 60

230 3374 403 3460 legationis
419 3375 610 3461 episcopum
626 3371 758 3437 venisse
776 3370 943 3455 Liguriae,
968 3370 1133 3435 hominem
1150 3391 1248 3454 quern
1265 3371 1373 3435 nullus
1393 3373 1498 3456 possit
1521 3372 1619 3437 etiam
1642 3370 1734 3436 dives
1758 3369 1888 3455 cloquio

151 3496 179 3533 ω
231 3478 433 3543 sufficienter
463 3496 640 3563 exponere.
685 3482 720 3540 at
746 3474 820 3539 illc:
853 3473 986 3539 ‘callida
1016 3495 1144 3539 mecum
1167 3473 1322 3538 Ricemer
1352 3480 1385 3539 et
1415 3476 1448 3539 iu
1477 3476 1694 3560 legationibus
1725 3476 1792 3541 suis
1819 3480 1890 3539 arte

228 3580 389 3647 decertat:
413 3582 497 3646 tales
520 3579 642 3665 dirigit,
666 3579 721 3663 qui
745 3578 986 3664 supplicatione
1011 3583 1203 3664 expugnent
1225 3598 1308 3662 quos
1324 3577 1380 3641 ille
1397 3578 1532 3643 lacessit
1546 3579 1681 3644 iniuriis.
1721 3577 1890 3664 perducite

227 3694 337 3751 tamen
361 3685 403 3750 ad
425 3705 478 3749 me
501 3684 663 3749 hominem
687 3681 750 3761 dci,
774 3682 829 3766 qui
847 3681 874 3744 si
891 3680 1064 3768 possibilia
1080 3688 1243 3767 precatur,
1266 3681 1447 3761 admittam,
1473 3683 1501 3746 si
1518 3681 1672 3762 difficilia,
1695 3680 1889 3769 supplicabo

228 3810 270 3855 ne
298 3789 543 3855 excusationem
570 3806 676 3851 meam
708 3792 863 3869 grarmur
892 3785 1053 3870 accipere.
1099 3783 1212 3848 dubito
1236 3791 1346 3849 tamen
1370 3806 1412 3848 an
1435 3785 1590 3851 Ricemcr
1613 3785 1699 3873 apud
1723 3806 1776 3850 me
1799 3784 1886 3871 quod
1901 3783 1937 3845 61

229 3892 336 3979 poscit
359 3892 520 3979 optineat,
550 3891 644 3955 cuius
666 3889 734 3954 scio
757 3895 905 3952 votorum
930 3889 1204 3973 intemperantem
1229 3909 1304 3953 esse
1328 3908 1503 3975 personam
1526 3897 1561 3955 ct
1583 3890 1615 3954 in
1641 3888 1889 3955 condicionibus

231 3994 450 4082 proponendis
479 3994 615 4059 rationis
647 3991 821 4057 terminum
850 4012 915 4055 non
946 3999 1070 4057 tenere.
1115 3991 1173 4056 sed
1197 3992 1309 4056 veniat
1338 3991 1482 4056 directus
1506 3992 1645 4057 antistes
1668 3999 1703 4057 et
1724 3991 1889 4058 laudatam

230 4098 441 4186 iampridem
465 4102 656 4185 praesentet
680 4093 844 4180 effigicm’.
884 4095 1098 4180 egrediuntur
1114 4096 1224 4161 officia
1240 4096 1386 4182 palatina
1401 4101 1471 4159 tota
1493 4095 1590 4162 urbe:
1615 4096 1713 4172 ‘iube
1736 4093 1888 4181 rogarisl’

230 4202 386 4270 audiebat
407 4203 592 4291 episcopus.

338 4307 383 4372 At
406 4305 602 4372 venerabilis
630 4310 663 4370 et
695 4304 838 4369 saeculis
867 4304 1017 4368 omnibus
1048 4303 1206 4390 probatus
1237 4301 1387 4388 pontifex
1422 4308 1636 4388 posteaquam
1667 4304 1888 4387 introgressus
1902 4301 1944 4362 62

230 4419 282 4476 est
297 4419 331 4477 et
346 4410 532 4498 proterendi
551 4411 712 4475 sermonis
728 4408 869 4474 donatus
886 4408 1029 4491 licentia,
1052 4409 1201 4494 quamvis
1221 4407 1380 4493 fugitivae
1404 4407 1580 4493 potestatis
1604 4407 1744 4492 insignia
1766 4414 1889 4471 ostrum

335 4707 346 4757 1
367 4725 420 4758 rino
437 4724 480 4759 ore
498 4724 541 4759 orc
554 4705 603 4769 13¹,
616 4706 693 4772 prias
705 4721 748 4755 ore
767 4720 823 4769 exp.
843 4710 867 4753 ct
883 4720 972 4754 omnes
989 4719 1044 4768 arcp.
1058 4718 1107 4752 scr.
1120 4699 1164 4751 13²
1272 4699 1451 4755 emisenae
1558 4699 1576 4753 3
1593 4703 1746 4755 submittant
1763 4699 1851 4752 Scluott
1867 4708 1891 4750 et

230 4794 299 4846 Bell.
416 4793 433 4845 4
451 4803 489 4846 est
499 4795 606 4846 ouultus
618 4793 644 4845 B
758 4791 776 4841 ἶ)
793 4791 907 4858 graculis
919 4790 965 4840 Ba
1082 4787 1099 4838 li
1115 4788 1223 4855 ospedcs
1235 4787 1261 4838 B
1329 4790 1476 4840 incantatur
1487 4787 1512 4838 B
1633 4785 1649 4837 'l
1667 4788 1776 4840 tessalus
1793 4786 1891 4836 rodim

228 4878 246 4931 8
261 4882 338 4933 etiarn
355 4898 371 4932 a
388 4899 436 4932 cnr.
449 4882 477 4944 t,
500 4881 575 4932 etiam
593 4897 642 4931 cm.
657 4878 680 4930 0
693 4887 717 4929 et
735 4876 814 4929 Siren.
956 4874 973 4926 9
995 4876 1079 4942 perdit
1097 4874 1200 4940 scripsi,
1223 4875 1312 4941 perdet
1330 4875 1390 4928 utri
1494 4891 1631 4926 excrrssurc
1648 4873 1674 4924 Β
1777 4874 1853 4939 cupis
1865 4871 1891 4921 Β

231 4962 263 5015 10
279 4967 413 5034 exponetis
425 4965 450 5016 Β
567 4964 597 5015 11
616 4981 675 5017 cum
689 4963 722 5026 13,
739 4981 788 5014 om.
803 4962 878 5013 comi
998 4959 1029 5010 12
1049 4958 1178 5027 prodctB
1295 4956 1328 5010 13
1345 4960 1420 5011 etiam
1439 4977 1495 5026 serp.
1509 4961 1552 5011 lia.
1571 4957 1608 5009 ΓΙ
1678 4975 1746 5009 meas
1764 4958 1839 5009 etiam
1854 4958 1889 5007 ct

228 5052 334 5105 consilio
352 5035 432 5103 Sirra.
571 5050 605 5102 lt')
626 5051 689 5118 quin
712 5056 863 5101 extenuaret
884 5064 941 5114 sap.
959 5047 1005 5099 lin.
1023 5064 1038 5099 c
1060 5045 1083 5095 l'
1220 5042 1253 5096 16
1277 5046 1405 5097 allocutus
1427 5046 1448 5097 V
1590 5044 1622 5095 19
1644 5041 1774 5111 quonian]
1798 5038 1841 5109 qi‘n
1856 5041 1890 5105 Β,

228 5135 280 5205 qsi'c
293 5138 392 5203 Vtcl’,
410 5139 536 5206 quomodo
551 5137 605 5188 Yet
618 5136 696 5188 Siren.
797 5132 833 5185 23
850 5132 975 5185 orbiaB⁶
1074 5129 1109 5182 24
1126 5140 1283 5199 stupuerunt
1295 5130 1374 5183 Sina.
1436 5132 1558 5183 attonitae
1577 5130 1601 5179 l'
1700 5126 1852 5181 abentem
1864 5127 1890 5179 B

228 5225 300 5277 indix
323 5226 478 5278 smirctitstis
494 5224 520 5275 B
618 5223 764 5289 exquireret
787 5220 887 5282 Schott,
910 5226 1049 5285 exquacret
1068 5216 1105 5280 Β,
1129 5219 1240 5269 extiterit
1261 5216 1384 5279 Vltor,
1406 5217 1577 5284 requireretb
1673 5216 1840 5283 inexpiabiles
1856 5214 1890 5279 Β,

228 5310 507 5377 ἰιιοκρΙὶωδίΙίιιΒίνπι.
605 5304 923 5372 2911υ11υε(ει“τιὶίε.)Β
984 5303 1086 5356 diuisR
1187 5301 1222 5354 30
1238 5302 1276 5370 at]
1290 5303 1357 5354 adB
1419 5302 1618 5371 ligaticnibusB
1712 5300 1742 5352 31
1764 5301 1891 5369 dirigctB

228 5392 263 5449 33
280 5397 484 5449 excusationem
500 5394 525 5445 Β
606 5411 726 5461 accepere
741 5394 767 5444 Β
887 5389 922 5442 34
940 5399 1028 5458 poscet
1041 5390 1065 5440 Β
1152 5388 1216 5456 scio]
1235 5391 1303 5441 socio
1320 5388 1357 5438 1⁷1
1444 5388 1478 5439 &i
1495 5390 1595 5440 antistis
1608 5388 1632 5439 Β
1718 5389 1851 5440 laudatum
1863 5388 1889 5439 Β

227 5480 262 5535 36
282 5482 399 5551 'palatina
420 5483 479 5535 'tota
496 5482 560 5534 turbe
575 5480 604 5543 Γ,
621 5490 673 5533 tota
692 5483 755 5532 urbe
774 5480 886 5548 palatina
901 5480 949 5539 t'o,
968 5479 1031 5528 urbe
1049 5486 1102 5528 tota
1120 5477 1233 5543 palatina
1245 5474 1322 5526 Siron.
1418 5474 1487 5542 iube}
1509 5476 1574 5526 bave
1585 5477 1652 5542 sort.
1746 5492 1850 5542 rogares
1864 5474 1890 5525 Β

226 5566 263 5621 38
277 5567 315 5636 at]
333 5570 366 5621 sd
378 5568 404 5618 B
505 5566 540 5620 39
557 5567 730 5637 pmfcreraudi
743 5566 768 5616 Β

1631 5686 1685 5740 12·
