4500 6232
308 280 367 342 ror
978 275 1077 329 rtxxx
1096 273 1231 342 (opusc.
1248 273 1285 340 a).

304 448 438 512 Italicae
466 449 528 512 erit
558 455 667 512 vester
694 455 857 532 aspectus.
901 446 1087 531 redemptos
1114 445 1238 532 putabo
1266 465 1341 509 esec
1373 466 1454 531 quoe
1484 445 1591 531 oupio,
1625 445 1654 509 ei
1680 444 1723 509 ad
1750 451 1857 511 terras
1884 448 1959 513 illae

304 551 379 614 talis
401 548 591 635 redemptor
613 551 802 615 accesserit.
847 571 943 635 quam
968 570 1087 634 magno
1110 548 1264 633 suffragio
1280 549 1453 613 vincuntur
1474 547 1571 624 oculi,
1594 546 1712 633 quibus
1727 555 1761 614 te
1777 549 1957 617 offerimus!

149 652 364 720 incarnare-sed
393 652 467 738 quid
492 653 642 719 demoror
670 675 785 719 manus
814 675 892 718 arva
920 653 1112 739 poscentia?
1149 653 1303 738 polliceor
1335 651 1394 716 tibi
1429 649 1611 716 redivivum
1643 658 1765 716 etatum
1792 650 1959 738 Liguriae,

304 757 459 842 polliceor
486 757 545 820 soli
574 757 734 822 laetitiam
764 766 797 821 et
826 763 901 841 post
928 756 1176 841 Transalpinam
1206 755 1503 841 peregrinationem
1530 753 1685 820 reducem
1714 754 1958 823 fecunditatem

305 882 348 925 ox
370 859 533 924 accidenti
557 880 670 924 aurum
694 860 752 923 tibi
776 859 1001 924 commodatur
1022 881 1080 945 pro
1103 879 1167 945 qua
1189 860 1265 923 talis
1289 859 1419 943 legatus
1443 865 1576 923 acturus
1598 855 1670 925 eet’

232 962 291 1023 tan
413 962 465 1027 Ad
502 964 583 1027 haec
616 964 843 1048 episcoporum
874 965 931 1027 lux
959 962 1130 1048 Flpifanius
1158 961 1346 1049 respondit:
1385 965 1529 1047 ‘quanta
1563 961 1763 1028 venerabilis
1796 964 1961 1050 princepe,

303 1074 419 1153 peetus
452 1088 561 1132 meum
591 1067 734 1153 tripudio
766 1068 955 1152 repleveris,
990 1067 1018 1130 si
1048 1087 1198 1131 sermone
1226 1073 1338 1152 posset
1367 1064 1497 1145 ¹ambiri,
1531 1086 1590 1153 pro
1619 1064 1740 1131 divitiis
1767 1067 1960 1132 meritorum

302 1178 431 1235 tucmm
455 1169 649 1235 inmeditate
671 1178 706 1235 et
728 1170 882 1233 continua
905 1170 1007 1235 verba
1030 1169 1271 1256 profunderem.
1310 1169 1368 1235 sed
1389 1191 1486 1257 quam
1507 1169 1651 1236 sermoni
1665 1189 1740 1234 meo
1755 1169 1961 1259 interceptus

303 1274 488 1359 denegetur
522 1294 709 1353 aucensem,
744 1280 925 1338 monstrant
956 1275 1109 1339 lacrimae
1146 1273 1354 1359 gaudiorum,
1395 1295 1477 1360 quas
1504 1272 1653 1338 dolorum
1686 1273 1837 1338 alumnas
1872 1294 1960 1339 nunc

233 1372 292 1432 143
304 1380 443 1464 parturit
465 1377 633 1442 exultatio.
679 1377 813 1463 proinde
837 1377 1002 1462 intellege,
1033 1376 1075 1441 ad
1099 1376 1288 1441 referendas
1320 1378 1441 1462 optimo
1470 1376 1541 1461 regi
1568 1380 1635 1440 tam
1659 1396 1717 1461 pro
1739 1374 1837 1441 nobis
1860 1398 1959 1462 qnam
2010 1396 2035 1435 ro

157 1470 363 1573 Vssff·,l,ff¹‘·pro
388 1504 424 1547 ee
448 1483 518 1567 ipso
547 1482 668 1565 gratias
700 1482 773 1568 plus
804 1503 856 1546 mc
886 1482 1009 1546 sentire
1040 1502 1137 1566 posse
1165 1501 1262 1565 quam
1292 1481 1412 1564 oloqui.
1456 1480 1579 1544 iustitia
1606 1479 1698 1566 prius
1726 1500 1769 1545 an
1795 1478 2041 1547 belloramo

304 1584 540 1649 exercitatione
564 1607 620 1665 an,
652 1584 738 1670 quod
761 1584 810 1648 his
833 1585 1054 1670 praestantius
1076 1589 1141 1664 est,
1172 1604 1286 1648 omnes
1310 1591 1396 1647 rotro
1419 1584 1633 1670 imperatores
1655 1589 1690 1647 te
1711 1582 1838 1669 pietate
1859 1603 1959 1668 eupe-

303 1709 393 1753 rasse
410 1709 663 1754 commemorem
673 1694 687 1752 ‘t
717 1688 821 1752 habos
836 1688 924 1754 unde
947 1689 1055 1772 gentis
1079 1694 1211 1753 nostrae
1235 1695 1380 1752 rectores
1403 1707 1555 1752 accuses:
1579 1691 1616 1749 tu
1637 1684 1782 1763 redimis,
1804 1708 1889 1773 quoe
1911 1688 1959 1753 illi

234 1787 290 1846 144
305 1811 465 1877 persaepe
500 1799 556 1855 aut
590 1793 810 1877 permiserunt
839 1792 909 1856 lieri
943 1798 1000 1857 aut
1026 1792 1175 1857 lecerunt
1207 1791 1269 1878 ipsi
1305 1790 1462 1875 captivos.
1506 1788 1615 1855 David
1641 1791 1783 1875 legimus
1809 1813 1870 1878 pro
1891 1793 1960 1858 ein-

303 1896 425 1979 gularis
455 1895 653 1961 laudationis
689 1896 841 1981 exemplo
870 1895 989 1960 idcirco
1015 1896 1158 1960 maxime
1190 1895 1356 1959 caelorum
1392 1893 1620 1979 proximitates
1652 1894 1836 1982 indeptum,
1873 1896 1961 1983 qnod
2011 1914 2035 1953 ¹⁵

306 1998 417 2062 oblato
452 1998 602 2063 manibus
641 2001 708 2063 suis
744 1998 835 2063 Sauli
872 1999 1020 2086 peporcit
1056 1999 1186 2062 inimico
1223 2004 1256 2064 ct
1290 1999 1322 2061 in
1355 1998 1538 2062 testimonio
1572 2018 1749 2064 concessae
1782 2002 1960 2086 potestatis

303 2101 494 2165 exuviarum
532 2103 603 2165 eius
631 2102 827 2187 particulam
859 2103 977 2188 rapuit,
1006 2122 1065 2187 per
1093 2123 1189 2186 quam
1220 2108 1254 2167 et
1280 2101 1447 2166 licentiam
1476 2098 1632 2186 probaret
1653 2108 1687 2166 et
1709 2107 1833 2169 votum.
1877 2103 1961 2170 deus

304 2205 402 2281 bane,
435 2205 469 2268 in
499 2212 621 2289 quanta
652 2206 917 2271 remuneratione
947 2205 1044 2269 huius
1077 2206 1200 2270 factum
1230 2204 1370 2290 suscipis
1401 2224 1459 2289 pro
1492 2209 1543 2268 tot
1572 2203 1698 2268 milinm
1730 2224 1962 2293 oppressorum

231 2301 291 2360 145
304 2308 457 2373 libertate
481 2310 660 2381 tractantis,
691 2309 746 2394 qui
769 2309 862 2372 illum
884 2331 942 2394 pro
964 2309 1062 2373 unius
1090 2309 1213 2373 servati
1241 2308 1381 2372 hominis
1409 2308 1568 2393 sangarius
1591 2307 1792 2373 sublimasti!
1836 2331 1962 2397 perage

304 2433 381 2496 ergo
405 2419 522 2497 coepta
544 2413 683 2478 festinus
707 2419 742 2478 et
763 2413 930 2477 felicitatis
954 2420 1030 2479 tuae
1054 2413 1253 2477 oblationem
1277 2413 1385 2476 laetus
1408 2409 1546 2495 adporto
1567 2431 1697 2496 meque,
1725 2414 1874 2498 quamvis
1897 2415 1960 2480 ein
2010 2428 2036 2469 ὓ

303 2522 448 2600 paratus,
485 2517 626 2596 stimula,
661 2538 702 2581 ne
729 2517 762 2580 in
792 2515 960 2580 offerendo
990 2522 1058 2580 tam
1092 2515 1227 2581 odorato
1260 2513 1423 2578 sacrificio
1454 2512 1619 2578 tarditatis
1649 2513 1744 2581 obice
1771 2516 1960 2583 refreneris.

304 2617 427 2682 Christi
454 2620 671 2706 redemptoris
701 2621 804 2683 nostri
836 2619 897 2683 erit
927 2619 1122 2698 concedere,
1163 2620 1248 2682 sicut
1278 2639 1320 2682 ex
1348 2614 1501 2702 operibus
1528 2615 1673 2681 futurum
1701 2619 1898 2701 conicimus,
1925 2628 1963 2687 ut

233 2714 292 2775 146
305 2742 383 2786 vere
406 2723 598 2787 holocausta
615 2730 672 2788 tua
689 2745 748 2809 per
763 2744 854 2787 meas
871 2744 986 2786 manus
1009 2724 1114 2807 possis
1130 2723 1259 2787 offerre.
1294 2742 1409 2806 precor
1424 2728 1546 2799 tamen,
1568 2727 1604 2785 ut
1620 2720 1747 2786 indultu
1762 2723 1962 2792 clementiae

304 2830 380 2887 tuac
403 2824 528 2903 Victor,
557 2826 742 2890 Taurinatis
765 2825 855 2890 urbis
878 2827 1061 2913 episcopus,
1090 2847 1199 2891 conrcs
1223 2826 1301 2890 mihi
1325 2832 1359 2890 et
1388 2824 1551 2911 particeps
1574 2824 1670 2890 huius
1692 2826 1822 2893 itineris
1844 2827 1961 2894 adinn-

305 2933 411 3009 gatur,
448 2928 480 2991 in
508 2949 571 3011 quo
600 2929 724 2992 clarum
752 2934 803 2992 est
830 2929 1006 3014 epitomem
1034 2928 1177 2993 omniurn
1207 2935 1358 2993 constare
1389 2927 1553 2992 virtutum.
1599 2949 1663 3014 quo
1693 2931 1784 2995 socio
1811 2930 1961 2997 adbibita
2010 2950 2035 2989 ²⁵

306 3026 346 3091 dc
375 3027 437 3091 deo
466 3037 577 3095 nostro
608 3052 744 3095 securus
774 3030 932 3116 spondeo,
964 3033 1088 3096 nullum
1117 3032 1271 3096 ellectum
1298 3031 1436 3118 propriis
1464 3032 1676 3117 petitionibus
1705 3033 1961 3119 abnegandum?

234 3131 292 3191 147
414 3130 540 3205 Quibus
577 3133 696 3198 auditis
732 3156 790 3198 rex
820 3135 1097 3200 eminentissimus
1130 3135 1254 3201 adnuit.
1299 3143 1333 3199 at
1364 3134 1551 3200 tremendus
1584 3134 1734 3221 pontifex
1767 3137 1857 3203 dicto
1888 3141 1963 3204 vale

302 3231 462 3297 discessit.
507 3257 550 3300 ex
573 3244 722 3323 tempore
745 3237 925 3323 portandae
948 3262 1007 3325 pro
1036 3237 1262 3324 redemptione
1290 3239 1448 3325 pecuniae
1476 3238 1692 3319 destinantur,
1722 3240 2043 3330 suscipiuntur2r·⁴⁰¹

302 3336 478 3421 egreditur,
511 3337 659 3404 Ticinum
690 3342 817 3427 inpiger
840 3344 939 3407 veuit.
984 3349 1018 3407 et
1046 3343 1193 3428 quamvis
1225 3342 1333 3406 adhuc
1361 3342 1493 3407 hiemali
1521 3348 1653 3428 torpore
1677 3343 1814 3409 Martius
1837 3346 1961 3411 mensis

302 3441 461 3525 glaciales
484 3443 670 3529 fluminibus
693 3445 805 3510 frenos
828 3446 1000 3532 inponeret
1024 3454 1059 3512 et
1074 3468 1156 3511 cana
1172 3445 1300 3511 nivibus
1316 3447 1393 3531 iuga
1407 3445 1540 3531 Alpium
1556 3448 1742 3513 transituris
1757 3448 1962 3515 minarentur
2010 3466 2037 3506 υ

303 3545 454 3627 exitium,
479 3546 537 3610 sod
561 3548 759 3612 mortiferum
783 3548 885 3633 frigus
908 3557 942 3612 et
963 3557 1132 3614 concretae
1156 3549 1270 3634 algore
1293 3547 1408 3633 glebas
1431 3547 1507 3612 fidei
1531 3547 1627 3613 ardor
1650 3557 1822 3636 exuperat.
1867 3572 1962 3615 num·

232 3648 401 3732 148quam
430 3650 462 3713 in
490 3651 567 3735 gelu
597 3651 727 3725 labitur,
754 3653 846 3716 cuius
874 3651 1122 3717 tundamentum
1150 3660 1244 3737 petra
1275 3651 1439 3718 solidarit.
1484 3650 1634 3716 ordinato
1657 3672 1736 3738 ergo
1759 3653 1889 3719 itineris
1910 3654 1962 3719 eui

304 3752 421 3816 viatico
439 3753 603 3838 proiectus
620 3760 682 3821 est.
720 3755 847 3820 diceres
863 3756 950 3840 quod
973 3757 1125 3821 universa
1146 3756 1321 3841 inpelleret
1344 3775 1429 3840 quae
1452 3761 1581 3841 poterat
1603 3756 1746 3822 retinere
1768 3759 1962 3835 necessitas,

304 3875 364 3919 nec
394 3856 460 3920 cibi
492 3857 593 3942 ipsius
623 3858 775 3943 capiendi
805 3880 896 3924 mora
927 3860 1165 3928 sustinebatur:
1200 3866 1234 3923 ot
1263 3879 1337 3924 cum
1366 3858 1515 3943 singulos
1545 3879 1618 3924 oum
1648 3858 1722 3945 ipso
1750 3860 1878 3946 positos
1904 3861 1962 3927 ille

303 3959 420 4044 plenus
451 3960 694 4026 discriminibus
725 3963 816 4026 callis
852 3963 1014 4037 turbaret,
1053 3964 1143 4027 solus
1171 3963 1256 4027 inter
1289 3961 1434 4049 pericula
1460 3961 1577 4028 timere
1605 3984 1671 4027 non
1699 3970 1835 4029 noverat
1862 3986 1960 4051 quem
2011 3984 2036 4023 ³⁵

232 4060 292 4119 149
306 4083 381 4148 spes
404 4065 489 4128 vitae
515 4070 604 4129 certa
628 4065 854 4129 comitabatur.
899 4067 1026 4131 interea
1050 4067 1106 4130 illa
1129 4086 1213 4151 quae
1236 4066 1361 4130 itineris
1384 4067 1454 4130 ciue
1475 4065 1537 4130 fuit
1560 4087 1691 4152 semper
1712 4068 1848 4152 praevia
1870 4076 1906 4133 et
1927 4068 1961 4135 in

305 4175 464 4251 apparatu
493 4166 634 4252 diligens
662 4169 845 4252 praecessit
871 4169 960 4234 lama
983 4177 1017 4234 ct
1045 4176 1137 4234 tanta
1160 4168 1273 4234 Gallos
1303 4169 1480 4254 insignium
1508 4170 1580 4233 eius
1603 4169 1762 4236 relatione
1785 4172 1961 4259 conplevit,

304 4275 341 4331 ut
363 4271 454 4355 quasi
479 4272 611 4356 superni
635 4272 775 4336 numinis
799 4273 941 4336 adventu
964 4281 1021 4338 aut
1043 4273 1232 4358 praesentia
1254 4273 1475 4337 turbarentur.
1514 4272 1731 4339 concurrebat
1745 4275 1853 4339 omnis
1867 4280 1961 4341 aetas

305 4378 338 4435 et
361 4393 475 4447 sexus,
507 4380 540 4437 ct
563 4396 644 4460 quos
668 4396 688 4439 a
710 4375 877 4440 vicinitate
902 4377 974 4441 viae
1003 4379 1106 4463 ipsius
1134 4378 1232 4462 longa
1263 4376 1437 4442 intervalla
1466 4377 1697 4455 seiunxerant,
1728 4376 1827 4442 ardor
1858 4378 1960 4443 animi

408 4697 422 4749 1
442 4715 497 4750 esee
510 4701 605 4765 putabo
618 4700 696 4752 Sirm.
794 4700 811 4752 3
829 4703 1000 4754 femininum
1014 4703 1047 4769 B,
1065 4705 1182 4756 rodinum
1201 4722 1257 4771 carp.
1271 4704 1316 4755 lin.
1329 4704 1397 4755 uil'
1490 4702 1653 4757 bncnedeuti
1667 4703 1693 4753 Β
1743 4704 1791 4757 tibi
1808 4713 1961 4772 mutan,

304 4786 340 4835 rei
359 4786 398 4835 rel
415 4786 497 4837 ancile
516 4787 623 4852 aliquod
639 4789 741 4839 amdam
761 4791 937 4855 srrpporraeerim
1007 4789 1056 4857 cst]
1075 4808 1103 4843 es
1115 4791 1204 4843 Sebott
1219 4792 1247 4841 in
1263 4809 1321 4857 naq,
1339 4790 1417 4854 Bell,
1435 4790 1530 4841 Ilartel
1633 4788 1651 4843 b'
1668 4790 1799 4858 rospondit
1816 4807 1866 4843 om.
1878 4790 1960 4845 Sim.

304 4867 319 4920 'l
338 4871 475 4937 repleberis
490 4871 512 4920 Β
575 4873 654 4939 possit
671 4873 769 4923 codices
864 4872 881 4923 9
898 4892 1032 4928 successus
1044 4877 1069 4927 Β
1167 4876 1200 4928 10
1217 4879 1321 4944 perinde
1332 4878 1439 4942 cadica,
1456 4877 1562 4944 proinde
1579 4875 1666 4929 &tou
1683 4885 1707 4927 ct
1724 4875 1802 4929 Sim.
1863 4879 1962 4946 optimo

303 4972 351 5004 ont.
369 4955 461 5019 Sirra,
483 4957 601 5024 episeopo
617 4959 639 5007 U
758 4956 791 5008 13
809 4958 881 5010 hubis
901 4960 920 5027 (i
937 4962 1096 5029 corruptam)
1109 4963 1134 5013 B
1215 4972 1305 5030 gentes
1317 4962 1343 5013 B
1421 4963 1536 5015 redamas
1547 4961 1573 5012 Β
1696 4960 1728 5013 lb
1745 4963 1908 5031 proximitate
1920 4960 1961 5015 ΒῙ

303 5042 371 5106 qnod
390 5040 417 5105 (d
429 5041 457 5092 in
469 5040 517 5107 tu.)
528 5042 553 5092 Β
658 5043 690 5095 16
707 5044 852 5095 testimonio
864 5044 897 5109 B,
915 5047 1090 5099 testimonium
1102 5048 1185 5111 causi,
1202 5056 1292 5100 testem
1306 5047 1384 5099 Sina.
1490 5044 1523 5099 18
1540 5048 1640 5099 milium
1657 5046 1761 5113 Horret,
1778 5049 1885 5103 milibus
1900 5049 1962 5102 litut

303 5125 335 5177 21
354 5129 459 5180 stimulo
471 5126 517 5179 132
533 5139 556 5181 et
569 5130 657 5181 Sclsott
717 5131 820 5181 adorato
831 5128 871 5180 13¹
975 5130 1010 5183 22
1027 5134 1174 5186 conicemus
1185 5133 1211 5184 B
1314 5131 1349 5185 23
1366 5150 1458 5185 manns
1475 5150 1544 5185 meae
1556 5132 1690 5185 Beronices
1791 5131 1828 5187 24
1843 5136 1925 5189 camb
1936 5133 1963 5189 Β

303 5211 337 5263 25
355 5215 483 5281 epitlroma
500 5216 611 5279 cortices,
635 5217 770 5283 epitomum
789 5214 877 5266 Scbott
971 5228 1088 5270 censure
1105 5237 1153 5271 ont.
1171 5219 1249 5271 Sirra.
1343 5220 1469 5271 uirtutum
1485 5227 1603 5272 comme
1616 5218 1712 5273 Horret
1803 5219 1962 5275 adhibetoB

302 5298 337 5348 ‘lli
355 5298 452 5367 nostro]
470 5299 497 5353 ᾗ.
510 5299 613 5366 BVT1,
631 5320 683 5353 non
696 5302 745 5351 LO
795 5302 907 5367 spondeo
922 5303 954 5367 B,
972 5306 1112 5371 respondeo
1130 5307 1205 5357 cereri
1257 5305 1437 5373 obnegandum
1449 5304 1475 5355 Β
1569 5302 1603 5357 27
1621 5303 1657 5373 at]
1674 5304 1745 5357 adB
1800 5307 1909 5373 pontiflx
1920 5302 1962 5359 11¹

303 5385 371 5436 dicta
382 5386 407 5436 B
520 5386 555 5437 ‘28
572 5389 714 5439 distenatur
726 5387 751 5438 Β
858 5386 893 5437 29
910 5386 1020 5456 turpare]
1039 5398 1152 5457 tompore
1170 5390 1258 5443 Sclrott
1275 5400 1298 5442 et
1316 5390 1394 5443 Sirnr.
1503 5389 1536 5443 31
1555 5400 1693 5460 exsuperet
1707 5390 1732 5441 V
1835 5390 1871 5443 32
1886 5390 1962 5461 ergo]

303 5471 482 5536 igitnrscton
587 5471 621 5522 33
640 5472 731 5524 diceris
744 5470 786 5521 13¹
889 5470 923 5525 34
941 5475 1063 5525 nocibili
1125 5476 1343 5528 aristenobaturB
1446 5475 1481 5528 36
1498 5476 1716 5531 comittabaturB
1818 5474 1855 5529 38
1871 5486 1918 5529 aut
1928 5476 1963 5541 Β,

303 5574 351 5606 om.
365 5559 440 5606 ceteri
544 5557 579 5608 39
596 5560 776 5610 sciuucxerant
788 5557 814 5607 B
822 5557 865 5607 1⁷11
