4500 6232
327 249 366 310 78
835 239 950 294 axvrn
969 238 1091 305 (nrrsr.
1110 239 1135 297 s.
1153 241 1190 307 a),
1208 238 1296 292 axrx
1315 237 1420 305 (orer.
1438 238 1476 304 s).

324 417 494 481 efficacem
523 415 635 496 decet,
667 414 823 494 innotuit,
858 413 940 476 meis
971 411 1136 477 desiderat
1168 412 1335 477 beneficiis
1364 411 1553 496 subiugare.
1604 409 1792 477 transcribit
1823 410 1911 475 enim
1940 409 1982 475 ad

293 520 435 586 taliena
462 520 534 585 iura
557 517 710 584 sudorem
732 537 826 581 suum
849 516 903 600 qui
927 514 1049 580 debere
1073 516 1143 579 vult
1166 514 1442 580 commendaticiis
1465 513 1550 599 qnod
1573 519 1727 579 meretur.
1770 512 1848 578 dedi
1871 518 1983 579 umen

323 644 441 688 manus
473 623 626 709 precibus
654 627 688 685 ct
714 641 773 706 pro
803 621 871 684 eius
900 618 1062 684 desiderio
1095 619 1155 683 sub
1187 619 1361 683 occasione
1393 616 1602 683 exhibendae
1637 616 1828 682 humilitatis
1862 617 1983 703 scripta

325 728 497 814 prorogavi
521 726 618 791 deum
646 746 780 810 rogans,
810 732 846 787 ut
868 724 928 787 sub
952 724 1039 786 omni
1062 723 1230 788 celeritate
1253 723 1386 786 nuntius
1410 741 1463 785 mc
1488 726 1616 785 vestrae
1639 718 1828 784 valitudinis
1850 727 1886 784 et
1906 740 1981 808 pre·

325 831 492 916 speritatis
516 828 663 893 adtollat.
702 828 904 892 nominatum
928 834 1037 890 tamen
1061 848 1119 912 pro
1142 827 1205 891 mei
1230 825 1490 890 consideratione
1507 824 1697 909 magnitudo
1713 830 1823 890 vestra
1841 826 1983 908 gemino,
2042 850 2053 884 .·.

325 934 350 996 si
374 932 528 1016 indignus
552 937 703 1015 precator
726 951 790 994 non
814 951 894 1003 sum,
919 929 1031 994 farore
1056 930 1239 994 comitetur.

1004 1268 1123 1338 LXIX
1148 1273 1242 1356 (uror.
1258 1273 1303 1355 8).

507 1468 784 1541 PRAEFATIO
812 1467 957 1541 DICTA
984 1467 1207 1541 LVPICINO
1236 1466 1434 1556 QVANDO
1461 1465 1509 1540 IN
1537 1465 1804 1541 AVDITORlO

777 1604 1020 1679 TRADITVS
1047 1606 1136 1679 EST
1164 1604 1405 1678 DEVTERIO
1433 1605 1476 1678 V.
1505 1606 1542 1678 S.

298 1766 311 1825 Ῑ
437 1751 611 1862 Quotiens
635 1780 752 1844 amomi
776 1780 930 1844 flosculus
954 1786 1010 1844 aut
1032 1780 1148 1845 messis
1172 1781 1278 1844 casiae
1307 1801 1366 1866 por
1394 1777 1683 1866 depraedationem
1713 1782 1826 1849 lascivi
1856 1788 1986 1872 pollicis

327 1885 436 1950 radice
453 1884 626 1949 viduantur
650 1891 683 1947 et
705 1883 745 1947 ad
769 1883 881 1948 dotem
903 1905 1057 1948 manuum
1080 1885 1296 1948 humanarum
1319 1884 1429 1949 nobile
1453 1904 1588 1968 germen
1611 1883 1810 1971 adiungitur,
1834 1892 1986 1957 meritum
2036 1920 2060 1957 ιο

327 1990 459 2075 cespitis
488 1988 587 2052 odore
617 1989 779 2073 significat
807 1995 840 2052 ct
871 1994 1006 2053 naturae
1035 1990 1167 2074 genium
1195 1989 1297 2074 prima
1321 1988 1445 2052 visione
1474 1992 1624 2051 testatur.
1670 1990 1826 2056 occultari
1855 2015 1892 2059 se
1921 2017 1988 2061 non

326 2094 450 2178 patitur
474 2092 581 2157 fetura
608 2091 765 2155 sublimis.
809 2091 910 2156 decus
938 2093 1017 2156 olari
1047 2091 1216 2176 sanguinis
1248 2112 1312 2154 non
1344 2095 1476 2154 tenetur
1505 2090 1708 2157 abscondito.
1754 2114 1818 2159 vox
1846 2098 1988 2163 mundae

297 2197 464 2282 2originis
490 2196 567 2259 licat
590 2196 622 2259 in
653 2196 835 2259 recessibus
859 2217 989 2280 semper
1011 2194 1150 2258 auditur.
1196 2193 1253 2258 sed
1277 2194 1423 2278 quamvis
1446 2193 1493 2257 ita
1515 2214 1550 2259 se
1573 2216 1626 2259 res
1650 2195 1808 2279 habeant,
1836 2198 1987 2266 humani·

327 2300 403 2363 tatis
432 2300 570 2362 interest
599 2320 664 2362 non
696 2305 805 2364 tacere
835 2297 922 2384 quod
951 2299 1084 2383 gestias.
1130 2319 1243 2383 parum
1275 2297 1412 2382 suscipit
1441 2298 1549 2362 oneris
1581 2299 1636 2382 qui
1659 2299 1746 2383 quod
1769 2301 1832 2367 seit
1854 2301 1987 2389 dignum

329 2424 400 2467 esse
423 2424 533 2466 amore
558 2402 763 2469 conmendat.
808 2402 948 2467 feritatis
972 2402 1134 2465 maculam
1164 2423 1228 2465 non
1256 2400 1371 2479 evitat,
1401 2401 1455 2485 qui
1479 2421 1544 2464 non
1566 2402 1702 2467 festinat
1724 2403 1878 2472 adserere
1902 2408 1989 2494 quod
2039 2437 2061 2475 rs

328 2506 452 2570 maritis
474 2506 565 2569 novit
588 2526 661 2570 esso
685 2506 891 2591 placiturum.
938 2505 1024 2570 diem
1048 2505 1183 2569 laudare
1212 2505 1284 2589 quis
1313 2504 1456 2569 abnuat?
1501 2502 1661 2571 adtollere
1685 2507 1764 2572 solis
1788 2508 1897 2577 radios
1919 2514 1990 2598 quis

329 2616 454 2674 metuat
486 2608 631 2694 qualibet
663 2614 760 2673 nocto
793 2615 1001 2674 sermonum?
1055 2609 1082 2671 si
1111 2608 1248 2673 thomati
1281 2606 1475 2693 obsequium
1507 2615 1655 2693 praestat
1686 2613 1807 2693 oratio,
1843 2614 1886 2680 ab
1917 2617 1990 2703 ipso

299 2711 467 2797 3suscipit
497 2710 700 2797 dignitatem.
746 2712 868 2798 proprii
898 2733 975 2797 ergo
1004 2713 1127 2776 macies
1151 2733 1215 2774 non
1239 2711 1379 2775 turberis
1411 2710 1550 2795 ingenii,
1581 2712 1710 2797 quando
1734 2715 1856 2802 eloquii
1880 2718 1991 2784 vilitas

330 2815 435 2900 pretio
460 2822 634 2901 susceptae
658 2816 809 2880 dictionis
839 2817 1001 2882 elevatur:
1033 2815 1176 2900 erigere,
1207 2836 1297 2878 mens
1325 2813 1416 2878 fasce
1440 2812 1599 2900 depressa
1621 2815 1810 2901 inperitiae:
1849 2819 1989 2889 dextm

329 2918 452 3003 inpacti
475 2920 581 2983 oneris
605 2920 799 2984 sublevaris.
845 2917 902 2983 sed
928 2940 985 2982 cur
1008 2918 1114 3002 longis
1142 2916 1356 2981 involvimur?
1394 2920 1561 3002 praesenti
1592 2918 1841 2986 adulescentulo
1869 2925 1990 2991 militat
2039 2952 2064 2991 aa

330 3021 479 3107 praefata
506 3024 664 3103 narratio,
694 3045 790 3108 quom
818 3022 997 3088 rediturum
1025 3021 1066 3086 ad
1095 3042 1235 3108 proavos
1265 3042 1329 3085 non
1353 3020 1600 3087 denuntiatione
1623 3044 1805 3110 augurum,
1837 3028 1896 3093 sed
1919 3036 1992 3116 post

331 3121 428 3188 deum
451 3125 550 3189 fultus
574 3149 632 3212 spe
655 3126 734 3190 mihi
759 3134 887 3190 vestrae
911 3126 1120 3211 perfeetionis
1144 3124 1306 3210 spondeo,
1338 3146 1396 3188 nec
1420 3124 1565 3190 futurum
1587 3127 1734 3213 ambigo,
1764 3131 1933 3217 splendori
1956 3140 1990 3200 te

301 3228 430 3297 tistum
454 3249 586 3293 suorum
609 3252 706 3315 posse
730 3230 877 3309 reddere,
901 3251 997 3314 quem
1022 3229 1094 3292 aliie
1117 3229 1292 3293 contulisti.
1337 3235 1447 3314 potest
1470 3230 1556 3293 enim
1579 3231 1675 3297 facile
1699 3242 1847 3299 veterum
1870 3235 1991 3303 decora

331 3331 504 3411 suscitare,
543 3333 595 3397 eui
629 3333 678 3397 ias
713 3339 763 3397 est
799 3354 881 3396 nova
916 3338 1114 3396 construere.
1167 3353 1232 3396 non
1268 3330 1382 3396 credas
1418 3330 1499 3396 haec
1534 3355 1608 3398 esse
1643 3337 1742 3401 solius
1777 3338 1991 3405 incitamenta

331 3434 516 3501 facundiae.
560 3437 621 3501 tibi
650 3438 704 3501 uni
735 3458 929 3503 concessum
959 3442 1009 3499 est
1038 3435 1219 3499 claritatem
1251 3442 1307 3499 aut
1330 3434 1408 3498 dare
1431 3442 1488 3499 aut
1510 3457 1664 3522 reparare
1687 3440 1857 3509 maiorum.
1901 3450 1990 3509 stant
2039 3470 2063 3509 a

332 3546 408 3604 ante
437 3542 547 3605 oculos
577 3547 650 3605 tuos
673 3563 739 3605 non
762 3561 885 3605 annosa
908 3541 1002 3625 pueri
1024 3546 1233 3604 monumenta
1256 3537 1313 3602 sed
1337 3539 1493 3602 recentia.
1538 3541 1688 3625 peritiam
1712 3550 1801 3608 tuam
1825 3546 1989 3613 Firminus

333 3652 367 3709 et
391 3644 572 3731 Glycerius,
596 3646 713 3710 aetatis
737 3667 817 3710 suae
842 3643 960 3719 sidera,
984 3643 1045 3707 hac
1069 3663 1150 3707 voce
1175 3642 1387 3706 conveniunt:

301 3756 320 3815 5
444 3749 607 3834 ‘suscipe
640 3747 825 3813 doctissimo
856 3747 1038 3821 hominum,
1068 3747 1237 3830 utriusque
1266 3745 1410 3830 plantam
1443 3746 1586 3812 familiae
1615 3755 1649 3813 ct
1679 3751 1834 3831 culmum,
1867 3755 1900 3818 in
1924 3777 1989 3841 quo

332 3851 485 3937 gravidas
517 3853 636 3916 aristas
667 3854 791 3938 parias,
827 3850 988 3916 secundus
1016 3847 1167 3913 adtende.
1214 3850 1324 3934 scalpe
1357 3849 1489 3912 sarculis
1517 3850 1652 3915 uberem
1682 3860 1817 3937 terram,
1848 3879 1932 3943 quae
1962 3859 1990 3923 si

332 3957 434 4019 nostri
466 3962 516 4019 est
550 3955 706 4039 germinis
740 3956 854 4029 fibula,
888 3953 925 4016 fit
955 3954 1019 4017 tuis
1050 3953 1195 4038 profecto
1234 3953 1402 4016 laboribus
1437 3973 1644 4039 responsura.
1696 3957 1777 4023 doce
1809 3960 1874 4025 udo
1906 3963 1989 4028 libro
2040 3990 2065 4028 ro

334 4057 523 4123 adolescere
547 4060 699 4122 maritata
723 4059 894 4144 plantaria,
918 4058 1039 4121 novelli
1062 4056 1215 4120 dentibus
1232 4057 1365 4141 virgulti
1388 4055 1526 4119 fructum
1552 4059 1673 4122 surculi
1695 4063 1838 4127 melioris
1857 4064 1989 4130 adcom-

332 4160 437 4240 moda,
460 4163 573 4226 veniat
596 4184 764 4247 pomorum
790 4181 973 4236 successus,
1002 4159 1078 4224 dum
1102 4181 1158 4223 orc
1182 4166 1295 4224 tenero
1321 4159 1492 4224 sublimior
1514 4160 1555 4225 ab
1579 4161 1634 4226 illo
1657 4170 1690 4227 te
1714 4164 1854 4232 docente
1875 4169 1992 4254 planta

332 4262 509 4342 mordetur,
540 4266 617 4349 quia
645 4267 708 4329 nisi
739 4266 914 4330 edomitam
938 4272 1057 4328 terram
1082 4272 1196 4347 terque
1221 4271 1254 4327 et
1278 4270 1392 4348 quater
1414 4265 1579 4348 agricolao
1602 4266 1766 4350 ligonibus
1788 4271 1991 4358 scripserint,

303 4380 322 4438 6
334 4366 494 4431 triticeam
518 4390 660 4433 messem
684 4370 830 4454 paliurus
853 4368 1022 4453 superabit
1038 4374 1071 4431 et
1086 4368 1210 4431 lolium.
1248 4388 1365 4430 munus
1381 4367 1565 4432 Palladium
1582 4376 1617 4433 ct
1639 4392 1722 4436 cana
1744 4395 1875 4439 nemora
1898 4377 1989 4442 bacis

339 4540 401 4547 -—
419 4542 749 4550 -—--.—--—.-

440 4676 592 4730 lueeirffl
701 4677 895 4743 3humjsliutis
908 4679 933 4730 B
1001 4679 1132 4731 mnbuB
1235 4678 1412 4730 satanacV
1511 4678 1671 4734 trabereB

437 4777 543 4847 [LXIX]
580 4779 594 4832 7
615 4780 692 4850 dicus]
711 4785 767 4836 dica
780 4784 849 4833 BV!
924 4785 1026 4851 quando
1045 4786 1071 4836 in
1090 4825 1137 4837 ...
1156 4786 1324 4838 ‹leutericium
1337 4785 1386 4848 Bb,
1403 4801 1451 4834 oar.
1470 4785 1546 4834 ceteri
1657 4784 1674 4837 8
1692 4787 1814 4840 Deuterio
1827 4788 1858 4840 V.
1870 4792 1895 4842 S.
1909 4790 1990 4843 aim.

331 4864 348 4916 9
366 4869 489 4919 tluscolus
501 4868 526 4918 B
607 4871 703 4921 casamo
720 4870 777 4920 Teu
858 4872 963 4937 pollecis
975 4871 1000 4920 B
1122 4869 1156 4922 10
1173 4873 1257 4924 radice
1275 4891 1323 4922 om.
1336 4871 1414 4923 Siras.
1537 4869 1566 4919 ll
1588 4873 1691 4939 cispetis
1703 4871 1745 4922 13¹
1825 4885 1936 4929 nuturae
1948 4876 1973 4928 Β
1980 4875 1991 4914 ¹

333 4951 366 5003 12
384 4956 470 5005 future
484 4953 507 5005 B
513 4952 523 4989 ¹
663 4954 695 5006 13
713 4956 772 5007 lecit
788 4955 813 5005 Β
953 4955 985 5008 14
1005 4958 1112 5024 suscipit
1135 4959 1219 5023 (priua
1237 4959 1245 5008 i
1264 4959 1291 5008 ia
1309 4957 1357 5021 lit.)
1376 4957 1401 5007 B
1541 4956 1573 5007 lb
1595 4974 1681 5010 amore
1704 4959 1812 5026 dignum
1835 4978 1892 5014 esse
1911 4962 1990 5014 sim.

332 5040 458 5091 maculans
480 5039 537 5104 (alt.
556 5059 571 5092 a
588 5042 616 5092 in
635 5042 682 5106 lit.)
702 5042 727 5092 Β
867 5041 900 5093 16
922 5043 1038 5094 attollere
1059 5043 1082 5092 V
1177 5045 1262 5095 radias
1279 5042 1304 5094 B
1445 5041 1476 5093 18
1494 5044 1587 5095 macies
1612 5043 1698 5108 (casus
1715 5047 1866 5104 oocadousll
1885 5048 1992 5113 codices,

334 5128 414 5178 macie
425 5127 482 5178 edit.
550 5129 732 5180 adoliscentolo
743 5128 769 5178 B
873 5127 905 5179 21
927 5131 1085 5181 redditurum
1099 5130 1123 5179 Β
1193 5128 1313 5198 proauos]
1333 5130 1444 5197 proabus
1457 5129 1491 5192 Β,
1508 5131 1603 5196 probus
1620 5131 1644 5179 V
1646 5129 1656 5166 ¹
1765 5128 1800 5183 22
1818 5133 1947 5201 splendori
1958 5133 1992 5200 B,

332 5213 451 5278 splendor
463 5215 546 5277 celeri,
563 5212 723 5279 splendorem
735 5214 814 5264 Sirra.
900 5214 935 5266 23
953 5212 1041 5282 istum]
1056 5217 1097 5266 iuti
1110 5216 1186 5267 Sirra.
1274 5214 1308 5267 24
1327 5215 1463 5266 suliuoll‘¹
1551 5215 1586 5266 ‘25
1599 5219 1730 5269 incondito
1742 5218 1767 5269 B
1851 5216 1887 5270 26
1899 5222 1991 5273 oculus

332 5304 393 5348 tuus
407 5298 431 5347 B
551 5297 584 5349 27
603 5301 724 5366 glicerius
739 5301 774 5362 B,
799 5302 902 5352 licerius
920 5302 996 5352 ceteri
1074 5303 1233 5353 coruraninnt
1251 5303 1304 5367 (eni
1321 5303 1350 5352 in
1368 5302 1416 5365 lu.)
1429 5301 1453 5350 Β
1574 5300 1608 5351 29
1626 5310 1722 5354 areatas
1735 5303 1760 5353 Β
1838 5304 1997 5372 ριιοιῐιιιιΒ

332 5386 459 5436 accardus
474 5385 497 5434 Β
571 5387 674 5438 attendo
691 5386 714 5435 V
786 5388 890 5439 aureolis
902 5387 928 5436 B
1044 5385 1079 5435 30
1097 5385 1134 5453 fir}
1153 5389 1187 5438 ait.
1199 5389 1224 5449 b,
1246 5391 1310 5439 feret
1324 5387 1417 5437 Ilurlel
1529 5386 1561 5437 31
1580 5389 1720 5442 adoliscem
1738 5390 1765 5453 (ο
1783 5407 1815 5441 aa
1831 5408 1850 5442 u
1868 5392 1950 5457 corr.)
1964 5393 1990 5444 B

333 5471 427 5521 sarculi
440 5471 464 5520 Β
537 5474 698 5523 accommoda
713 5471 737 5520 l'
846 5471 880 5523 33
898 5473 1051 5523 acribaercnt
1064 5472 1087 5522 Β
1206 5471 1239 5524 34
1258 5473 1379 5539 palourua
1391 5472 1416 5522 B
1490 5491 1584 5526 munus
1604 5478 1672 5543 (serp.
1684 5477 1729 5527 ala
1743 5494 1760 5528 u
1773 5476 1821 5540 lit.)
1834 5476 1860 5528 Β
1928 5496 1993 5533 cam

335 5554 447 5620 nemora]
466 5575 600 5609 uriremora
617 5577 672 5624 sup.
687 5561 732 5609 lin.
751 5578 784 5611 ιιιι
797 5560 821 5609 Β
