4500 6232
879 260 914 315 Π.
941 259 988 314 Du
1007 259 1196 315 CODlCIBUS
1213 259 1363 316 nubent.

847 434 943 498 codes
964 434 1015 499 B:
1399 435 1473 500 bbri
1495 437 1539 501 ll
1555 434 1683 501 classis:

555 582 585 645 p.
608 560 723 638 201,lt)
746 556 907 642 requirunt
1376 557 1455 621 fiunt

603 666 696 741 209,1
742 660 887 747 puritatis
1377 661 1516 725 veritatis

603 768 696 845 2228
742 762 989 828 consideratione
1376 765 1495 829 ratione

605 872 699 948 227,8
744 867 957 955 plenissimam
1378 870 1504 956 plenam

605 976 721 1051 231,20
743 971 920 1035 debutionis
943 976 993 1053 (ε
1011 970 1197 1049 devotionis)
1379 973 1546 1038 debitionis

605 1079 720 1156 239,24
744 1075 869 1139 illorum

609 1180 724 1258 247,30
746 1176 867 1241 decoris

608 1286 722 1363 248,l9
746 1292 855 1348 natura
970 1292 975 1298 “

607 1391 700 1467 268,7
747 1410 808 1450 non

1317 1150 1320 1155 ,
1379 1100 1485 1142 eorum

1380 1180 1419 1245 de
1441 1181 1582 1268 eorporis
1637 1183 1649 1197 “

1380 1293 1463 1348 terra

1381 1410 1437 1452 nec

680 1495 699 1557 8
744 1513 802 1554 con
825 1512 859 1554 ec
875 1489 999 1554 untione
1014 1494 1064 1567 (=
1082 1487 1328 1568 concinnatione)
1381 1490 1661 1577 condempnatione

681 1598 721 1659 22
745 1592 838 1658 tidem

605 1700 721 1777 273‚13
743 1696 923 1783 pelegrinus

1381 1593 1526 1658 fiduciam

1381 1695 1508 1761 divinus

608 1805 722 1882 attat
745 1801 887 1888 plurimis
1381 1800 1524 1885 pluribus

606 1909 721 1985 282,18
745 1904 873 1969 servitio
1383 1904 1485 1968 officio

608 2011 720 2087 283‚21
746 2008 874 2074 Liberio
1382 2008 1478 2072 Floro

610 2116 725 2192 292,19
748 2113 829 2176 coris
849 2111 946 2176 dones
965 2134 998 2175 se
1021 2116 1070 2191 (=
1089 2108 1237 2196 Corydon
1253 2115 1331 2190 esse)
1383 2110 1519 2176 donasse
1540 2113 1623 2176 euris

609 2220 724 2296 aulas
747 2215 914 2301 adsurgere
1383 2217 1527 2302 occupari

610 2322 724 2398 3221ss
748 2319 809 2383 nisi
1383 2319 1408 2383 si
1432 2342 1493 2384 non

295 2496 342 2558 At
357 2494 420 2558 iam
436 2492 552 2557 sufficit
558 2517 566 2571 3
589 2492 663 2556 lieet
676 2493 758 2556 euim
775 2515 837 2557 uno
853 2493 903 2557 vel
919 2492 1015 2556 altero
1031 2491 1100 2555 loeo
1116 2489 1231 2575 ambigi
1255 2491 1369 2577 possit,
1392 2502 1494 2555 utmm
1510 2493 1657 2559 lectiones
1674 2494 1827 2576 secundae
1843 2494 1953 2559 elassis

296 2601 414 2665 librarii
445 2623 500 2686 per
529 2599 752 2685 neglegentiam
781 2598 1014 2664 immutaverint
1044 2621 1082 2663 an
1107 2608 1281 2684 pmpterea,
1311 2597 1395 2683 quod
1418 2598 1503 2661 vitiis
1526 2599 1685 2686 archetypi
1708 2600 1806 2664 eoacti
1829 2599 1954 2684 iugenio

297 2727 354 2768 suo
376 2704 480 2791 potius
504 2726 598 2789 qnam
625 2703 723 2767 oeulis
754 2701 964 2781 confidebant,
991 2711 1113 2766 constat
1135 2702 1284 2789 plurimas
1316 2710 1399 2764 certo
1422 2701 1553 2765 consilio
1575 2701 1673 2767 factas
1696 2712 1727 2768 et·
1748 2704 1863 2768 multas
1886 2725 1955 2768 esse

298 2831 382 2874 mera
402 2808 592 2894 glossemata
606 2817 637 2872 et
654 2807 853 2872 coniecturas.
887 2829 994 2872 omnes
1018 2817 1119 2871 autem
1143 2813 1215 2870 sunt
1237 2815 1299 2870 tam
1323 2806 1504 2891 singulares,
1527 2816 1562 2871 ut
1584 2806 1716 2886 codices,
1738 2808 1853 2894 quibus
1875 2808 1954 2873 tales

298 2911 447 2976 lectiones
470 2933 649 2975 communes
672 2920 754 2991 sunt,
775 2909 913 2975 eiusdem
936 2932 1004 2975 esse
1019 2910 1156 2975 familiae
1177 2919 1208 2974 et
1231 2908 1401 2973 abeodem
1425 2911 1592 2998 exemplari
1616 2910 1751 2999 pendere
1765 2912 1956 2979 confidenter

298 3015 360 3079 dici
390 3015 500 3102 possit.
551 3014 664 3100 quodsi
693 3025 875 3100 argumento
901 3015 1058 3079 cumulare
1087 3036 1197 3101 pergo,
1231 3035 1293 3077 non
1323 3012 1356 3077 id
1386 3013 1461 3077 mibi
1491 3015 1689 3100 propositum
1716 3027 1776 3096 est,
1809 3027 1844 3081 ut
1874 3016 1954 3082 duas

300 3117 442 3183 codicum
466 3118 582 3183 classes
605 3117 823 3184 discernendas
851 3141 919 3184 csse
947 3116 1165 3206 persuadeam,
1193 3115 1247 3181 sed
1276 3125 1311 3180 ut·
1338 3116 1547 3202 intellegatur,
1576 3142 1639 3205 qua
1660 3119 1803 3185 libertate
1830 3121 1872 3202 is,
1900 3123 1954 3208 qui

301 3226 503 3311 archetypum
527 3224 680 3290 secundae
702 3226 812 3290 classis
834 3225 1034 3312 eerrseripsit,
1056 3225 1088 3288 in
1112 3223 1215 3288 verbis
1239 3221 1395 3286 mutandis
1420 3245 1495 3286 usus
1519 3224 1567 3287 sit.

1531 3394 1604 3459 utri
1627 3396 1671 3459 ΙΙ
1687 3397 1815 3461 classis:

299 3543 328 3606 p.
367 3522 434 3600 ml
460 3518 866 3604 nonputanterudituslma
893 3541 954 3582 uon
978 3526 1088 3604 putant
1111 3517 1249 3582 eniditos
1272 3517 1341 3580 loca
1387 3537 1448 3578 non
1471 3524 1578 3601 patent
1602 3516 1731 3581 enrditis
1754 3518 1824 3583 loeo

344 3627 415 3703 392
460 3623 591 3687 extimat
608 3623 692 3686 nasei
713 3645 805 3710 posse
822 3623 868 3687 of·
893 3622 1086 3686 aestimato.
1111 3645 1140 3707 p.
1163 3644 1190 3684 o.
1386 3618 1545 3682 existimat
1566 3618 1651 3704 quod
1674 3623 1759 3685 nasei
1782 3624 1884 3709 possit
1909 3623 1957 3688 os·

495 3726 615 3791 tensam
1430 3720 1517 3785 sensa

496 3398 591 3461 codem
614 3398 663 3461 B:
1027 3419 1101 3461 itero
1123 3397 1227 3460 lectur:

344 3832 414 3907 63st
460 3830 600 3894 onerabit
894 3829 1034 3893 onemvit
1385 3825 1535 3889 onerabat

344 3934 438 4010 6420
462 3956 522 3996 non
560 3932 724 3997 involvunt
759 3932 868 3996 nebule
894 3955 923 3996 n.
947 3933 965 3996 i.
989 3931 1119 3996 nebulae
1385 3950 1447 3991 non
1478 3929 1611 3994 involvit
1639 3933 1752 3999 nebula
1780 3937 1957 4023 praedicate

498 4034 711 4121 pmedieantes
756 4035 835 4099 lueis
894 4060 924 4121 p.
947 4037 966 4099 l.
990 4059 1016 4098 a.
1428 4032 1507 4096 lucis
1530 4043 1671 4100 auctores

498 4150 654 4204 auctorem

324 4244 436 4321 reatu
460 4252 607 4308 restatute
623 4241 848 4308 mendatissirni
898 4251 992 4306 restat
1015 4253 1050 4306 ut.
1071 4240 1313 4306 emendatissimi
1389 4249 1483 4305 restat
1506 4251 1609 4306 autem
1632 4243 1875 4313 emendatissimi

322 4348 415 4424 206,4
460 4347 534 4410 stilli
897 4347 958 4409 stili
1389 4342 1497 4407 stellae

322 4453 415 4528 alls
461 4451 487 4514 si
499 4450 618 4514 eaelum
627 4450 803 4514 lancearum
814 4449 872 4512 inr·
897 4472 921 4513 s.
944 4472 968 4512 c.
992 4450 1011 4513 l.
1035 4450 1053 4513 i.
1076 4448 1237 4525 obtexerit,
1389 4470 1413 4510 s.
1437 4469 1463 4510 e.
1486 4447 1504 4512 i.
1528 4448 1546 4511 i.
1569 4449 1736 4529 obtexeret,

499 4554 554 4618 ber
564 4553 730 4631 obtexeret,
742 4553 796 4638 qui
808 4552 871 4617 for·
897 4576 925 4638 q.
947 4553 968 4616 f.
991 4561 1011 4615 t.
1035 4553 1147 4631 iecerit,
1388 4576 1417 4637 q.
1440 4552 1460 4615 f.
1483 4561 1504 4615 t.
1528 4553 1648 4631 iaceret,

499 4657 560 4721 tius
569 4657 665 4720 telum
676 4656 794 4735 ieeemt,
806 4679 868 4720 non
895 4679 925 4719 n.
947 4655 1056 4720 latebit
1389 4678 1417 4718 n.
1440 4655 1549 4719 lateret

500 4760 613 4824 latebet

324 4864 439 4941 237,14
463 4885 557 4949 rogus
896 4886 988 4948 rogos
1389 4885 1497 4948 rogum

323 4968 416 5043 auat
461 4967 691 5051 contingerit
703 4966 870 5030 territur...
896 4967 1084 5051 contingeret
1101 4992 1152 5029 ...·
1166 4965 1295 5028 ferretur
1316 5014 1342 5028 ..
1356 5014 1362 5029 .
1389 4967 1547 5052 continget
1564 5017 1590 5031 ..
1604 5017 1610 5032 .
1626 4968 1721 5032 fertur
1741 5019 1785 5035 ...
1807 4972 1959 5058 multipli-

500 5070 755 5155 multipliearetur
944 5069 1201 5155 nurltipliearet-ur
1433 5078 1522 5134 catur

323 5175 438 5250 setas
462 5171 607 5237 delitetur
898 5172 1078 5236 debilitetur
1391 5172 1559 5238 delectetur

323 5279 417 5355 308,8
462 5275 637 5363 possidensi
660 5273 804 5339 <lentibus
897 5274 1130 5361 possidentibus
1392 5276 1554 5364 possidens
1578 5277 1757 5346 videntibus

303 5435 396 5510 (ittae
418 5433 445 5497 si
467 5434 537 5521 quis
562 5433 642 5498 inter
664 5454 698 5496 se
719 5432 955 5520 comparaverit,
978 5442 1160 5518 cognoscet,
1189 5441 1306 5519 quanta
1332 5431 1530 5520 simplicitate
1558 5445 1589 5500 et
1615 5445 1648 5500 nt
1676 5437 1720 5504 ita
1746 5438 1849 5505 dicam
1871 5440 1960 5506 iuno·

302 5538 404 5604 centia
434 5539 531 5605 codex
560 5539 775 5605 Bnrxellensis
810 5537 958 5605 leet-iones
987 5538 1173 5626 depravatas
1202 5540 1446 5622 consensaverit,
1479 5552 1596 5629 quanta
1624 5543 1754 5610 asidaeis
1787 5554 1818 5610 et
1844 5546 1961 5613 astutia
