4500 6232
1148 258 1241 318 xxm
1259 260 1380 331 (eran
1399 266 1423 330 1,
1441 257 1478 334 r).

853 437 997 504 Lubrica
1018 438 1180 526 Cecropio
1202 437 1369 503 confidens
1391 438 1504 525 lingua
1526 446 1660 505 coturno

900 543 957 607 Nil
979 544 1079 608 iactet
1100 544 1227 631 priscos
1250 543 1423 608 nobilitate
1447 544 1527 608 seni.

852 646 892 712 ln
914 654 1063 712 vetemm
1086 669 1210 713 morem
1233 648 1348 734 pangit
1369 668 1456 712 nova
1477 648 1620 713 carmina
1642 649 1795 733 Faustus,

899 751 965 826 Qui
987 774 1047 839 per
1068 753 1216 818 membra
1239 773 1334 817 suum
1357 751 1489 817 desecat
1511 759 1582 818 arte
1604 754 1718 821 melos.

770 877 794 915 rs
853 855 979 921 Doctus
1002 857 1045 921 ad
1067 856 1220 922 incudem
1242 858 1346 923 verba
1367 857 1562 923 infabricata
1582 859 1717 940 referre,

900 960 1057 1046 Quosque
1081 962 1160 1027 facit
1181 981 1297 1026 versus
1321 966 1437 1046 terque
1460 966 1638 1046 quaterque
1659 963 1786 1049 probat.

851 1064 956 1128 Aetas
979 1085 1062 1130 cana
1083 1064 1186 1129 refert
1207 1063 1318 1150 digitis
1341 1064 1505 1129 animasse
1528 1063 1698 1150 Myronem

897 1167 995 1242 Quod
1016 1168 1162 1253 fingebat
1185 1190 1267 1256 opus
1289 1168 1472 1233 vivificante
1495 1190 1604 1234 manu.

851 1272 902 1336 Tu
924 1271 1033 1338 verbis
1055 1272 1175 1338 faciem
1197 1272 1326 1354 tribuis,
1348 1271 1569 1338 modulamine
1592 1274 1748 1342 membra.

768 1396 794 1436 eo
901 1374 997 1447 Quod
1020 1381 1137 1439 natura
1159 1374 1233 1455 deo,
1255 1375 1318 1440 hoc
1341 1374 1402 1439 tibi
1425 1373 1505 1439 dant
1528 1375 1645 1441 studia.

848 1479 888 1543 In
910 1480 1057 1545 vetulum
1081 1479 1199 1544 dexter
1221 1479 1249 1542 si
1271 1484 1382 1544 vertas
1404 1479 1532 1565 plectra
1555 1479 1704 1560 cadaver,

897 1584 1108 1650 Primaevum
1129 1583 1232 1648 facias
1256 1582 1449 1648 aedificante
1471 1584 1552 1670 lyra.

850 1688 886 1752 si
909 1689 1007 1754 flores
1031 1687 1167 1752 simules
1189 1687 1293 1772 gelidi
1315 1689 1375 1773 pe'r
1396 1686 1544 1774 plaustra
1565 1687 1691 1770 Bootis,

896 1791 977 1856 Mox
999 1790 1153 1856 Helicem
1175 1790 1285 1854 remis
1309 1789 1420 1854 sibilat
1441 1811 1522 1854 aura
1544 1790 1658 1856 modis.

766 1916 791 1955 rs
849 1893 1014 1979 Ninguida
1036 1895 1266 1974 lustrarem,
1290 1892 1428 1958 tundant
1449 1893 1509 1958 tibi
1531 1893 1652 1979 frigora
1673 1901 1827 1978 mustum,

896 1998 1052 2064 Ferventi
1074 1997 1186 2063 Pallas
1210 1996 1318 2062 sidere
1341 1995 1428 2061 dona
1449 1997 1544 2062 ferat.

848 2101 953 2167 Piscis
976 2103 1010 2166 in
1033 2101 1179 2167 aetherio
1203 2121 1300 2186 quem
1324 2107 1436 2187 portas
1459 2101 1584 2165 vertice
1607 2106 1731 2166 tranet:

896 2204 932 2269 Si
954 2205 1071 2271 iubeas
1094 2225 1203 2285 versu,
1227 2224 1389 2268 marmora
1412 2224 1529 2269 cervus
1551 2210 1649 2268 amat.

847 2307 1013 2373 Faucibus
1038 2329 1056 2373 e
1079 2306 1199 2372 mediis
1221 2307 1352 2393 inpasto
1376 2306 1503 2370 viscera
1524 2305 1679 2392 praedam

764 2434 790 2472 so
893 2411 960 2477 Ore
983 2418 1102 2498 potens
1125 2410 1231 2493 tollas,
1256 2431 1354 2496 quam
1375 2416 1467 2476 tenet
1489 2431 1545 2475 ore
1568 2411 1631 2476 leo.

846 2516 917 2581 Iam
942 2517 1009 2580 seio
1034 2515 1170 2580 Castalii
1193 2535 1256 2602 quo
1281 2536 1332 2580 me
1356 2515 1503 2579 traxistis
1526 2536 1671 2581 amores:
1726 2511 1729 2516 ’

895 2620 1069 2686 Accedunt
1092 2620 1197 2706 culpis
1220 2639 1357 2685 munera
1379 2626 1488 2684 vestra
1511 2619 1601 2684 meis.

848 2827 963 2893 Sutilis
986 2826 1027 2891 ad
1050 2825 1190 2891 tumidas
1214 2827 1339 2913 rapitur
1360 2846 1435 2892 mea
1457 2827 1575 2892 cumba
1597 2829 1770 2913 procellas,

845 2931 1013 2997 Hibernos
1035 2951 1174 3019 passura
1195 2935 1300 3012 notos,
1325 2952 1423 3016 quam
1446 2932 1556 2996 navita
1578 2952 1703 3020 pauper

763 3056 788 3094 ss
847 3034 1017 3100 Rimosam
1040 3036 1129 3100 tenui
1151 3035 1280 3121 fingens
1304 3034 1345 3100 de
1369 3035 1491 3101 cortice
1514 3037 1648 3124 puppim

848 3137 1031 3227 Conposuit
1053 3159 1238 3224 nomenque
1263 3138 1352 3204 dedit
1375 3140 1445 3205 sine
1469 3139 1566 3205 laude
1588 3140 1726 3226 phaseli.

846 3242 910 3308 Illa
930 3265 993 3309 uec
1015 3243 1165 3329 Aegeum
1186 3244 1324 3330 pelagus
1347 3264 1408 3309 nec
1430 3245 1526 3309 litora
1548 3244 1662 3309 Phrixi

845 3347 917 3411 Nec
940 3368 1167 3433 quaecumque
1189 3348 1280 3412 valet
1301 3354 1377 3411 trux
1400 3367 1544 3434 aequora
1566 3369 1698 3414 verrere
1722 3348 1822 3413 tundo

844 3450 970 3517 Aeolus
992 3453 1137 3537 agnovit,
1160 3451 1306 3538 placidos
1330 3451 1390 3516 sed
1412 3452 1550 3537 gurgitis
1573 3453 1630 3517 alti

760 3577 787 3615 so
845 3555 1014 3641 Praelegit
1034 3557 1120 3622 bene
1144 3561 1242 3621 cauta
1264 3556 1365 3638 sinus,
1388 3556 1446 3620 ubi
1469 3557 1590 3622 serviat
1611 3555 1744 3637 Auster,

845 3659 920 3726 Non
942 3661 1000 3725 ubi
1023 3681 1124 3746 regna
1146 3666 1249 3747 petat,
1272 3661 1423 3746 quotiens
1447 3660 1493 3725 ibi
1516 3661 1640 3747 remige
1663 3661 1754 3726 lento

845 3763 965 3830 Sibilat
987 3765 1021 3830 in
1044 3766 1188 3830 tremula
1210 3765 1396 3832 discurrens
1421 3786 1501 3830 aura
1522 3766 1641 3833 carina.

842 3867 962 3932 Lintea
984 3889 1061 3933 nam
1084 3868 1219 3933 summis
1242 3868 1318 3933 dum
1341 3870 1487 3956 crispant
1508 3890 1596 3935 nexa
1618 3869 1754 3948 cerucis,

842 3968 937 4043 Quae
960 3978 1091 4058 portant
1113 3978 1236 4038 mortes
1259 3980 1429 4059 praestant
1451 3973 1531 4038 milri
1553 3974 1684 4038 flamina
1706 3993 1848 4037 somnos.

761 4204 785 4242 e
842 4180 919 4246 Huc
942 4188 1068 4247 vertam
1090 4185 1237 4271 puppim,
1261 4184 1360 4249 certis
1383 4205 1457 4249 mea
1480 4183 1617 4248 carbasa
1640 4183 1746 4249 ventis

891 4286 1144 4367 Commendans,
1168 4309 1283 4353 cursus
1307 4288 1386 4353 artis
1410 4289 1546 4375 opisque
1569 4308 1673 4352 meae.

843 4390 956 4455 Flecte
979 4392 1065 4455 viam
1088 4391 1170 4456 velis
1194 4392 1388 4479 clavumque
1411 4392 1453 4457 ad
1474 4393 1581 4470 litora,
1603 4388 1755 4456 Phoebe:

891 4493 1047 4559 Auohora
1068 4495 1269 4582 proscissum
1291 4496 1440 4562 mordeat
1462 4516 1547 4561 unca
1569 4496 1685 4560 solum.

943 4700 1048 4782 Musa,
1072 4701 1233 4767 dictorum
1256 4710 1354 4790 caput
1377 4703 1582 4789 optimorum,

762 4824 787 4862 so
942 4803 1125 4869 Herbidam
1148 4807 1275 4893 fingens
1298 4807 1431 4873 hederis
1455 4826 1619 4880 coronam,

579 5153 602 5186 v.
618 5132 650 5186 11
668 5135 779 5201 eioropio
791 5134 889 5186 codices
977 5151 1002 5185 v.
1017 5132 1050 5185 12
1063 5132 1127 5202 seui]
1141 5153 1215 5188 sanos
1227 5135 1274 5200 Po,
1292 5153 1353 5187 sene
1363 5136 1478 5201 intellege
1566 5152 1591 5185 r.
1602 5134 1636 5185 14
1649 5132 1789 5185 menbraB
1876 5149 1901 5183 v.
1912 5130 1945 5183 17
1957 5149 2089 5199 mytonem
2099 5132 2133 5198 B,

473 5238 602 5274 maronem
620 5222 696 5273 ceteri
808 5238 833 5273 v.
853 5218 887 5271 19
904 5222 1009 5273 menbra
1025 5221 1051 5271 Β
1166 5241 1190 5272 v.
1208 5221 1244 5273 23
1260 5223 1361 5274 simulis
1378 5222 1404 5272 Β
1518 5238 1541 5271 r,
1559 5218 1594 5271 24
1616 5222 1706 5272 elicem
1724 5220 1822 5271 codices
1933 5236 1958 5270 r.
1976 5215 2012 5269 ‘29
2033 5219 2133 5270 uiscera

472 5306 552 5360 Sirm.
668 5324 694 5358 r.
712 5304 748 5359 30
766 5316 856 5375 potans
873 5306 915 5356 V⁰
1033 5325 1059 5360 v.
1071 5307 1106 5359 34
1124 5305 1221 5374 nauita]
1241 5310 1348 5361 natiuita
1361 5308 1403 5357 B!
1515 5325 1541 5360 v.
1560 5305 1595 5358 36
1612 5308 1704 5375 phasili
1716 5306 1788 5356 13171
1893 5323 1918 5356 v.
1931 5301 1964 5355 37
1982 5321 2030 5356 noo
2047 5301 2131 5370 litora]

472 5394 601 5445 nedictora
613 5393 638 5444 Β
646 5394 657 5432 ¹
773 5411 798 5445 r.
811 5390 845 5444 43
862 5394 957 5444 cirueis
968 5394 1074 5457 codices,
1091 5412 1137 5446 ear.
1151 5393 1231 5445 Sires.
1349 5412 1373 5446 v.
1392 5391 1426 5444 44
1444 5411 1550 5446 somnus
1562 5393 1588 5445 Β
1707 5409 1731 5443 v.
1749 5389 1784 5443 45
1802 5387 1917 5459 puppim]
1936 5391 2031 5458 pippim
2046 5387 2136 5441 wo

471 5496 496 5531 v.
515 5477 549 5529 46
567 5496 656 5531 corsos
670 5479 696 5529 B
808 5497 834 5532 v.
845 5477 880 5530 47
893 5480 977 5531 littora
990 5479 1033 5530 13¹
1110 5481 1183 5532 loebe
1195 5479 1272 5531 BVL
1384 5498 1410 5533 v.
1422 5478 1457 5531 48
1474 5497 1542 5532 unca
1555 5477 1623 5544 OPo,
1640 5477 1792 5539 udaBl'L,·
1810 5479 1843 5543 cs.
1860 5495 1887 5543 p.
1901 5480 1918 5527 d
1934 5493 1957 5528 o.
1970 5480 2003 5527 16
2020 5483 2044 5526 et
2058 5475 2132 5544 Verg.

471 5564 537 5618 Aen.
551 5564 571 5615 I
579 5569 629 5617 169
730 5583 755 5618 r.
766 5563 802 5616 49
815 5567 933 5617 saiticum
951 5566 1029 5617 inser.
1045 5564 1164 5618 VLTOP
1230 5566 1313 5634 capud
1325 5564 1367 5616 Β]
