4500 6232
740 308 1045 379 cannenses,
1065 306 1391 378 revcexnnsrnror.
1412 307 1463 375 re).
1869 314 1924 375 191

277 483 337 550 sed
356 504 487 572 semper
509 482 551 548 de
567 501 710 570 superna
731 485 854 571 pietate
876 481 1051 569 postulavi,
1074 479 1292 568 magnitudini
1314 487 1391 544 tuae
1416 480 1572 565 splendor
1594 481 1748 547 adcessit.
1782 482 1930 548 redditus

276 596 329 654 est
351 586 465 672 generi
488 594 522 652 at
544 586 689 652 moribus
711 587 777 652 tuis
800 608 904 673 apex,
932 606 992 670 per
1021 606 1118 670 quern
1141 584 1364 649 eonscientiae
1389 583 1495 648 fidelis
1526 585 1559 647 in
1582 584 1689 649 lucem
1713 585 1842 672 prodire
1866 607 1929 650 non

275 690 430 755 formidet
456 690 639 774 integritas.
683 687 766 755 deus
792 689 893 767 bone,
923 688 1050 753 indulta
1078 687 1222 767 custodi,
1251 709 1336 772 auge
1365 688 1573 752 successibus
1603 688 1689 774 quod
1716 688 1850 767 dedisti,
1878 692 1962 755 laet

274 794 361 860 circa
383 814 513 859 servum
536 800 628 857 tuum
651 794 789 879 primum
817 813 891 857 esse
921 790 1057 876 gradum
1081 791 1137 876 qui
1160 813 1304 856 summus
1328 797 1389 856 est.
1435 791 1603 876 praecipio
1628 813 1686 878 spe
1710 793 1820 858 lutura
1843 814 1927 879 quae
1980 841 2032 883 ,bip

209 944 215 956 .
275 897 444 984 deprecor.
488 896 643 962 nesciunt
664 896 696 960 in
722 895 846 960 loribus
869 895 1019 976 haerere,
1043 915 1128 979 quae
1153 897 1244 960 caelo
1267 901 1400 958 auctore
1423 894 1620 961 tribuuntur.
1665 917 1796 982 semper
1817 893 2086 996 incre-¹35&

198 1953 223 1992 15

199 2962 225 3002 :³0

275 1000 395 1066 mentis
417 999 460 1064 ad
484 1001 615 1066 eulmen
636 997 835 1079 ascenditur,
859 1000 916 1064 ubi
940 1020 1101 1084 supernus
1124 999 1217 1063 lavor
1239 1004 1385 1085 praestat
1408 997 1591 1062 exordium.
1630 1000 1701 1083 quis
1726 1000 1788 1064 hoc
1811 1001 1845 1064 in
1864 1002 1963 1064 vita3

274 1104 441 1170 hominum
458 1104 510 1168 vel
524 1124 647 1185 eornm,
669 1103 725 1188 qui
741 1101 1026 1166 conversationem
1050 1122 1142 1166 suern
1164 1101 1254 1165 nulla
1270 1098 1459 1164 custodiunt
1481 1100 1567 1165 nube
1586 1102 1788 1181 sordentem,
1812 1103 1928 1168 adces-

274 1211 359 1274 sisse
383 1208 446 1273 sibi
472 1206 525 1272 die
547 1228 614 1272 una
629 1207 821 1293 gratuletur,
845 1213 877 1270 te
901 1204 1062 1269 honorum
1078 1204 1224 1290 auspicia
1247 1204 1432 1287 ingressum
1455 1210 1490 1267 et
1513 1202 1607 1268 dulce
1632 1225 1740 1269 meunr
1759 1205 1930 1271 Senarium

275 1311 316 1376 ab
339 1312 464 1376 ultimis
486 1316 646 1376 terrarum
661 1310 811 1397 partibus
828 1309 1037 1375 restitutum?
1067 1308 1177 1373 brevis
1201 1307 1355 1371 horarum
1379 1328 1495 1371 cursus
1519 1306 1676 1387 interfuit,
1700 1315 1736 1372 ut
1759 1316 1792 1372 et
1815 1317 1849 1373 tu
1873 1331 1929 1395 pa·

277 1415 356 1479 latio
380 1418 477 1479 natus
499 1420 535 1479 et
556 1413 613 1479 ille
636 1415 679 1479 sit
700 1412 858 1479 redditus.
904 1411 1099 1476 inveritate
1123 1409 1195 1474 dieo
1228 1416 1261 1473 et
1283 1409 1324 1474 de
1349 1408 1403 1474 dei
1426 1408 1654 1474 misericordia
1687 1411 1767 1476 mihi
1796 1433 1931 1476 securus

277 1517 440 1603 spondeo,
471 1515 640 1602 fragilitati
667 1538 761 1582 meae
784 1515 948 1602 praesidia
971 1514 1063 1579 caelo
1085 1513 1289 1598 obsequente
1313 1512 1460 1578 concedi.
1506 1513 1690 1600 spondetur
1714 1515 1811 1594 mihi,
1843 1515 1931 1600 quod

276 1621 369 1686 vobis
398 1628 450 1688 est
475 1621 678 1707 praestitum.
723 1620 854 1685 domine
887 1620 946 1699 mi,
977 1617 1181 1682 salutationis
1211 1617 1368 1703 obsequia
1395 1617 1579 1703 suscipiens
1609 1638 1704 1703 rogo,
1735 1623 1771 1681 nt
1797 1618 1825 1682 si
1853 1618 1961 1703 quide

274 1725 378 1790 amori
410 1746 484 1789 meo
515 1723 651 1805 tribuis,
679 1724 832 1789 domnum
860 1723 991 1787 animae
1020 1743 1113 1786 meae
1143 1714 1337 1801 Senarinm,
1362 1726 1398 1784 ut
1420 1720 1506 1805 apud
1536 1743 1588 1785 me
1617 1727 1761 1802 maneat,
1791 1742 1930 1787 exorare

274 1827 417 1914 pleniter
458 1847 523 1892 non
563 1825 706 1892 omittas.
761 1824 848 1913 quod
888 1825 952 1890 nisi
986 1825 1184 1903 obtinueris,
1222 1823 1359 1889 multum
1397 1822 1476 1888 mihi
1514 1822 1555 1888 de
1590 1822 1765 1889 hilaritatis
1801 1825 1931 1889 cumulo

276 1929 479 2017 decerpsisti.

913 2178 1091 2250 coxam
1114 2179 1210 2267 (orer.
1230 2179 1293 2266 18).

662 2379 710 2453 ΙΝ
736 2376 1006 2454 TYRANNVM
1034 2375 1116 2467 QVI
1143 2376 1343 2450 PRAEMII
1370 2374 1553 2449 NOMINE

455 2516 751 2593 PARRICIDAE
779 2515 1008 2591 STATVAM
1036 2515 1182 2589 INTER
1209 2515 1354 2590 VIROS
1383 2515 1571 2590 FORTES
1599 2517 1753 2593 DEDIT.

844 2653 978 2728 DATA
1003 2652 1226 2727 ARATORI
1253 2653 1297 2727 V.
1325 2651 1367 2727 C.

386 2797 572 2911 Quamvis,
601 2829 744 2911 iudices,
768 2832 909 2897 virorum
932 2831 1063 2897 fortium
1086 2831 1215 2917 efligies
1231 2852 1383 2896 mansuro
1399 2833 1589 2916 perenniter
1611 2853 1688 2898 aere
1706 2838 1878 2898 servantur
1900 2837 1960 2896 etl

277 2954 337 3019 pcr
358 2933 441 2999 haec
464 2934 640 2999 simulacra
663 2935 813 2999 nesciant
835 2935 960 3000 obitum
985 2936 1037 3001 vel
1068 2936 1205 3022 sepulti,
1236 2937 1382 3020 quamvis
1413 2936 1446 2999 in
1474 2936 1705 3002 aeternitatem
1734 2937 1853 3021 migret
1875 2958 1934 3022 per

275 3034 334 3100 has
361 3042 452 3102 artes
484 3037 592 3123 imago
621 3037 805 3102 mortalium
835 3045 869 3103 et
899 3044 1073 3124 angustam
1102 3037 1264 3104 humanae
1299 3046 1436 3104 naturae
1471 3041 1580 3124 legem
1612 3041 1723 3106 vineat
1756 3040 1931 3105 industria:

277 3146 389 3205 tamen
414 3141 544 3206 virtutis
567 3142 709 3229 pretium
736 3162 796 3205 nec
823 3141 986 3228 parricida
1012 3142 1187 3227 aliquando
1210 3141 1330 3206 meruit
1353 3163 1413 3205 nec
1436 3148 1594 3227 tyrannus
1619 3144 1770 3208 exsolvit.
1802 3142 1965 3228 quendo2

276 3264 393 3308 munus
424 3244 647 3310 innocentium
681 3251 737 3309 aut
764 3245 946 3310 sceleratus
981 3244 1092 3310 elicuit
1124 3251 1181 3309 aut
1212 3265 1390 3329 oppressor
1423 3243 1585 3311 libertatis
1621 3246 1780 3330 ingessit?
1814 3253 1932 3327 statua,

277 3348 454 3413 venerandi
485 3350 675 3436 praesules,
705 3348 833 3414 sudoris
864 3348 989 3414 lruetus
1018 3355 1084 3425 est,
1112 3346 1231 3412 iudicio
1262 3347 1429 3414 reddenda
1457 3349 1638 3433 purissimi,
1667 3355 1704 3412 ut
1734 3350 1768 3414 in
1796 3356 1933 3436 utroque
1953 3365 2005 3408 rna.
2019 3365 2035 3407 1.
2050 3378 2069 3408 c.

278 3472 443 3538 congruus
467 3453 553 3518 nitor
575 3474 637 3519 nec
659 3452 892 3540 suscipientem
915 3452 1120 3525 devenustet,
1145 3451 1172 3515 si
1196 3451 1329 3536 indigno
1352 3458 1485 3516 auctore
1502 3452 1698 3537 provenerit.
1723 3474 1783 3517 nec
1806 3453 1832 3517 si
1856 3474 1933 3519 eon·

279 3557 404 3620 leretur
426 3556 596 3637 inmerito,
627 3556 771 3621 maculet
793 3555 998 3641 largientem.
1045 3555 1071 3618 si
1096 3554 1200 3619 libera
1232 3554 1390 3619 adversus
1414 3561 1589 3640 tyrannum
1611 3576 1677 3620 vox
1701 3562 1753 3622 est
1775 3557 1854 3621 vitia
1876 3556 1933 3621 de-

279 3660 441 3739 testantis,
465 3660 493 3724 si
517 3660 596 3724 lieet
619 3659 680 3724 sub
704 3663 812 3724 tutore
837 3658 1006 3722 criminum
1031 3658 1145 3741 culpas
1168 3658 1311 3741 urgueri,
1336 3657 1441 3722 dicam
1465 3657 1552 3743 quod
1577 3659 1693 3725 sentio.
1739 3660 1824 3725 inter
1852 3660 1965 3725 duos3

280 3763 423 3829 nefarios
446 3785 500 3829 res
523 3764 663 3829 honesta
687 3763 836 3827 volitavit
866 3769 900 3827 et
929 3768 1046 3828 neutro
1071 3760 1195 3826 munita
1219 3760 1398 3847 praesidio,
1430 3782 1493 3826 nee
1521 3784 1541 3825 a
1573 3784 1636 3848 quo
1660 3762 1853 3848 procederet
1874 3785 1935 3828 nec

281 3865 320 3931 ad
344 3888 442 3952 quern
465 3867 636 3946 deflueret,
660 3865 892 3951 cognoscebat.
938 3886 991 3929 res
1014 3864 1136 3929 dudum
1160 3862 1295 3928 decreta
1317 3862 1456 3928 fortibus
1479 3870 1514 3929 et
1537 3867 1705 3950 sanguinis
1728 3866 1935 3951 conparanda

280 3971 460 4056 suffragiis,
491 3970 531 4036 ad
561 3991 696 4056 quorum
726 3969 913 4055 pervenerit
941 3968 1012 4031 iura
1039 3968 1206 4053 respicite:
1239 3973 1274 4030 nt
1302 3988 1375 4030 eam
1407 3967 1530 4031 tribuat
1552 3977 1729 4055 usurpator
1752 3970 1879 4056 imperii
1903 3976 1936 4034 ot

279 4074 421 4160 accipiat
443 4074 545 4160 patris
568 4073 742 4139 extinctor.
788 4093 851 4158 quo
873 4090 926 4134 me
949 4077 1089 4147 vertam,
1120 4070 1239 4136 nescio.
1282 4070 1369 4134 inter
1391 4070 1546 4135 virtutum
1571 4079 1715 4149 tuarum,
1747 4073 1966 4138 venerended

279 4178 442 4265 princeps,
470 4176 697 4265 deprehensus
721 4177 862 4263 abrupta
884 4175 1007 4245 nescio,
1031 4181 1138 4237 utrum
1161 4193 1311 4238 accusem
1336 4173 1421 4258 quod
1445 4181 1603 4260 tyrannus
1626 4198 1672 4256 es,
1702 4198 1743 4240 an
1767 4177 1853 4262 quod
1876 4177 1935 4240 ho-

280 4302 376 4346 noras
400 4280 544 4368 praemio
567 4279 756 4365 parricidas.
794 4280 923 4364 utrique
947 4277 1036 4361 digni
1059 4276 1209 4341 crucibus
1233 4284 1266 4342 et
1289 4277 1329 4342 de
1346 4279 1514 4363 praesenti
1531 4280 1599 4344 vita
1622 4280 1736 4344 culleis
1760 4280 1935 4365 effugandi,

281 4406 347 4449 non
370 4385 504 4450 creditis
528 4384 690 4457 sufficere,
715 4403 774 4447 vos
790 4382 937 4448 debitum
962 4382 1082 4447 vitasse
1099 4380 1305 4468 supplicium,
1330 4380 1391 4444 nisi
1415 4388 1448 4444 et
1472 4389 1504 4445 tu
1523 4383 1610 4467 quod
1634 4404 1696 4448 nen
1720 4382 1798 4449 lieet
1812 4384 1936 4448 tribuas

203 4541 221 4553 ..
282 4495 315 4553 et
344 4487 399 4553 ille
427 4487 514 4572 quod
543 4509 608 4552 non
631 4495 776 4552 meretur
797 4486 980 4572 acceperit!
1027 4483 1236 4549 iamdudum
1266 4493 1340 4549 ate
1365 4487 1427 4549 ista
1451 4507 1509 4572 per
1531 4485 1700 4551 audaciam
1725 4491 1968 4573 praeeunrpta5

282 4599 371 4669 aunt,
403 4612 476 4656 eum
504 4613 614 4657 arcem
640 4591 785 4655 iustitiae
816 4589 1006 4676 profligator
1034 4590 1177 4668 intrasti,
1210 4588 1260 4651 his
1290 4587 1331 4652 ad
1366 4587 1568 4652 dominatum
1600 4597 1733 4654 evectus
1762 4591 1935 4675 suffragiis.

282 4768 372 4776 ...-
386 4768 431 4775 -.--.
452 4768 562 4775 .—.-.-
570 4768 675 4776 --—·-
687 4769 691 4773 ·

386 4903 400 4954 l
419 4906 544 4971 postolaui
557 4904 582 4954 B
644 4903 753 4957 accessa
768 4902 792 4950 V
891 4900 909 4952 ‘2
925 4902 986 4968 apis
998 4900 1024 4950 Β
1127 4898 1146 4949 3
1162 4899 1229 4950 bona
1247 4900 1273 4961 (e
1285 4917 1339 4965 sap.
1354 4897 1381 4965 a)
1394 4900 1419 4950 Β
1523 4902 1540 4953 li
1557 4904 1653 4955 eulmin
1668 4903 1712 4952 Ba
1775 4920 1899 4969 supensos
1911 4902 1936 4952 B

282 4986 297 5040 1
314 4990 452 5043 ademisse
469 4990 491 5040 V
607 4989 625 5042 8
643 4990 789 5059 gratuletur
804 4985 878 5052 TOP,
894 4988 1058 5055 gratulentur
1069 4984 1147 5036 1371,
1267 4984 1284 5036 9
1302 4994 1330 5038 tu
1349 5003 1398 5037 orn.
1412 4985 1437 5035 Β
1560 4985 1594 5037 10
1611 4984 1699 5054 παίω]
1717 4989 1793 5039 datus
1812 4987 1937 5039 Dombart

280 5077 312 5129 de
329 5093 378 5127 am.
393 5075 451 5128 OPs
515 5077 554 5128 dei
573 5094 621 5127 orn.
633 5075 659 5127 B
763 5072 794 5126 11
812 5074 947 5142 spondimr
959 5072 985 5124 B
1090 5069 1123 5122 12
1140 5069 1185 5136 mil
1203 5073 1265 5123 mihi
1278 5071 1303 5122 B
1309 5071 1354 5122 VL
1460 5070 1493 5123 13
1511 5072 1645 5125 tsibueaB
1708 5074 1838 5126 dominum
1856 5071 1936 5125 PoPe

283 5158 316 5212 14
332 5162 434 5214 cornulo
446 5161 472 5211 Β
577 5160 610 5212 15
627 5163 774 5229 decerpsisti
791 5161 848 5212 onir
859 5159 885 5211 B

385 5262 535 5331 [coxmn]
571 5263 603 5316 rr
625 5245 679 5317 eri
690 5265 719 5329 v,
741 5266 819 5317 roret
834 5263 858 5315 ι,
995 5262 1027 5314 ra
1043 5260 1084 5314 a.
1100 5261 1179 5325 vnn,
1201 5279 1248 5312 om.
1263 5260 1288 5310 u
1423 5260 1454 5312 re
1477 5263 1568 5313 ruere.
1584 5261 1609 5311 n
1741 5260 1772 5312 ar
1794 5262 1937 5313 arms

280 5348 315 5402 ’13
332 5353 498 5402 innocentum
513 5350 571 5401 UPt
667 5348 702 5401 31)
719 5360 809 5401 sutore
821 5350 855 5413 B,
871 5351 969 5402 auctori
983 5350 1061 5401 Siras.
1157 5345 1191 5398 27
1209 5345 1312 5414 silicet]
1326 5347 1424 5399 scilieet
1435 5347 1460 5398 B
1522 5349 1607 5414 urgeri
1625 5347 1647 5394 V
1737 5346 1773 5399 28
1790 5347 1937 5400 srelariusB

282 5438 428 5504 procederet
446 5438 470 5499 d,
497 5435 639 5502 proeerlaril
655 5434 785 5499 BVLYl,
810 5436 962 5502 processerit
982 5434 1072 5487 1¹²01’
1205 5433 1240 5486 29
1265 5436 1389 5487 deflueret
1405 5437 1433 5497 b,
1459 5436 1577 5487 defluerit
1592 5432 1718 5496 va,
1743 5435 1878 5487 defluxerit
1898 5432 1938 5484 ΤΒ

279 5520 316 5575 30
333 5530 474 5590 usurpatur
486 5521 511 5572 B
632 5519 667 5575 ⁸3
684 5522 816 5589 effugandi
834 5522 853 5585 (i
865 5522 1021 5591 palmam
1037 5520 1066 5571 la
1084 5520 1133 5587 lit.)
1147 5520 1174 5571 B
1237 5536 1243 5549 ·
1288 5519 1322 5573 34
1340 5522 1437 5573 tribuas
1454 5517 1489 5585 et]
1508 5518 1698 5571 tribuaesetB¹
1812 5517 1847 5572 35
1864 5521 1938 5572 meri·

280 5605 378 5665 vurB¹
458 5605 615 5681 moipean
