4500 6232
917 312 1004 366 nxrx
1024 313 1128 379 (oron.
1147 315 1182 371 a).
1842 321 1882 383 79

221 483 369 567 plurimis
399 483 528 547 cultura
550 483 739 569 locupletat.
784 485 878 549 India
900 487 1001 549 multo
1025 487 1142 550 sudore
1166 508 1229 571 quo
1254 510 1289 551 se
1313 489 1412 551 iactat
1435 488 1598 551 hebenum
1624 491 1734 554 nutrit.
1781 490 1881 556 Sabei

224 586 317 670 virga
351 586 486 671 cespitis
519 607 616 650 manu
651 594 802 653 cessante
836 610 901 651 non
935 590 1073 674 proficit.
1123 589 1283 654 industria
1318 591 1411 667 fecit,
1446 590 1532 675 quod
1561 591 1755 657 l’acstaneis
1789 615 1880 657 rosas

223 687 356 753 dumeta
379 696 588 774 pepererunt,
611 711 692 774 quas
716 690 756 755 de
781 692 884 777 spinis
908 714 968 756 ceu
992 700 1099 757 terrae
1124 692 1232 757 sidera
1256 694 1349 758 labor
1372 694 1487 778 exigit.
1531 695 1613 758 felix
1637 701 1688 758 est
1711 697 1878 780 operantis

222 792 393 871 instantia,
424 791 576 876 quotiens
605 793 713 877 glebis
737 795 892 859 uberibus
916 818 1031 860 manus
1055 796 1239 862 adhibetur.
1284 804 1361 861 tunc
1385 798 1471 861 fessa
1494 798 1628 862 brachia
1652 820 1730 863 suco
1755 801 1879 865 offusae
1916 799 1934 859 7

153 940 157 950 .
220 894 408 959 valitudinis
444 895 672 976 intumiscunt,
709 897 838 982 quando
871 899 1034 983 integrum
1072 900 1166 964 fenus
1199 901 1347 965 ruricolis
1386 923 1464 965 arva
1495 900 1686 968 dissolvunt.
1738 904 1883 968 nascitur

220 998 369 1063 exercitii
401 997 600 1063 desidorium
624 999 664 1064 de
692 1001 863 1067 fertilitate
893 1003 1030 1066 telluris.
1075 1003 1261 1067 vomeribus
1288 1004 1452 1089 agendum
1483 1011 1550 1083 cst,
1581 1011 1617 1069 ut
1645 1027 1704 1091 per
1730 1007 1882 1093 palmites

221 1101 381 1167 exuberet
414 1101 474 1166 dos
508 1105 666 1169 autumni.
718 1126 894 1190 numquam
930 1107 1114 1192 spumantia
1145 1107 1244 1170 labris
1280 1113 1386 1171 musta
1419 1109 1553 1188 meruit,
1591 1109 1654 1173 nisi
1686 1110 1741 1193 qui
1768 1109 1881 1172 vitium

220 1205 382 1270 luxuriem
406 1227 505 1273 curva
527 1207 612 1271 falce
637 1209 798 1273 resecavit
821 1216 853 1272 ot
876 1210 909 1272 in
932 1209 1070 1273 diversis
1093 1210 1234 1274 cultibus
1251 1212 1324 1295 plus
1348 1232 1447 1295 quam
1462 1212 1529 1275 vini
1547 1212 1723 1297 acciperet,
1747 1213 1881 1296 liquoris

222 1307 346 1375 alludit.
391 1310 465 1374 talis
494 1315 545 1374 cst
574 1316 691 1374 natura
721 1311 921 1376 mortalium:
953 1312 1015 1376 rito
1044 1321 1265 1397 conparantur
1294 1315 1420 1379 arbutis
1449 1315 1634 1379 rudimenta
1663 1315 1881 1399 parvulorum,
1915 1312 1935 1374 8

224 1432 306 1496 quos
328 1417 501 1497 postquam
524 1420 697 1499 parentum
721 1414 907 1478 sollicitudo
931 1436 951 1477 a
973 1416 1089 1479 matris
1113 1416 1222 1480 radice
1246 1416 1458 1504 decerpserit,
1482 1418 1719 1504 providendum
1743 1425 1804 1499 cst,
1829 1420 1882 1483 cui

220 1516 290 1579 solo
313 1515 406 1580 iuxta
428 1523 506 1583 vota
529 1517 733 1582 conmendct.
778 1525 855 1603 post
877 1517 1146 1584 deliberationem
1171 1519 1359 1585 doctoribus
1384 1522 1454 1585 iura
1485 1528 1597 1586 nostra
1625 1522 1880 1588 transcribimus.

220 1626 296 1682 tunc
326 1620 409 1683 fiunt
436 1620 642 1684 institutione
665 1621 782 1688 vestri.
815 1641 896 1704 quos
920 1621 1016 1685 nobis
1040 1627 1157 1685 natura
1180 1625 1394 1687 concesserit:
1429 1633 1505 1689 tunc
1530 1624 1644 1710 incipit
1667 1624 1730 1688 sibi
1754 1631 1880 1688 tantum

220 1721 398 1785 studiorum
423 1723 500 1786 lima
522 1722 700 1801 vindicare,
725 1730 880 1807 quantum
904 1725 996 1808 origo
1019 1725 1075 1787 vix
1101 1726 1278 1810 praevalet.
1318 1749 1423 1813 paene
1447 1730 1531 1792 enim
1557 1750 1620 1791 non
1644 1728 1795 1792 iniurium
1820 1734 1881 1808 cst,
1915 1727 1935 1787 9

220 1825 307 1888 vinci
336 1827 519 1912 prosapiem
550 1827 733 1890 conlatione
763 1825 947 1903 doctrinae,
981 1827 1057 1911 quia
1090 1828 1192 1912 patris
1223 1828 1365 1893 officium
1396 1831 1495 1896 habet
1524 1832 1686 1896 luxuriam
1718 1831 1881 1911 comitem,

157 1974 161 1983 -
222 1930 447 2015 praeceptoris
471 1929 733 1994 sollicitudinem.
778 1931 907 2014 genitor
929 1931 966 1994 fit
989 1930 1131 2007 deliciis,
1161 1932 1326 1996 institutor
1355 1933 1533 1997 laboribus.
1579 1934 1766 1999 libertatem
1789 1935 1881 2020 origo

221 2031 346 2107 tribuit,
382 2031 516 2118 dignum
552 2033 704 2099 libertato
738 2033 878 2098 monitor
909 2035 995 2099 facit.
1049 2056 1126 2120 ergo
1160 2036 1264 2120 magis
1294 2045 1438 2102 vestrum
1470 2046 1519 2103 cst
1549 2038 1635 2124 quod
1666 2040 1816 2105 laudatur
1847 2040 1880 2105 in

220 2136 395 2203 hominem.
430 2159 527 2203 nemo
543 2139 639 2220 onim,
664 2139 690 2203 si
707 2139 792 2203 desit
808 2140 1030 2205 testimonium
1046 2141 1230 2222 facundiae,
1255 2141 1376 2226 poterit
1391 2140 1584 2226 praedicare
1600 2141 1687 2227 quod
1704 2143 1879 2208 nascimur.

220 2239 428 2324 splendorem
458 2241 602 2306 familiae
633 2242 741 2328 prodit
768 2243 895 2327 lingua,
926 2265 1021 2325 quam
1051 2244 1205 2310 tribuitis.
1250 2246 1286 2309 fit
1308 2266 1427 2330 praeco
1450 2246 1582 2330 generis
1606 2246 1755 2331 magistri
1778 2246 1880 2310 benc·

221 2342 338 2407 ficium.
383 2344 548 2409 inerudita
576 2345 731 2409 nobilitas
761 2347 905 2410 caeleste
935 2368 1053 2411 munus
1081 2348 1218 2412 abierat.
1265 2347 1409 2432 astringo
1439 2369 1519 2432 crgo
1543 2349 1719 2413 artioribus
1743 2349 1879 2413 vinculis
1896 2352 1935 2411 10

142 2468 154 2505 ⁴.
222 2467 281 2531 per
303 2453 445 2512 aetatem
469 2448 600 2514 erratici
623 2450 766 2535 palmitis
790 2450 913 2534 lapsus,
937 2449 1007 2513 sine
1024 2450 1138 2515 subole
1155 2472 1262 2515 ramos
1277 2452 1364 2515 ferro
1381 2451 1518 2536 castiga,
1542 2453 1706 2517 novellum
1723 2453 1881 2538 cespitem

222 2548 308 2630 fotu,
340 2571 404 2636 quo
428 2560 546 2616 cuneta
568 2552 764 2618 fructificare
787 2553 890 2632 soles,
922 2552 1053 2617 adtolle.
1099 2553 1199 2618 habet
1222 2553 1415 2620 adulescens
1439 2563 1562 2632 noster,
1589 2555 1816 2640 quodcumque
1840 2554 1881 2619 dc

221 2652 289 2717 suis
316 2655 516 2740 respexerit,
549 2677 630 2741 quos
661 2663 825 2742 sequatur.
871 2656 965 2720 nobis
998 2656 1113 2737 erede,
1147 2665 1240 2722 actus
1272 2664 1321 2722 tot
1350 2659 1488 2724 stimulis
1517 2660 1681 2745 pervolat,
1714 2657 1883 2744 quodlibet

221 2755 377 2821 scientiae
401 2756 501 2824 fuerit
530 2779 653 2844 aequor
679 2760 862 2845 ingressus:
895 2756 1038 2822 fodietur
1065 2759 1238 2845 prosapiae
1266 2782 1345 2825 suae
1373 2762 1568 2827 calcaribus:
1598 2784 1658 2848 per
1680 2769 1729 2828 tot
1752 2763 1882 2828 ordines

221 2858 303 2924 nihil
326 2860 388 2925 nisi
411 2861 497 2947 quod
521 2861 562 2926 ad
585 2863 710 2927 litteras
733 2862 848 2927 inritat
876 2862 1031 2928 inveniet.
1076 2868 1140 2926 stat
1163 2871 1338 2929 coenante
1362 2872 1394 2929 to
1418 2867 1574 2952 parvulus
1598 2874 1707 2931 noster
1728 2868 1880 2933 felicibus
1896 2871 1930 2930 ll

143 2986 162 3023 a.
223 2961 401 3028 initiandus
424 2966 582 3051 auspiciis
606 2972 639 3030 ct
667 2967 752 3031 sicut
778 2965 856 3030 iusti
882 2965 990 3030 hostia
1019 2966 1226 3031 devotionem
1257 2967 1436 3033 sacerdotis
1468 2971 1666 3055 expostulat.
1712 2978 1881 3057 paternam

223 3069 374 3133 convenit
404 3090 460 3133 ore
491 3069 662 3155 pictatem,
695 3074 732 3134 ut
760 3068 910 3154 qualibet
940 3070 1087 3135 oratione
1121 3071 1333 3135 constitutam
1363 3073 1396 3136 in
1427 3073 1512 3138 vitae
1544 3072 1655 3138 limine
1686 3075 1881 3140 conmendet

222 3169 409 3252 infantiam,
439 3193 536 3257 quam
560 3171 600 3237 de
624 3173 815 3258 parentibus
839 3193 904 3237 non
928 3194 1078 3239 sermone
1103 3175 1222 3259 exigit,
1246 3175 1303 3239 sed
1327 3174 1405 3260 qnid
1428 3174 1594 3241 desideret
1617 3199 1706 3242 error
1728 3177 1880 3244 ostendit.

222 3274 370 3358 cogimur
403 3275 578 3341 subvenire
611 3276 644 3340 in
679 3276 879 3342 necessitato
913 3278 1056 3361 parvuli,
1091 3299 1187 3362 quam
1222 3277 1360 3343 formido
1394 3280 1591 3345 manifestat.
1646 3281 1770 3366 sponde
1805 3283 1935 3361 tuis,12

225 3376 484 3459 adulescentula,
508 3379 608 3464 digna
630 3379 825 3464 primordiis.
871 3402 963 3467 spem
987 3382 1123 3447 solidam
1145 3381 1187 3446 de
1210 3388 1267 3446 tua
1290 3384 1492 3468 perfectione
1516 3385 1729 3471 concipimus:
1763 3385 1881 3450 bonum

223 3481 391 3565 ingenium
426 3482 550 3547 doctori
588 3483 710 3568 optimo
747 3484 979 3569 mancipamus.
1031 3486 1113 3550 sacri
1147 3486 1213 3549 iam
1248 3486 1431 3552 rudimenta
1461 3508 1619 3552 venerare
1655 3489 1795 3573 collegii.
1841 3489 1883 3554 ad

223 3584 366 3650 Latiaris
390 3585 497 3651 curiae
520 3586 694 3673 proficiunt
716 3585 835 3663 sidera,
859 3609 940 3673 quos
964 3588 1055 3653 vides
1075 3589 1224 3653 scintillis
1247 3588 1383 3653 modicis
1399 3590 1543 3654 futurum
1559 3593 1670 3655 lumen
1686 3591 1882 3657 ostendere’

332 3689 426 3755 Haec
450 3712 529 3755 avos
552 3689 676 3755 dixisse
699 3690 853 3759 sufficiat:
885 3692 965 3756 mihi
988 3699 1138 3757 romanet
1166 3693 1280 3757 stricta
1307 3694 1493 3759 insinuatio.
1539 3696 1754 3781 propinquum
1783 3696 1824 3760 ad
1847 3702 1880 3760 te
1897 3701 1934 3762 13

224 3794 502 3878 consanguineus,
536 3792 648 3859 orbum
680 3793 870 3880 parentibus
901 3795 1075 3879 religiosus
1103 3796 1247 3862 exhibui.
1293 3817 1376 3880 quae
1405 3818 1459 3861 res
1493 3798 1573 3861 mihi
1606 3799 1759 3863 affectum
1788 3800 1882 3886 pueri

224 3895 362 3977 faciant,
392 3896 456 3960 iam
480 3897 614 3963 tenetis.
660 3897 687 3961 si
715 3896 924 3962 necessitudo
953 3899 1135 3983 respicitur,
1165 3898 1250 3964 liber
1277 3899 1319 3963 ab
1347 3921 1457 3965 amore
1482 3922 1644 3965 essenon
1670 3924 1821 3988 possum:
1854 3904 1881 3967 si

225 3998 333 4084 pictas
360 4001 465 4064 amica
492 4000 675 4086 proposito,
704 4001 807 4065 nostri
835 4000 916 4065 fiunt
943 4001 1004 4078 fili,
1033 4002 1088 4087 qui
1114 4010 1286 4086 parentum
1315 4024 1447 4068 suorum
1476 4005 1641 4089 praesidio
1666 4005 1881 4070 denudantur.

225 4123 324 4166 unum
347 4124 426 4188 ergo
449 4104 614 4169 vinculum
639 4104 728 4169 venit
751 4125 770 4169 a
792 4105 955 4189 prosapie,
979 4105 1045 4169 alio
1068 4126 1127 4170 nos
1150 4107 1303 4192 astringit
1325 4107 1478 4172 officium.
1523 4111 1660 4195 respice,
1684 4110 1881 4176 venerabilis

332 4414 343 4465 1
364 4416 503 4483 locupletat
514 4414 563 4477 Β),
580 4417 717 4483 locupletat
728 4415 772 4466 Β2
845 4414 982 4466 lraebinnm
995 4414 1028 4477 B,
1047 4416 1190 4466 haebenum
1207 4416 1229 4464 V
1300 4419 1371 4468 sauci
1384 4417 1409 4468 B
1530 4417 1548 4468 2
1565 4421 1669 4486 cispetis
1682 4419 1722 4470 Β)
1792 4417 1881 4486 manu]

225 4518 307 4553 munu
330 4501 387 4566 (aa.
406 4520 423 4553 u
441 4503 469 4552 ia
487 4502 535 4565 lie.)
549 4502 575 4553 Β
661 4501 820 4570 profecitB¹
907 4502 1050 4568 paestrrrreis
1063 4503 1090 4565 b,
1116 4503 1244 4555 besmreis
1262 4503 1359 4553 codices
1497 4504 1513 4555 3
1532 4514 1659 4572 peperunt
1678 4523 1734 4572 sup.
1754 4505 1799 4556 lin.
1818 4504 1882 4556 reB

226 4583 244 4639 4
262 4604 352 4639 marsos
370 4587 530 4640 adebeth
661 4587 679 4638 5
696 4590 862 4641 intomiscunt
873 4587 907 4649 B,
924 4588 1099 4640 intumescunt
1115 4588 1137 4636 V
1212 4589 1335 4641 rurecolis
1346 4588 1372 4639 Β
1448 4587 1520 4656 arva]
1538 4609 1567 4642 ar
1584 4600 1614 4643 ut
1625 4591 1651 4642 B
1728 4598 1847 4642 nascetur
1858 4589 1883 4640 B

225 4672 243 4724 6
260 4675 380 4727 exercitia
394 4673 436 4723 Va
541 4671 556 4722 'l
574 4675 726 4726 automniB
832 4675 850 4726 8
868 4674 953 4726 licoris
966 4673 1040 4723 BV⁶
1147 4674 1164 4725 9
1182 4676 1293 4727 arbustis
1310 4672 1348 4724 Τ3
1361 4684 1385 4727 et
1401 4676 1480 4727 Siras.
1588 4676 1621 4729 10
1638 4673 1732 4743 radice]
1750 4677 1822 4728 edice
1834 4675 1882 4725 B⁰

224 4768 254 4812 at
268 4760 321 4813 oid
416 4757 581 4827 decerpserit]
601 4760 689 4812 dicer.
704 4762 766 4813 serit
782 4761 897 4829 aptio.
916 4760 982 4828 pB,
1006 4761 1133 4829 decerpsit
1149 4762 1224 4814 ceteri
1364 4760 1393 4812 11
1414 4763 1606 4816 ωΙοιίιικυιΒ
1700 4763 1845 4815 conmonuit
1858 4761 1882 4810 B

225 4848 424 4901 numentanus
434 4846 472 4910 B,
493 4847 701 4899 uansscribimus
717 4845 781 4899 V2L
924 4846 957 4898 12
978 4849 1075 4915 incepit
1087 4847 1133 4898 Ba
1272 4846 1304 4898 14
1326 4848 1398 4900 habit
1409 4848 1452 4899 B¹
1538 4849 1668 4901 luxuriem
1686 4847 1766 4900 Sim.
1783 4855 1812 4897 ut
1827 4850 1882 4899 a&

228 4930 260 4985 17
277 4934 381 4986 homins
397 4931 456 4986 le
534 4950 669 4985 nasesmur
680 4933 705 4983 Β
824 4933 855 4985 lc
873 4935 986 4986 tribuitis
1002 4933 1071 4998 Tu,
1088 4935 1207 4986 tribuetis
1223 4933 1368 4998 VLTNJP,
1385 4936 1518 4988 tribuateis
1530 4936 1556 4987 B
1673 4933 1705 4986 19
1722 4934 1882 5001 asuingitcb

225 5020 367 5073 utiorsbus
379 5017 422 5071 B¹
501 5021 609 5071 uincolis
624 5018 667 5071 151
788 5016 823 5071 20
840 5021 957 5088 palmites
974 5021 1063 5072 labsus
1074 5019 1100 5070 B
1178 5020 1265 5073 sobole
1281 5019 1306 5069 V
1379 5038 1465 5072 ramus
1477 5021 1502 5072 Β
1580 5021 1712 5073 nobellum
1729 5018 1882 5087 cispitemB

226 5103 258 5156 21
277 5106 339 5157 solis
353 5104 380 5156 Β
449 5105 537 5156 attolle
552 5104 577 5154 V
641 5107 789 5159 adolescens
802 5106 827 5156 Β
896 5123 1072 5172 quoscumque
1085 5105 1181 5156 Ilartel
1284 5103 1319 5156 22
1337 5104 1414 5172 quos]
1433 5109 1528 5173 quodb
1631 5106 1665 5159 23
1682 5107 1830 5159 ealcarsbus
1842 5104 1882 5156 131

226 5191 327 5243 ordenis
341 5188 390 5255 13¹,
416 5191 511 5242 ordinis
528 5190 573 5241 13²
711 5190 745 5243 24
767 5194 816 5244 uisi
833 5194 860 5243 in
879 5192 915 5243 lit.
929 5191 954 5242 B
1055 5192 1185 5243 inuenitb
1287 5194 1408 5259 paruolus
1425 5191 1468 5243 132
1604 5192 1639 5245 ‘25
1656 5192 1882 5245 enitiandusBV¹

226 5275 261 5329 26
277 5278 366 5329 limine
383 5275 479 5340 B⁶B²,
496 5278 590 5330 limene
601 5278 643 5329 Βὀ
759 5277 792 5329 27
811 5279 930 5330 desiderit
942 5278 967 5328 Β
1036 5275 1116 5344 error]
1135 5279 1224 5331 horror
1235 5279 1339 5343 Harlel,
1358 5287 1438 5331 terror
1449 5281 1516 5347 sort.
1626 5277 1883 5343 remurmurat,

226 5367 377 5417 muefsstat
387 5363 431 5415 Β2
553 5362 587 5415 29
604 5365 804 5416 adoliscentulas
822 5364 849 5426 (n
866 5365 894 5414 ia
911 5350 1020 5429 ocorr.)
1035 5363 1061 5413 B
1135 5364 1212 5430 digne
1225 5365 1239 5414 b
1361 5364 1396 5415 30
1413 5365 1510 5432 colligii
1520 5364 1545 5414 Β
1664 5362 1697 5414 31
1716 5365 1846 5416 scentillus
1857 5363 1883 5415 Β

227 5448 262 5502 32
279 5451 342 5503 baec
359 5467 424 5502 aues
439 5450 493 5514 Vn,
511 5452 573 5502 llaec
585 5468 651 5502 auus
664 5450 697 5515 B,
715 5452 763 5502 hoo
780 5451 812 5501 ad
825 5467 872 5501 uos
888 5449 970 5501 rura
1035 5450 1186 5518 propincum
1198 5449 1258 5512 BV,
1276 5453 1435 5518 propinquus
1450 5451 1485 5501 Cb
1588 5447 1622 5499 33
1640 5452 1846 5517 consauguiueos
1857 5450 1884 5501 Β

227 5536 314 5589 orbern
330 5535 406 5586 VLT
504 5533 539 5586 34
556 5543 655 5587 tenetes
666 5533 708 5586 Β)
777 5538 930 5602 possum,'„'si
942 5536 968 5587 B
1075 5534 1111 5586 35
1127 5536 1164 5587 fili
1176 5535 1210 5599 B,
1227 5537 1273 5586 filii
1291 5537 1367 5589 ceteri
1468 5534 1503 5586 36
1520 5536 1652 5587 ubicolam
1664 5535 1689 5585 Β
1759 5537 1847 5588 ueniet
1858 5536 1883 5586 B

226 5622 278 5677 elis
294 5640 342 5676 uos
352 5622 387 5689 B,
402 5622 501 5675 elisum
517 5621 596 5677 ceteri
663 5621 824 5677 ueneffiilss
834 5620 861 5674 B
