4500 6232
914 308 1022 364 ccruv
1041 309 1144 377 (uror.
1163 313 1199 380 a).

904 632 1041 703 ccxlv
1064 638 1158 724 (nvcv.
1176 637 1221 724 3).

463 828 622 903 DICTIO
655 830 784 904 DATA
818 832 1052 907 STEFANIO
1079 834 1122 907 V.
1151 835 1189 908 S.
1217 834 1416 910 VlCARIO
1449 838 1657 913 DICENDA

823 970 1014 1045 MAXIMO
1047 970 1289 1047 EPISCOPO.

343 1117 473 1208 Prodit
495 1142 667 1228 religiosae
691 1150 801 1208 votum
825 1145 1045 1238 conscientiae
1069 1167 1162 1211 mens
1186 1147 1339 1212 laudibus
1362 1148 1481 1214 devota
1503 1151 1704 1237 pontificum.
1743 1153 1915 1219 adsertiol

231 1249 355 1336 ingenii
376 1256 441 1329 cst,
471 1246 532 1311 deo
556 1246 815 1332 obsequentibus
839 1250 1026 1335 mancipare
1049 1250 1135 1336 quod
1162 1252 1337 1337 loquimur:
1369 1255 1561 1340 inquorum
1592 1258 1774 1341 praeconiis
1802 1258 1885 1323 forte

167 1393 178 1429 a
231 1360 391 1441 angustus
420 1371 527 1416 sermo
550 1350 663 1435 vulget
692 1351 893 1438 inperitiam,
924 1354 1112 1419 manifestat
1138 1362 1264 1436 tamen,
1295 1357 1322 1421 si
1346 1356 1560 1439 abstineatur,
1591 1359 1770 1426 infantiam.
1805 1362 1886 1447 'quis

231 1459 415 1525 mendicam
438 1457 656 1520 narrationem
687 1456 855 1536 aestimet,
885 1477 982 1542 quam
1007 1463 1082 1520 vota
1109 1458 1332 1544 locupletant?
1378 1480 1479 1546 saepe
1503 1461 1535 1525 in
1558 1461 1732 1528 facundiae
1755 1464 1918 1529 dotibus2

231 1584 356 1652 pauper
379 1561 544 1626 invenitur
567 1580 651 1625 vena
673 1559 909 1645 praedicantis,
939 1566 973 1625 et
995 1581 1014 1625 e
1038 1560 1168 1626 diverso
1192 1560 1367 1627 thesaurus
1391 1563 1498 1628 cordis
1521 1565 1661 1631 inradiat
1684 1568 1717 1630 in
1741 1574 1888 1652 egestate

230 1668 414 1752 verborum.
466 1663 520 1749 qui
548 1663 619 1728 vice
652 1663 705 1729 dei
735 1664 872 1743 iudicat,
906 1686 972 1728 non
1002 1664 1169 1730 desiderat
1203 1666 1293 1751 picta
1324 1667 1489 1752 colloquia
1518 1669 1577 1733 sed
1610 1690 1694 1754 quae
1727 1671 1889 1736 infucatus

231 1769 436 1837 commendat
464 1767 549 1831 nitor
576 1767 717 1852 ingenii,
748 1768 826 1852 quia
855 1769 888 1832 in
916 1768 967 1833 his
991 1770 1091 1834 etiam
1114 1770 1185 1835 sine
1208 1790 1321 1835 amore
1345 1770 1511 1836 blanditur
1533 1773 1737 1859 eloquentia,
1768 1774 1889 1838 inillis

232 1875 441 1964 splendorem
464 1892 558 1937 suum
581 1872 701 1936 veritas
724 1871 813 1937 nuda
834 1873 1048 1938 commendat.
1090 1875 1160 1938 sine
1183 1873 1295 1938 faleris
1319 1880 1371 1939 θεῖ
1394 1895 1489 1940 omne
1513 1875 1600 1962 quod
1622 1876 1722 1942 dictat
1744 1877 1918 1942 affecti0.3

229 1980 271 2045 ad
293 1998 438 2063 unguem
461 1974 662 2040 fabricantur
683 1975 750 2056 illa,
773 1995 856 2060 quae
877 1977 1027 2041 volumus
1050 1998 1114 2043 non
1138 1985 1205 2041 tam
1229 1978 1375 2063 speciem
1399 1978 1481 2043 recti
1503 1978 1626 2045 habere
1652 2001 1749 2066 quam
1774 1981 1887 2045 simili·

230 2083 385 2148 tudinem.
423 2080 464 2144 ad
481 2085 525 2161 ῖθ,
541 2079 739 2145 venerabilis
754 2078 833 2142 mihi
849 2079 987 2145 antistes
1005 2079 1160 2159 Maxime,
1177 2102 1285 2146 sermo
1302 2087 1361 2161 θεῖ,
1379 2083 1431 2146 cui
1446 2083 1479 2146 in
1495 2083 1685 2148 meritomm
1701 2085 1886 2148 testimonio

230 2189 330 2252 virtus
354 2186 464 2271 coepit
486 2182 692 2262 avocabulo,
715 2182 748 2245 in
772 2201 836 2266 quo
859 2188 952 2246 aetus
975 2184 1138 2267 eloquitur
1159 2186 1214 2269 qui
1230 2205 1350 2249 nomen
1365 2184 1520 2271 appellat.
1558 2187 1695 2272 provida
1711 2193 1885 2275 parentum

229 2298 358 2356 tuorum
382 2287 553 2371 diligentia
575 2285 665 2371 prius
689 2291 722 2349 te
746 2284 826 2369 eligi
845 2286 947 2349 voluit
969 2306 1067 2370 quam
1090 2286 1230 2373 probari.
1269 2295 1303 2353 ῖθ
1319 2289 1396 2352 olim
1413 2290 1638 2356 saecularibus
1660 2291 1919 2357 inhaerentemd

230 2395 334 2459 titulis
366 2390 541 2456 castrensis
571 2388 670 2452 sudor
699 2389 844 2454 excoluit
871 2395 905 2452 et
931 2388 972 2452 ad
1000 2390 1163 2455 ecclesiae
1192 2390 1417 2475 gubernacula
1443 2414 1521 2478 pars
1550 2393 1692 2459 adversa
1723 2395 1887 2476 solidavit,

231 2500 315 2565 sicut
343 2496 424 2560 deus
448 2493 589 2577 loquitur
610 2513 670 2577 pcr
692 2491 872 2577 profetam:
906 2493 971 2577 ‘qui
994 2492 1178 2558 inmodico
1202 2494 1320 2575 fidelis,
1351 2496 1438 2559 etin
1462 2517 1580 2582 magno
1603 2496 1709 2562 fidelis
1732 2495 1803 2563 θεῖ’.
1848 2505 1882 2563 ῖθ
1897 2515 2040 2563 nuaram.

231 2621 395 2667 sacrarum
429 2597 530 2662 iudex
560 2602 595 2661 et
622 2595 748 2660 consilii
784 2596 935 2659 comitem
969 2599 1087 2661 meruit
1117 2604 1151 2661 θῖ
1180 2597 1314 2664 laboris.
1364 2598 1451 2664 bene
1481 2599 1678 2665 venerandis
1711 2601 1887 2666 initiandus

230 2705 387 2770 altaribus
411 2711 444 2767 ct
472 2703 505 2766 in
532 2701 617 2765 laica
647 2699 896 2763 conversatione
926 2699 1013 2784 quod
1044 2721 1172 2764 sacrum
1201 2708 1291 2765 esset
1317 2703 1455 2786 elegisti.
1499 2708 1535 2766 tu
1563 2703 1739 2789 pudicitiae
1769 2705 1801 2770 in
1831 2706 1919 2770 illae

229 2815 339 2873 aetate
363 2814 474 2872 custos
498 2805 651 2869 inventus
675 2823 722 2879 es,
746 2801 778 2865 in
803 2822 867 2887 qua
890 2808 924 2866 et
946 2803 1002 2867 lex
1024 2802 1217 2887 obsequitur
1238 2804 1421 2870 desideriis.
1461 2807 1540 2871 satis
1557 2807 1643 2871 enim
1661 2814 1710 2871 θεῖ
1727 2808 1887 2893 pueritiae

153 2948 158 2962 ·
231 2912 399 2987 ambitum,
423 2929 520 2995 quem
543 2906 675 2972 licentia
698 2905 800 2986 fulcit,
823 2906 960 2972 horreri.
1006 2905 1157 2972 Christus
1181 2907 1302 2973 milites
1326 2930 1413 2988 suos,
1437 2930 1519 2995 quos
1542 2909 1576 2973 in
1599 2931 1770 2996 personam
1794 2911 1887 2976 ducis

228 3015 374 3094 adtollat,
398 3014 485 3078 inter
507 3012 596 3077 acies
619 3011 748 3096 quaerit
770 3008 918 3074 hostiles.
956 3009 1102 3076 adscitus
1126 3012 1289 3077 ccclesiae
1315 3013 1501 3100 pontificem
1518 3014 1646 3079 actibus
1663 3015 1793 3100 inplesti
1810 3021 1886 3080 ante

228 3127 377 3206 tempora
400 3116 579 3203 dignitatis.
616 3135 681 3179 non
704 3114 766 3178 fuit
788 3112 917 3178 advena
938 3113 1138 3199 benignitas,
1162 3136 1245 3201 quae
1270 3122 1406 3180 naturae
1429 3116 1543 3181 innixa
1565 3117 1731 3182 radicibus
1747 3118 1787 3183 dc
1805 3139 1887 3183 cano

227 3224 307 3287 flore
330 3242 466 3308 germen
490 3217 640 3285 ostendit.
677 3219 863 3304 temporale
886 3230 939 3285 est
962 3239 1059 3282 omne
1081 3217 1168 3303 quod
1192 3219 1334 3305 lingitur,
1357 3226 1553 3306 perpetuum
1577 3221 1663 3306 quod
1688 3242 1760 3286 cum
1778 3228 1920 3289 aetated

228 3325 430 3390 maturescit.
468 3344 534 3387 non
557 3321 617 3386 tibi
640 3321 860 3386 sacerdotium
884 3343 953 3386 rem
977 3321 1053 3387 doni
1075 3321 1239 3387 oredimus
1263 3324 1414 3387 evenisse
1437 3322 1495 3389 sed
1511 3312 1660 3409 praemii]
1698 3326 1780 3390 alios
1797 3327 1887 3412 vulgi

151 3462 156 3476 ·
228 3449 308 3493 aura
330 3429 436 3513 gratia
458 3427 667 3491 lenocinante
691 3424 907 3502 commendat,
930 3426 989 3490 tibi
1013 3425 1119 3510 rigida
1135 3427 1222 3490 circa
1239 3427 1421 3511 culpabiles
1437 3427 1597 3492 districtio
1614 3428 1704 3493 dedit
1720 3429 1884 3495 affectum.

228 3539 339 3597 manet
369 3538 401 3597 te
431 3530 606 3616 singularis
636 3529 814 3615 sapientia,
849 3549 934 3614 quac
966 3528 1044 3593 licet
1074 3529 1276 3614 generaliter
1302 3529 1446 3616 optanda
1474 3536 1538 3610 θεῖ,
1571 3538 1682 3596 tamen
1712 3534 1825 3598 existit
1854 3533 1887 3598 in

228 3636 383 3721 magistro
415 3634 612 3700 necessaria.
657 3632 779 3696 frustra
809 3632 976 3696 monitoris
1004 3653 1179 3718 personam
1210 3633 1361 3719 suscipit,
1391 3634 1446 3719 qui
1475 3635 1596 3720 inpasti
1625 3656 1689 3699 non
1717 3639 1919 3722 praevalet'i

117 3760 126 3773 ⁸
227 3741 404 3805 aestimare
435 3737 563 3827 pondus
593 3735 708 3800 officii:
741 3736 907 3800 vilissimis
937 3737 1165 3824 conparandue
1194 3743 1256 3816 θεῖ,
1288 3738 1350 3802 nisi
1373 3739 1553 3823 praecellat
1578 3739 1730 3815 scicntia,
1762 3742 1816 3826 qui
1838 3750 1889 3806 cst

229 3845 352 3909 honore
375 3841 603 3930 praestantior.
649 3838 739 3903 dedit
761 3838 820 3903 tibi
844 3839 971 3925 apicem
995 3862 1049 3905 res
1072 3838 1194 3922 iudicii,
1218 3862 1282 3906 non
1305 3843 1436 3907 favoris.
1476 3842 1594 3926 dignus
1618 3844 1772 3930 pontifice
1796 3866 1887 3909 amor

230 3955 295 4019 est,
326 3969 422 4034 quem
451 3965 591 4011 censura
621 3943 782 4008 conciliat.
828 3941 1024 4009 devenustat
1054 3945 1249 4012 institutoris
1281 3947 1428 4032 genium,
1460 3946 1515 4031 qui
1538 3967 1597 4032 per
1619 3948 1721 4012 solam
1745 3951 1885 4034 gratiam

229 4054 298 4116 vult
322 4053 464 4139 placere.
501 4056 536 4113 tu
559 4048 611 4113 his
634 4044 781 4111 emditus
804 4052 838 4111 et
859 4046 1019 4113 formatus
1041 4050 1125 4114 caeli
1148 4051 1307 4115 benificiis
1330 4051 1404 4136 plus
1427 4048 1556 4134 agendo
1580 4051 1709 4137 plebem
1733 4052 1920 4119 institues8

229 4177 327 4242 quam
357 4153 529 4241 loquendo.
575 4152 630 4218 illa
661 4150 786 4216 monita
818 4150 1051 4238 discipulorum
1082 4154 1314 4219 conscientiam
1346 4151 1537 4229 eruderant,
1574 4174 1659 4239 quae
1691 4156 1890 4241 praebentur

231 4261 393 4346 exemplo.
439 4260 510 4324 sine
539 4255 664 4343 pudore
689 4257 804 4321 invitat
827 4254 869 4320 ad
892 4254 1130 4336 innocentiam,
1161 4257 1216 4341 qui
1238 4256 1327 4321 illam
1351 4277 1414 4320 non
1438 4255 1537 4320 fucrit
1560 4256 1631 4342 ipse
1655 4264 1811 4322 sectatus.
1856 4266 1890 4324 te

230 4363 317 4427 inter
346 4367 475 4428 secreta
500 4359 720 4446 penetralium
743 4358 838 4444 quasi
863 4362 981 4423 testem
1004 4364 1173 4439 metuunt,
1203 4359 1258 4443 qui
1281 4380 1421 4445 peccare
1444 4359 1632 4445 disponunt.
1676 4362 1890 4427 nascentibus

232 4537 644 4547 ——.-—————-..———

334 4654 458 4725 [CCXIV]
491 4655 610 4707 Isidem
628 4654 696 4705 hanc
713 4652 848 4704 mannen
866 4653 1020 4721 &ramaclo
1032 4672 1123 4722 papae
1141 4654 1228 4706 tribuit
1244 4655 1397 4706 irncribem:
1414 4654 1505 4723 incipit
1521 4654 1630 4722 epistola
1647 4656 1787 4722 symmachi
1807 4673 1889 4724 papae

229 4745 355 4797 laurentio
379 4743 576 4796 mediolanensis
599 4741 722 4794 ecelesiae
745 4741 937 4810 archiepismpo
961 4742 1065 4794 directa.
1101 4741 1266 4793 dilectissimo
1287 4750 1364 4807 atque
1388 4740 1521 4792 carissimo
1545 4742 1618 4792 fratri
1644 4742 1771 4794 laurentio
1796 4745 1890 4794 medio·

229 4832 342 4883 lanensis
363 4831 486 4883 ecclesiae
509 4829 707 4897 archiepiscopo.
747 4828 913 4894 symmachus
935 4829 1070 4896 episcopus
1094 4829 1120 4880 in
1138 4829 1241 4879 domino
1258 4827 1405 4880 saluternA
1426 4826 1523 4891 (Paria.
1539 4827 1623 4893 9029)
1640 4827 1666 4877 a
1682 4827 1696 4892 (
1703 4828 1779 4879 Vatia.
1794 4830 1855 4894 630)
1868 4829 1891 4880 S

231 4916 327 4982 (vae.
338 4919 416 4982 3791)
538 4915 552 4967 1
571 4912 725 4977 mantola,
746 4913 882 4982 stephanio
898 4913 944 4964 VJ.
1063 4913 1081 4966 3
1098 4915 1204 4966 asnonio
1219 4913 1244 4964 V
1257 4923 1280 4965 ct
1293 4914 1356 4966 frid.
1479 4912 1497 4964 8
1514 4914 1572 4965 uice
1594 4914 1635 4965 dei
1656 4915 1759 4966 mandat
1777 4916 1844 4967 nitm
1857 4914 1890 4975 B,

229 5005 326 5056 iudicat
344 5031 376 5041 —
394 5020 451 5056 com
469 5002 554 5068 mppl.
571 5001 599 5051 ia
616 5018 665 5067 ηις.
688 5000 782 5052 codicia
798 4998 886 5052 Scbott
1031 4997 1062 5051 11
1082 5018 1134 5052 non
1156 4998 1219 5066 tem]
1242 5008 1332 5051 notum
1344 4998 1463 5065 latae
1603 4995 1637 5049 12
1654 4997 1727 5067 milri]
1746 5001 1780 5051 mi
1794 5000 1891 5051 Hortcl

228 5092 337 5143 antestis
353 5089 379 5140 B
477 5091 504 5140 in
528 5085 686 5153 meritorum]
705 5088 891 5139 immeritorum
912 5084 1003 5138 Vsus
1139 5085 1173 5138 14
1194 5086 1303 5154 elegiB
1401 5085 1436 5138 15
1458 5088 1589 5140 cachinnis
1606 5085 1632 5137 B
1778 5084 1811 5136 lli
1835 5102 1891 5153 pro

229 5179 333 5245 phetam
351 5176 411 5228 Vct
428 5175 493 5227 Isid.
594 5170 701 5238 modico]
726 5174 831 5225 minimo
849 5172 875 5224 B
1020 5170 1051 5225 11
1074 5189 1175 5226 sacmm
1194 5172 1269 5224 ARS
1372 5175 1444 5225 iudix
1459 5173 1504 5224 13⁰
1644 5172 1677 5224 18
1697 5172 1793 5239 eligisti
1808 5170 1842 5236 B,
1866 5180 1892 5223 εῖ

229 5266 316 5332 legisti
328 5262 380 5314 AR
494 5260 527 5313 19
544 5270 634 5313 custus
647 5259 673 5310 B
782 5257 818 5312 20
835 5277 912 5327 quam
931 5261 1052 5312 licentiae
1064 5260 1139 5312 Aua
1249 5257 1281 5309 21
1301 5261 1402 5312 attollat
1418 5260 1446 5322 V,
1463 5261 1560 5312 adtolat
1572 5261 1597 5310 A
1710 5256 1744 5309 24
1762 5258 1827 5311 alim
1844 5257 1892 5321 Τ),

229 5353 296 5404 aliua
308 5347 508 5412 BVLl'lOAS,
524 5348 582 5400 aliis
595 5347 620 5398 u
690 5346 763 5414 vulgi
781 5343 854 5411 aura]
874 5347 976 5413 uulgari
993 5346 1027 5410 A,
1043 5346 1164 5414 uulgaria
1178 5346 1225 5398 RS
1332 5344 1367 5397 25
1384 5347 1578 5398 commendatur
1591 5345 1649 5396 OPb
1718 5345 1855 5412 culpnbilis
1866 5344 1893 5396 B

229 5436 264 5489 26
282 5445 382 5488 manete
398 5435 539 5502 singularis
550 5431 592 5483 131
704 5430 741 5484 30
758 5433 927 5485 institutionis
941 5431 1000 5482 oPo
1118 5431 1151 5484 31
1170 5430 1295 5498 eruditus]
1314 5435 1433 5485 conditus
1445 5433 1524 5484 δίεπε.
1599 5432 1731 5484 lnneticiis
1749 5430 1774 5480 1⁷
1786 5440 1810 5481 ct
1823 5430 1888 5484 laid.

230 5524 330 5591 plebem
342 5521 376 5586 B,
393 5522 518 5590 populum
530 5520 606 5571 ceteri
701 5519 816 5571 instituis
828 5518 908 5571 Sir-m.
1039 5516 1074 5569 ³2
1091 5521 1238 5572 erudierant
1255 5518 1348 5571 ΜΒ
1445 5520 1585 5586 probentur
1597 5517 1631 5581 B,
1648 5520 1790 5586 probentur
1802 5517 1892 5569 Schott

228 5611 258 5661 in
272 5609 340 5661 notis
356 5616 380 5659 et
391 5606 534 5659 Hinschisu

1632 5712 1687 5766 ῃ·
