4500 6232
729 268 885 325 incursu
901 268 1024 329 (arser.
1043 270 1067 323 r.
1084 271 1129 335 ss,
1147 298 1180 309 -
1196 267 1311 324 cucur
1328 268 1454 329 (misr.
1472 268 1499 325 r.
1512 268 1569 335 ru

913 560 1111 631 ductim
1135 564 1245 641 (reim.
1267 565 1297 625 7.
1317 566 1385 626 ²5i.

877 738 1115 815 ENNODIVS
1142 738 1423 813 SYMMACHO.

910 888 1018 943 uisas
1037 888 1107 943 rm
1125 886 1237 942 uses
1257 885 1391 941 meru

295 998 306 1055 ¹
443 993 522 1085 laer
547 1019 718 1085 desideriis
742 1020 864 1104 scripta
886 1019 942 1083 rix
964 1018 1128 1083 creditur:
1157 1018 1322 1102 inpatiens
1344 1016 1508 1102 rigidioris
1529 1021 1698 1105 praecepti
1720 1019 1915 1105 diligentia
1939 1039 2011 1084 non

323 1126 446 1208 iugiter
467 1121 600 1207 dignum
624 1123 703 1186 facit
727 1121 985 1208 reprehensione
1007 1120 1093 1205 quod
1118 1120 1223 1185 libera
1245 1132 1308 1184 est.
1344 1119 1493 1185 redditur
1508 1143 1609 1209 saepe
1625 1122 1808 1188 amabilior
1823 1122 1874 1189 de
1892 1130 2010 1199 reatu,

323 1248 397 1292 cunr
426 1248 486 1313 per
514 1227 759 1291 effrenationem
787 1226 922 1289 sortitur
947 1224 1080 1309 genium
1109 1223 1184 1309 plus
1219 1222 1386 1309 placendi:
1425 1245 1501 1289 nam
1530 1224 1687 1291 delictum
1715 1248 1819 1291 suum
1850 1224 2009 1311 quodam

325 1331 427 1416 ipsius
459 1330 736 1416 praesumptionis
767 1328 866 1393 melle
904 1326 1121 1393 commendat.
1171 1348 1234 1411 ego
1266 1326 1327 1391 bac
1363 1329 1565 1413 praefatione
1597 1352 1650 1395 me
1687 1338 1795 1409 tueor,
1838 1331 1928 1417 quia
1963 1330 2010 1395 ad

293 1430 484 1519 lepistnlas
506 1434 630 1519 primus
654 1433 796 1520 adspiro.
842 1442 944 1497 restat
967 1432 1000 1495 in
1023 1440 1187 1517 potestate
1215 1430 1417 1495 celsitudinis
1440 1442 1588 1497 restrae.
1618 1434 1646 1497 si
1668 1434 1845 1499 sustinere
1870 1434 2010 1521 eligitis

324 1538 507 1623 garrulum.
538 1558 601 1600 non
625 1550 736 1601 tacere
760 1535 857 1599 etde
880 1536 1056 1620 originario
1080 1533 1324 1619 symmachiani
1348 1534 1448 1599 fontis
1470 1535 1556 1600 lacte
1579 1558 1632 1601 me
1654 1558 1810 1623 pascere.
1861 1540 1948 1605 vale
1973 1540 2010 1604 in

325 1640 457 1705 Christo
488 1650 609 1719 nestro,
641 1640 811 1705 Romanae
841 1639 949 1724 gentis
979 1638 1151 1718 nobilitas,
1181 1650 1214 1703 ot
1244 1659 1298 1703 me
1328 1638 1395 1703 iam
1422 1654 1460 1702 ut
1489 1639 1644 1705 clientem
1670 1650 1705 1705 et
1733 1642 1909 1707 famulum
1941 1664 2009 1729 pro

324 1765 450 1809 morum
474 1752 509 1808 et
531 1752 668 1808 naturae
692 1742 765 1808 luce
788 1741 936 1828 dignare.

937 2028 1100 2098 (3001le
1121 2030 1232 2115 (misr.
1249 2034 1279 2107 i.
1296 2034 1364 2115 bb).

900 2224 1137 2300 ENNODle
1164 2224 1401 2299 AGNELLO.

297 2364 308 2421 ¹
446 2358 521 2449 l’rn
549 2396 626 2450 roto
657 2408 730 2450 meo
764 2384 963 2472 produxistis
992 2386 1181 2471 epistolam.
1216 2384 1294 2448 dum
1323 2406 1375 2448 res
1407 2385 1497 2448 nulla
1527 2386 1674 2450 fuscatas
1702 2387 1790 2452 nube
1821 2394 2006 2477 purgatis.

324 2489 513 2555 felicissirne
546 2490 749 2556 defensionis
781 2498 871 2556 sorte
905 2488 1063 2555 adsumus
1099 2488 1305 2553 innocentiae
1338 2496 1372 2552 et
1399 2486 1518 2552 dextro
1552 2510 1683 2575 semper
1714 2490 1827 2555 omine
1862 2514 1932 2578 per
1963 2516 2005 2559 ae

324 2592 575 2679 splendentibus
604 2614 735 2657 usuram
764 2593 852 2658 vocis
883 2593 1102 2678 inpendimus.
1146 2593 1244 2658 facilc
1275 2594 1346 2658 eius
1376 2593 1482 2657 lucem
1512 2594 1568 2677 qui
1598 2593 1682 2658 nitet
1712 2593 1893 2667 adfirmas.
1933 2618 2004 2663 nec

325 2694 420 2761 deest
442 2716 550 2761 scrrno
573 2697 627 2781 qui
651 2695 874 2761 commodetur
896 2697 1066 2763 absolutis.
1102 2699 1148 2761 sic
1171 2696 1213 2762 de
1237 2696 1367 2761 caballo
1390 2696 1551 2781 promisso
1573 2698 1782 2782 processistis
1801 2697 2003 2783 adfatibus,
2068 2730 2080 2763 s

326 2800 418 2885 quasi
445 2798 541 2863 vobis
573 2797 749 2883 aliquando
779 2799 921 2866 obscena
952 2800 1131 2866 mentiendi
1161 2801 1276 2865 fuisset
1307 2800 1460 2864 adlectio.
1506 2821 1584 2865 rere
1611 2822 1672 2887 per
1699 2801 1848 2866 animam
1880 2826 2004 2873 meam

294 2901 456 2965 'lfacilius
478 2923 590 2965 sacros
613 2901 783 2967 crederem
805 2903 871 2967 labi
894 2904 928 2967 in
951 2904 1034 2969 hanc
1057 2905 1185 2969 foveam
1209 2926 1306 2990 posse
1330 2903 1513 2989 pontifices.
1551 2904 1630 2967 vitia
1652 2910 1799 2969 maturos
1818 2908 2004 2985 nesciunt,

299 3004 387 3101 'nisi
417 3024 498 3090 quos
529 3003 713 3089 primaevos
744 3004 923 3069 inbuerint:
957 3008 1108 3071 infitiatio
1132 3009 1165 3072 in
1187 3007 1374 3072 bominibus
1402 3027 1488 3070 nora
1516 3028 1582 3070 non
1610 3008 1783 3091 germinat.
1830 3011 2006 3098 quicquid

325 3109 357 3172 in
390 3107 534 3172 moribus
565 3109 685 3172 nostris
713 3119 779 3185 cst,
819 3115 853 3173 ct
882 3111 1030 3194 sequitur
1058 3118 1092 3174 et
1123 3111 1312 3196 praecessit.
1363 3108 1501 3195 proinde
1531 3110 1656 3175 ralcte.
1686 3118 1811 3175 ostrum
1840 3112 2005 3183 Latiaris

325 3212 457 3297 eloquii,
482 3210 609 3276 etmihi
627 3211 884 3277 vicissitudinem
901 3211 1040 3276 amando
1057 3213 1232 3290 restituite,
1257 3211 1338 3275 illud
1355 3213 1577 3299 providentes.
1592 3224 1629 3277 ut
1644 3236 1703 3301 pro
1719 3219 2004 3300 conpensatione
2058 3254 2083 3292 ss

325 3314 491 3380 tarditatis
512 3315 630 3402 dignm
653 3316 734 3382 mihi
756 3337 892 3382 munere
916 3324 1025 3381 restro
1049 3337 1152 3403 equus
1173 3324 1333 3381 occurrat.

953 3604 1093 3675 wcnx
1114 3606 1225 3690 (cren.
1243 3610 1272 3682 t.
1289 3606 1355 3689 27).

931 3800 1168 3875 ENNODIVS
1194 3801 1371 3877 PROBO.

296 3966 308 4025 ¹
440 3952 548 4067 Elige
572 3980 731 4045 iacturam
754 3976 898 4063 pudoris,
927 3999 968 4042 ne
992 3978 1127 4042 subeam
1151 3978 1295 4045 dedecus
1319 4000 1384 4044 non
1408 3980 1559 4059 amantis,
1582 3979 1691 4045 sciens
1713 3979 1844 4046 facilius
1871 3989 2002 4055 sarciri

323 4107 422 4173 posse
456 4085 573 4149 frontis
609 4082 730 4147 damus
759 4101 855 4166 quarn
886 4080 975 4146 fidei.
1026 4082 1193 4147 indoctum
1226 4104 1301 4148 esse
1333 4082 1533 4148 infelicitatis
1566 4090 1633 4161 est,
1667 4085 1804 4149 virtutes
1837 4086 2002 4159 familiae

324 4196 453 4254 vestrae
476 4186 587 4252 odisse
610 4208 665 4253 res
688 4186 843 4251 criminis.
882 4186 1047 4271 potuimus
1069 4184 1252 4273 disciplinis
1275 4185 1467 4251 liberalibus
1490 4186 1637 4252 defuisse
1654 4208 1717 4252 non
1732 4187 2000 4275 delinquentes:

325 4292 406 4355 nulli
427 4290 558 4372 suflicit,
581 4289 668 4355 unde
691 4311 799 4354 mores
823 4295 972 4355 excuset.
1017 4310 1079 4374 ego
1103 4290 1135 4353 in
1159 4288 1373 4376 amplitudine
1395 4296 1505 4355 vestra
1527 4296 1576 4354 tot
1598 4298 1793 4356 coacervata
1812 4296 2000 4381 epistolari

326 4411 476 4457 sermone
504 4392 592 4459 bona
625 4411 690 4456 neu
719 4400 877 4457 venerer?
924 4413 986 4477 ego
1016 4412 1081 4457 non
1115 4392 1195 4457 illud
1229 4394 1358 4478 generis
1390 4394 1500 4459 lumen
1535 4395 1767 4482 amplificatum
1801 4397 1930 4467 modiis
1962 4410 2003 4470 et

294 4494 489 4581 lprobitatc
525 4496 722 4582 suspiciam?
776 4495 905 4561 ridetur
937 4495 1016 4560 milri
1052 4516 1118 4559 non
1152 4497 1251 4582 longe
1284 4496 1325 4561 ab
1360 4495 1532 4563 honestate
1571 4498 1774 4579 desciscere,
1812 4502 1873 4587 qui
1910 4507 2003 4573 colit

326 4597 536 4677 emendatos,
571 4598 648 4665 dum
684 4598 828 4665 creditur
862 4601 1058 4686 quicumque
1093 4600 1211 4664 sectari
1247 4621 1344 4686 posse
1377 4599 1463 4683 quod
1492 4600 1609 4686 diligit.
1653 4601 1788 4688 proinde
1819 4606 1899 4673 rale
1931 4630 2001 4696 per

325 4701 465 4787 gratiam
488 4700 542 4767 dei
566 4710 600 4767 ct
623 4700 765 4766 studium
787 4724 897 4768 meum
920 4704 1107 4791 adprobatis
1130 4710 1294 4769 amantem
1317 4705 1365 4768 tui
1389 4703 1554 4789 amplifica
1576 4706 1697 4770 muniis
1720 4706 1922 4777 litteramm.

428 4925 599 4995 {Ucclsl'llll
634 4925 855 4981 batln'nationcm
872 4929 897 4981 B
1018 4928 1035 4980 6
1053 4931 1101 4981 hac
1119 4931 1222 4997 scripd,
1245 4947 1277 4983 ac
1289 4930 1315 4982 B
1336 4930 1362 4993 (c
1379 4947 1412 4980 m.
1430 4947 1481 4982 rw.
1499 4932 1569 4996 ded),
1587 4949 1604 4985 a
1621 4932 1680 4984 odit
1760 4934 1956 5001 praephatione
1968 4940 2000 4993 B

325 5012 341 5065 l
359 5014 455 5081 eligitis
469 5032 546 5081 prop.
560 5014 664 5077 Ilcrtsl,
681 5015 783 5081 eligetis
797 5013 823 5064 Β

430 5115 578 5184 [cecinit]
615 5114 647 5167 13
665 5119 751 5169 omine
769 5117 857 5169 Scitott
874 5126 898 5171 et
915 5117 1004 5181 Sirra,
1022 5120 1125 5172 homine
1136 5119 1177 5170 Bb
1318 5116 1349 5169 ld
1367 5135 1445 5171 uoces
1458 5119 1483 5169 Β
1623 5118 1655 5171 l'l
1674 5130 1816 5174 matursoa
1833 5120 1917 5186 (tras.
1933 5126 1955 5191 i)
1968 5126 2000 5179 B

328 5202 360 5255 lb
378 5204 519 5270 primsiuua
536 5202 595 5265 (alt.
613 5204 623 5255 i
640 5204 703 5269 del.)
715 5204 741 5255 B
815 5205 951 5257 inbuerent
962 5204 988 5256 B
1100 5203 1135 5256 20
1151 5205 1361 5257 uicsssitudinam
1375 5203 1400 5254 B
1510 5204 1542 5257 ‘ll
1563 5224 1646 5273 equus
1664 5216 1782 5259 occurrat
1798 5209 1904 5275 scripsi,
1921 5228 1999 5281 aquo

326 5298 461 5341 succurrat
472 5288 507 5353 B,
524 5306 607 5357 quur
625 5298 760 5342 succurrat
771 5290 786 5340 d

429 5390 562 5459 {decuit}
589 5391 624 5445 db*
641 5392 987 5458 nulli!1'1'1,·'(nulluaB⁰l)B
1047 5392 1265 5459 cxcuaetrcripri,
1282 5395 1397 5446 ucunit
1410 5392 1435 5444 Β
1445 5403 1469 5446 et
1480 5395 1540 5447 edit.
1552 5398 1598 5462 (σί.
1614 5394 1821 5463 cultures)
1884 5414 1999 5456 scacar-

327 5477 385 5529 bats
397 5476 422 5527 o
516 5486 554 5531 tot
571 5496 620 5531 cm.
633 5478 728 5533 Horret
859 5476 895 5532 28
912 5479 1046 5533 umnam
1057 5478 1091 5542 Β,
1115 5478 1244 5535 diaeedtus
1257 5478 1360 5531 loretto
1379 5481 1447 5531 mec.
1461 5498 1491 5551 p.
1504 5484 1538 5533 96
1633 5483 1701 5535 celat
1716 5482 1869 5540 amentatus
1880 5482 1920 5557 Β,
1942 5502 1998 5545 ιι.

327 5562 431 5617 loretto
449 5564 467 5615 l.
479 5580 500 5615 c.
518 5572 542 5617 st
553 5564 633 5619 dim.
