4500 6232
785 273 897 328 CDXIV
916 274 1019 342 (ulcu.
1038 277 1091 343 26),
1109 276 1207 331 CDXV
1225 276 1348 340 (EPIST.
1366 277 1392 338 8,
1409 277 1463 340 31).

951 565 1095 636 cuxlv
1118 569 1213 654 (uror.
1231 569 1297 652 26).

501 763 666 836 VERBA
693 762 902 836 MENELAI
930 764 1028 837 CVM
1056 764 1245 837 TROIAM
1275 763 1482 837 VIDERET
1510 762 1747 836 EszTAM.

413 909 497 1003 Etsi
521 940 676 1025 gravibus
700 941 846 1005 dolorem
871 962 979 1005 meum
1002 946 1112 1026 raptor
1129 941 1344 1004 inflammavit
1360 939 1532 1013 incendiis,
1556 940 1617 1002 etsi
1641 941 1836 1024 pertulimus
1859 940 1978 1004 lacesi

300 1043 447 1119 iniuriae,
479 1041 590 1107 debito
614 1050 724 1108 tamen
747 1065 826 1128 rogo
855 1044 995 1109 inmensi
1025 1051 1139 1108 auctor
1168 1043 1303 1108 sceleris
1335 1065 1408 1107 oum
1438 1045 1612 1108 coniuncta
1640 1043 1703 1106 sibi
1735 1043 1949 1108 universitate

300 1146 481 1211 consenuit.
527 1167 633 1232 paene
657 1147 737 1211 felix
762 1148 961 1212 contumelia
984 1152 1044 1226 eet,
1076 1168 1159 1232 quae
1190 1149 1289 1213 talem
1315 1153 1459 1210 meretur
1481 1148 1543 1210 etsi
1567 1169 1640 1211 cum
1664 1147 1807 1210 maximo
1832 1144 1950 1210 sudore

234 1269 245 1305 ³
300 1247 485 1313 vindictam.
520 1249 592 1335 quis
615 1256 748 1335 respuat
771 1251 939 1335 suscipere
962 1251 1192 1315 necessitatem
1213 1250 1368 1337 triumphi
1391 1250 1531 1314 termino
1549 1249 1828 1316 concludendam?
1852 1250 1981 1335 sapori

299 1353 506 1437 sequentium
541 1351 793 1417 amaritudinem
822 1354 870 1417 rei
903 1350 1131 1438 praecedentis
1166 1351 1321 1418 excludit.
1371 1352 1465 1417 dulce
1496 1355 1539 1418 sit
1562 1352 1648 1438 quod
1670 1352 1844 1433 doluimus,
1876 1352 1952 1437 quia

299 1454 421 1520 doloris
444 1455 547 1519 nostri
575 1457 723 1541 paenitet
754 1463 982 1540 provocantes.
1028 1455 1189 1521 abductae
1219 1458 1357 1543 turpiter
1385 1458 1530 1521 mulieris
1561 1459 1688 1523 occasio
1716 1457 1819 1522 nostri
1842 1455 1953 1521 extitit

298 1566 403 1624 mater
426 1559 610 1643 augmenti:
634 1559 764 1645 peperit
786 1580 806 1623 a
829 1558 924 1623 uobis
948 1566 1155 1644 sequestrata
1176 1581 1259 1624 uxor
1281 1560 1454 1645 imperium
1472 1559 1561 1625 etde
1579 1560 1718 1625 adulteri
1735 1558 1951 1645 conplexibus

300 1662 393 1726 nobis
417 1660 518 1727 edidit
540 1663 691 1748 patriam,
715 1682 812 1747 quam
836 1668 996 1728 tenemus.
1041 1664 1097 1749 qui
1121 1664 1264 1729 riserunt
1287 1665 1460 1740 caelibem,
1486 1663 1619 1729 videant
1643 1662 1784 1748 superba
1808 1661 1951 1725 hostium

221 1782 245 1821 1⁰
297 1767 383 1831 colla
405 1767 597 1831 calcantem.
642 1766 815 1829 habuimus
839 1767 1011 1851 coniugem
1043 1767 1190 1830 honestis
1219 1789 1278 1853 per
1307 1768 1441 1851 longum
1465 1768 1611 1832 moribus
1634 1766 1828 1844 institutam,
1852 1762 1983 1827 alieni3

298 1871 445 1956 ignaram
478 1868 693 1949 contubernii,
729 1890 812 1954 quae
845 1891 911 1934 non
944 1876 1073 1957 optaret
1103 1869 1290 1934 desiderare
1321 1869 1409 1956 quod
1436 1891 1501 1933 non
1532 1871 1619 1934 licet.
1663 1889 1728 1933 raon
1756 1868 1845 1932 illam
1874 1887 1953 1930 usus

299 1973 527 2060 praecipitavit
556 1973 590 2036 in
618 1973 706 2052 vitia,
739 1972 799 2037 sed
833 1975 985 2039 scelerati
1016 1974 1192 2060 praedonis
1221 1975 1355 2060 inpulsu
1382 1982 1495 2039 secuta
1524 1980 1575 2039 est
1604 1972 1758 2039 Paridem
1788 1972 1953 2035 voluntate

300 2079 439 2165 captiva.
484 2099 661 2163 numquam
684 2078 726 2143 ad
749 2079 811 2144 hoc
842 2080 930 2144 illam
961 2082 1068 2146 erexit
1094 2081 1218 2146 formae
1247 2080 1459 2159 couscientia,
1489 2085 1525 2141 ut
1553 2099 1588 2141 se
1619 2075 1770 2141 crederet
1798 2072 1954 2152 adamari,

299 2183 386 2268 quis,
410 2187 446 2245 ut
469 2181 671 2262 confidimus,
694 2183 902 2269 turpissimae
927 2190 1002 2248 sunt
1025 2184 1179 2264 moribus,
1203 2204 1286 2268 quae
1311 2183 1441 2268 pulcras
1465 2203 1500 2246 se
1524 2201 1596 2245 esse
1613 2179 1840 2244 meminerunt.
1872 2176 1983 2240 calist

298 2287 379 2351 ultio
403 2285 514 2351 decuit
535 2307 654 2371 magna
675 2294 882 2374 peccantem:
907 2287 1052 2352 funditus
1076 2287 1251 2374 procubuit
1274 2287 1329 2372 qui
1352 2285 1414 2350 sibi
1438 2281 1645 2350 venerandae
1669 2281 1807 2367 sumpsit
1823 2282 1952 2345 culmen

298 2391 420 2454 uxoris.
453 2390 575 2454 talibus
597 2396 702 2471 utere,
724 2389 863 2473 adulter,
886 2391 1072 2478 hymeneis!
1108 2393 1158 2457 his
1181 2399 1214 2457 te
1232 2392 1361 2456 Allecto
1384 2391 1569 2477 pronubum
1590 2395 1735 2454 sectatur
1754 2386 1949 2471 insignibus.

299 2502 333 2561 et
354 2495 478 2582 placari
502 2517 561 2560 nos
592 2496 638 2561 sic
668 2499 821 2563 convenit
850 2505 884 2563 et
911 2498 1065 2565 Paridem
1099 2499 1147 2564 sic
1177 2499 1295 2584 perire.
1341 2494 1536 2562 dictavimus
1570 2491 1847 2556 matrimoniorum
1882 2490 1953 2553 iura

300 2621 363 2664 non
387 2620 550 2679 sermone,
575 2599 633 2666 sed
656 2599 785 2684 gladiis,
816 2603 1119 2690 praesumptionum
1144 2608 1291 2686 segetem
1315 2600 1424 2664 ultrici
1447 2599 1530 2662 falce
1555 2601 1733 2661 vastantes.
1777 2593 1889 2659 multis
1912 2590 1954 2656 ad

299 2704 578 2769 conservationem
601 2702 746 2791 proderit
770 2726 829 2769 nos
853 2704 1032 2790 perdidisse
1057 2705 1255 2790 coniugium.
1300 2702 1411 2775 dicite,
1440 2723 1525 2787 quae
1556 2701 1751 2784 ubicumque
1776 2697 1983 2784 adcepistis5

222 2848 233 2861 -
301 2829 419 2873 nomen
441 2809 565 2889 uxoris,
589 2809 617 2873 si
641 2829 717 2887 non,
740 2809 892 2893 quotiens
916 2810 996 2873 vitia
1019 2809 1250 2895 subripuerint,
1274 2807 1416 2872 Menelai
1439 2812 1472 2871 et
1487 2826 1607 2868 nomen
1624 2811 1657 2869 et
1672 2803 1776 2866 virtus
1793 2806 1952 2866 occurret.

299 2912 418 2998 quibus
443 2932 507 2975 non
531 2918 583 2977 cst
605 2912 638 2974 in
663 2911 771 2977 studio
794 2911 958 2998 pudicitia,
988 2913 1059 2989 erit,
1090 2912 1154 2977 nisi
1182 2912 1334 2991 fallimur,
1362 2911 1395 2974 in
1418 2909 1628 2975 necessitate.
1674 2928 1733 2993 par
1755 2927 1814 2992 per
1839 2924 1952 2969 omnes

299 3013 473 3102 disciplina
496 3016 688 3095 servabitur,
712 3015 769 3080 ubi
792 3037 890 3079 unam
914 3015 1050 3080 iorruam
1075 3021 1109 3080 et
1132 3016 1281 3079 volentes
1305 3013 1493 3079 custodiunt
1517 3020 1550 3077 et
1573 3017 1717 3076 coactae.

934 3305 1056 3374 cuxv
1079 3306 1190 3391 (cerer.
1207 3309 1237 3388 8,
1254 3306 1320 3389 37).

881 3500 1119 3575 ENNODIVS
1145 3499 1368 3575 ΒΟΕΤΗΙΟ.

410 3646 582 3758 Quamvis
605 3684 704 3743 tenue
727 3679 848 3744 ellectu
871 3679 1039 3766 petitionis
1062 3679 1166 3764 surgit
1188 3677 1370 3763 eloquium:
1395 3685 1429 3741 et
1452 3678 1628 3741 conciliant
1648 3684 1681 3741 et
1703 3676 1818 3741 dotant
1839 3675 1981 3750 iacun-1

236 3818 241 3829 ·
301 3782 387 3847 diam
410 3802 463 3846 res
487 3780 663 3848 secundae.
708 3783 740 3846 in
770 3782 916 3867 qualibet
945 3783 1119 3849 verborum
1153 3783 1325 3846 saturitate
1358 3783 1508 3867 paginae,
1540 3782 1568 3846 si
1599 3780 1811 3868 repudientur
1838 3779 1879 3844 ab
1903 3779 1952 3843 in·

299 3886 494 3972 petratione,
519 3886 673 3950 ieiunant.
708 3885 782 3970 plus
804 3886 955 3950 felicibus
972 3887 1121 3973 epistolis
1138 3885 1276 3950 debetur
1292 3884 1435 3949 laudatio
1451 3907 1548 3970 quam
1565 3886 1689 3971 peritis.
1724 3885 1793 3948 iure
1810 3883 1954 3968 loquitur

300 3989 409 4054 verbis
433 3990 536 4054 nitore
560 3988 754 4054 sublimibus
779 3991 832 4075 qui
855 3997 1034 4055 summates
1057 3991 1144 4055 viros
1168 3987 1297 4053 dicendi
1321 3995 1494 4052 venustate
1518 3990 1672 4074 captivat.
1718 3985 1855 4073 quodvis
1879 4007 1952 4050 ora·

300 4093 418 4155 torium
442 4092 576 4157 schema
601 4093 734 4157 sinistra
756 4092 823 4156 fors
845 4092 994 4181 dissipat.
1039 4093 1171 4158 ditescit
1199 4093 1285 4157 enim
1314 4093 1427 4176 lingua
1455 4092 1577 4156 nutrita
1607 4091 1786 4156 beneficiis.
1832 4088 1986 4163 dudum2

301 4193 343 4259 ad
366 4193 577 4261 eminentiam
600 4202 741 4261 vestram
765 4195 871 4261 direxi
894 4198 1132 4282 qualecumque
1160 4194 1296 4259 audacia
1323 4193 1525 4280 producente
1551 4195 1768 4279 conloquium,
1799 4192 1883 4279 quod
1908 4193 1954 4256 ita

302 4299 451 4385 responsi
484 4301 579 4384 genio
610 4298 815 4379 sublevastis,
852 4308 886 4363 ut
921 4300 1088 4365 crederem
1121 4322 1173 4364 me
1207 4298 1390 4385 perdidisse
1423 4298 1522 4383 digua
1554 4298 1674 4362 favoris
1710 4305 1859 4384 tempora
1894 4319 1954 4383 per

302 4402 456 4488 quietem,
479 4401 608 4488 quando
632 4402 780 4467 modicus
804 4403 903 4467 sudor
926 4404 1080 4469 iudicium
1105 4425 1213 4468 arcem
1238 4403 1380 4467 tenentis
1404 4402 1577 4467 inlexerat.
1611 4401 1837 4488 promiseratis
1857 4401 1954 4465 etiam

404 4627 534 4696 [cuxIV]
563 4628 575 4679 l
596 4631 722 4696 menelagi
735 4629 760 4678 B
829 4640 946 4681 exustam
965 4639 994 4681 ut
1011 4631 1031 4679 si
1049 4631 1211 4697 grauibueB
1315 4628 1332 4678 2
1351 4629 1451 4680 ΒιοίεΒ
1555 4629 1572 4679 4
1590 4646 1656 4695 quae
1674 4637 1699 4678 et
1717 4628 1792 4678 talem
1813 4626 1956 4677 merituri}

300 4716 318 4768 5
335 4714 473 4784 suscipere]
497 4733 599 4768 suscere
612 4716 637 4767 B
737 4717 825 4768 triuufi
848 4717 956 4768 termina
970 4716 995 4765 B
1131 4715 1148 4767 6
1166 4715 1336 4782 praecidentis
1348 4715 1373 4764 B
1471 4716 1546 4767 dulce
1569 4716 1601 4766 sit
1621 4715 1667 4778 (B)
1677 4713 1767 4776 VLUb,
1789 4715 1911 4765 dulcescit
1928 4713 1956 4775 Τ,

300 4804 425 4855 dulcescit
440 4802 506 4869 (Bt)
522 4803 618 4854 Hortel
752 4799 894 4870 lturpiter
908 4801 913 4867 1
929 4803 1043 4853 mulieris
1053 4802 1087 4864 Β,
1110 4803 1225 4854 mulieris
1242 4803 1351 4868 turpiter
1367 4803 1442 4853 ceteri
1536 4803 1628 4854 extitet
1643 4802 1668 4851 B
1797 4797 1917 4851 9edidet
1932 4798 1957 4849 B

300 4891 411 4942 tenimus
423 4890 448 4941 Β
508 4899 626 4942 raserunt
637 4890 664 4940 Β
759 4888 790 4941 11
810 4893 928 4958 ignarum
940 4889 965 4939 B
971 4887 982 4924 ¹
1043 4906 1094 4940 uon
1110 4889 1172 4940 aaa
1184 4889 1252 4951 orb,
1269 4906 1317 4939 orn.
1330 4888 1418 4948 ceteri,·
1440 4888 1510 4938 illam
1528 4905 1580 4939 nou
1598 4905 1661 4939 usus
1678 4887 1772 4938 rectius
1868 4882 1902 4936 12
1920 4886 1957 4935 iu·

300 4976 382 5043 pulsis
394 4975 419 5025 Β
523 4973 556 5026 13
573 4976 650 5027 erixit
662 4975 687 5026 B
756 4978 837 5028 forma
854 4978 1024 5029 conscientiae
1040 4976 1171 5028 VLTOPb
1241 4977 1350 5028 crederit
1361 4975 1387 5026 B
1497 4975 1529 5027 14
1547 4977 1729 5044 turpissimisb
1800 4975 1921 5042 pulchras
1936 4972 1961 5022 V

300 5062 365 5114 tales
376 5061 403 5112 B
538 5060 570 5113 15
587 5078 679 5114 cumen
693 5062 718 5113 Β
852 5062 884 5114 16
901 5065 1002 5116 adulter
1019 5060 1162 5130 hymeneis]
1185 5064 1327 5115 adulteram
1350 5064 1377 5113 iu
1394 5064 1432 5114 eis
1445 5062 1470 5112 B
1570 5063 1669 5114 adiecto
1682 5062 1707 5112 Β
1810 5067 1920 5112 macr
1933 5059 1957 5109 Β

303 5145 335 5198 17
352 5146 481 5215 Paridem]
504 5149 614 5216 pandam
627 5148 652 5198 Β
792 5148 823 5201 18
845 5151 952 5218 segitem
967 5150 992 5200 Β
1128 5147 1159 5200 19
1177 5150 1371 5201 conseruatione
1383 5148 1408 5198 Β
1503 5149 1649 5216 perdedisse
1662 5148 1686 5198 Β
1785 5147 1921 5213 accepistis
1937 5144 1962 5193 V

300 5233 336 5287 20
353 5236 480 5303 menelagi
492 5235 517 5285 Β
585 5226 697 5288 occurrit
708 5237 733 5286 B
836 5235 869 5288 21
888 5239 942 5288 nib
1011 5246 1037 5289 et
1055 5255 1100 5304 per
1113 5236 1192 5288 Sim.
1296 5233 1331 5286 22
1349 5233 1533 5286 seruauiturB

405 5336 521 5407 [ODXV]
552 5337 587 5390 23
605 5340 694 5391 Boetia
707 5340 786 5392 Sim.
888 5340 923 5392 24
940 5350 1018 5394 tenue
1029 5341 1063 5405 B,
1080 5342 1152 5393 tenui
1163 5341 1239 5392 ceteri
1301 5340 1384 5407 surgit
1400 5336 1439 5387 T?
1450 5346 1473 5388 et
1486 5336 1574 5399 sirm,
1591 5345 1680 5403 surget
1692 5336 1767 5387 ceteri
1867 5333 1902 5385 25
1920 5352 1957 5386 re

302 5427 412 5494 pudiunt
422 5424 448 5476 B
550 5423 585 5476 26
603 5427 729 5478 ienuuaut
740 5427 765 5478 Β
829 5429 931 5479 debitur
942 5427 967 5477 B
1071 5424 1106 5477 27
1124 5427 1259 5478 summatis
1271 5425 1296 5475 Β
1400 5421 1434 5475 28
1451 5441 1535 5474 scema
1547 5422 1572 5473 Β
1632 5439 1688 5473 sors
1701 5421 1760 5472 01²1>
1820 5421 1922 5473 ditiscet
1933 5419 1959 5471 B

300 5513 369 5564 enirn
392 5512 464 5562 liuim
485 5509 490 5577 Ι
509 5513 601 5580 lingua
624 5511 691 5580 (cap.
714 5513 797 5576 linim)
816 5511 842 5563 B
983 5511 1018 5564 29
1039 5511 1162 5580 uestram]
1188 5531 1262 5565 uram
1279 5513 1305 5563 B
1413 5511 1600 5577 qualecumque
1617 5509 1654 5572 B,
1682 5509 1863 5575 qualicumque
1883 5508 1960 5560 ceteri

300 5595 336 5648 ab
352 5598 515 5649 subleuaetes
527 5597 552 5648 Β
620 5599 744 5650 creditam
756 5597 781 5648 Β
849 5598 927 5666 digua
938 5599 973 5663 B,
989 5599 1061 5666 digni
1079 5600 1156 5651 ceteri
1260 5597 1292 5649 31
1312 5599 1433 5649 infixerat
1444 5595 1469 5646 B

405 5688 546 5747 &nonius
1717 5685 1750 5739 at
