4500 6232
813 279 1145 348 circumhumata
1164 313 1196 323 -
1215 280 1310 336 CXCV
1327 282 1447 349 (CARM.
1464 284 1489 346 2,
1508 283 1561 346 77).

1002 536 1130 607 oxon
1152 539 1257 623 (esau.
1275 545 1305 617 2,
1322 541 1387 626 74).

836 717 896 790 ΒΕ
923 717 1201 793 VARIETATE
1229 716 1552 792 CLERICORVM.

733 886 796 958 Qui
820 885 909 970 ponti
935 884 1047 963 iacies,
1069 905 1240 949 numerum
1265 885 1320 969 qui
1343 885 1432 948 novit
1455 885 1608 963 harenae,

778 988 915 1051 Femina
938 1009 1036 1073 quem
1060 988 1170 1052 iurans
1192 988 1307 1052 fallere
1330 988 1421 1053 nulla
1442 994 1564 1074 potest,

732 1090 902 1153 sistrorum
927 1092 1056 1176 plebem
1081 1092 1135 1175 qui
1158 1091 1261 1155 ealles
1286 1095 1416 1176 spectat
1437 1100 1632 1164 amantum,¹

780 1195 920 1278 Cynthia
944 1195 996 1258 eui
1020 1195 1118 1259 certis
1142 1193 1296 1259 eornibus
1319 1194 1473 1258 innotuit:

664 1313 674 1345 ἢ
733 1296 806 1361 Νοη
830 1297 918 1362 valet
941 1296 993 1360 hie
1018 1297 1127 1361 vultus
1150 1298 1294 1362 retinere
1318 1298 1450 1362 nomina
1473 1320 1591 1370 mores,

782 1401 873 1475 Quos
896 1407 1001 1465 mutat
1024 1403 1131 1467 clerus
1155 1408 1286 1488 tempus
1309 1402 1340 1466 in
1365 1403 1532 1486 exiguum.

990 1686 1140 1756 cxclll
1163 1689 1269 1776 (euru.
1286 1693 1315 1770 2,
1330 1688 1395 1775 75).

709 1869 770 1942 DE
797 1865 931 1940 MALO
959 1866 1144 1941 HOMINE
1172 1867 1255 1957 QVl
1280 1866 1438 1957 EQVOS
1466 1868 1680 1941 AMABAT.

740 2035 872 2100 Gaudet
895 2035 987 2121 equis
1010 2033 1092 2099 reeti
1115 2031 1294 2112 dissuasor,
1319 2032 1379 2116 (et)
1403 2032 1559 2119 prodigus
1582 2033 1688 2117 aequi,

735 2140 877 2204 Nomina
900 2140 954 2225 qui
978 2138 1077 2222 digna
1101 2137 1207 2201 studio
1231 2144 1407 2223 superante
1431 2137 1568 2202 caballis

737 2242 916 2319 Subtrahit,
940 2262 1110 2328 opponens
1133 2238 1175 2305 ad
1198 2246 1312 2305 saneta
1335 2239 1496 2305 voeabula
1520 2242 1659 2306 clunem.

737 2347 802 2412 Sed
825 2344 938 2432 proeni
962 2350 1013 2409 est
1034 2342 1180 2429 pecudes
1203 2343 1290 2428 quod
1312 2350 1427 2410 oenset
1449 2345 1568 2409 mentis
1591 2345 1736 2430 iniquae:

668 2467 678 2502 ⁵
736 2450 945 2537 Propositum
968 2453 1095 2534 perstat
1117 2447 1247 2533 generis
1269 2446 1356 2533 quod
1380 2454 1554 2513 stemmata
1576 2448 1724 2516 fundunt.

996 2737 1133 2807 oxelv
1155 2738 1264 2825 (esau.
1281 2742 1312 2817 2,
1330 2739 1395 2824 76).

698 2923 760 2995 ΒΕ
787 2918 995 2993 CALLlDO
1023 2918 1106 3005 QVI
1132 2917 1383 2992 DEFENSOR
1411 2919 1697 2994 DICEBATVR.

739 3084 883 3171 Aspidas
906 3090 942 3149 nt
965 3084 1075 3170 capiat
1097 3083 1193 3148 tectis
1217 3084 1307 3148 fraus
1331 3084 1460 3171 hospita
1483 3086 1620 3164 technis,

787 3188 856 3253 Sub
879 3186 946 3252 iudi
971 3187 1082 3274 speeie
1107 3187 1221 3252 mortis
1245 3187 1355 3273 imago
1378 3189 1468 3254 latet.

738 3292 862 3357 Vmbra
885 3292 1056 3357 lacessitas
1079 3291 1231 3377 produeit
1253 3291 1372 3356 eallida
1394 3300 1506 3379 pestes

787 3396 831 3461 nt
853 3394 977 3462 bellum
1000 3392 1130 3460 blandis
1153 3394 1321 3480 principiis
1348 3396 1481 3480 geritur.

670 3515 681 3550 ⁵
741 3499 885 3577 Credite,
908 3518 971 3563 non
995 3498 1091 3562 aliter
1112 3496 1258 3562 Iustinus
1280 3498 1405 3583 proelia
1426 3505 1556 3577 tractat,

788 3605 852 3680 Qui
877 3611 1010 3671 eeeusat
1032 3603 1152 3685 ridens,
1175 3605 1231 3691 qui
1253 3604 1384 3689 perimit
1406 3605 1561 3691 placidus.

996 3850 1130 3961 CXCV
1153 3892 1261 3976 (esau.
1277 3897 1307 3976 2,
1324 3894 1390 3980 77).

605 4073 667 4146 DE
694 4072 844 4146 DOMNI
871 4072 1085 4146 AMBROSI
1111 4070 1325 4145 EPISCOPI
1351 4072 1555 4146 ACTIBVS
1582 4073 1643 4146 ΕΤ
1670 4072 1796 4147 VITA.

739 4239 817 4325 Egit
839 4237 925 4325 quod
948 4239 1061 4304 doeuit
1084 4239 1210 4304 meritis
1234 4243 1267 4302 et
1290 4237 1413 4302 honore
1436 4246 1602 4326 superstes

787 4342 980 4408 Ambrosius
1003 4344 1088 4409 vetis
1111 4342 1257 4407 moribus
1280 4343 1423 4427 ingenio,

740 4447 883 4513 Roscida
906 4450 1039 4535 regifico
1063 4449 1115 4514 eui
1139 4447 1229 4512 fulsit
1252 4449 1375 4514 murice
1399 4447 1520 4532 lingua,

787 4549 876 4618 Vere
900 4572 959 4617 suo
983 4553 1122 4638 pingens
1145 4553 1292 4636 germina
1315 4573 1398 4637 quae
1422 4551 1535 4618 voluit.

379 4669 462 4676 -—-..

479 4756 589 4826 [cxcu]
619 4759 728 4810 ueritate
740 4758 786 4810 B⁰
873 4758 927 4810 v.3
944 4762 1073 4828 iutellsqe:
1090 4762 1135 4827 qni
1152 4768 1279 4813 astromm
1297 4760 1398 4827 piebem
1416 4767 1443 4812 et
1459 4759 1539 4811 cahos
1556 4767 1686 4811 amantum
1705 4767 1802 4826 spectat
1858 4761 1945 4826 plebes
1963 4777 2028 4825 quse

375 4846 487 4899 Schenkl
502 4846 608 4910 (caua
625 4845 683 4896 VII
693 4846 718 4911 7)
813 4865 837 4898 v.
856 4845 872 4897 4
891 4848 988 4899 cinthia
1001 4846 1073 4912 01²2,
1090 4846 1279 4913 quintieBVL
1343 4844 1397 4913 eni]
1415 4862 1474 4898 curn
1492 4846 1582 4896 nutias
1678 4862 1702 4895 v.
1721 4845 1738 4896 5
1756 4847 1865 4897 retinere
1882 4853 1909 4898 st
1926 4847 2029 4898 nomina

375 4931 463 4984 Sabou
479 4932 508 4982 ia
524 4949 573 4997 usp.
591 4939 615 4984 et
632 4930 711 4983 Sirm.

479 5030 603 5100 [exem]
630 5031 683 5087 al
703 5041 730 5085 et
745 5034 839 5085 imlusi
905 5035 1054 5103 prodingus
1067 5036 1100 5100 B,
1117 5036 1222 5103 indigus
1233 5035 1327 5086 uouit
1388 5035 1448 5101 equi
1460 5034 1486 5085 Β
1585 5051 1609 5084 v.
1628 5031 1646 5083 2
1663 5034 1741 5100 digna
1753 5033 1857 5099 Horat,
1873 5035 1958 5101 dignis
1970 5035 2030 5086 libri

374 5139 399 5172 v.
418 5118 435 5171 3
452 5120 586 5172 subtrahet
597 5119 623 5171 B
691 5136 822 5187 apponens
833 5122 900 5186 sort.
970 5130 1073 5174 seaneta
1086 5121 1111 5172 B
1215 5139 1239 5172 v.
1257 5118 1275 5170 4
1293 5121 1403 5187 pecudes
1416 5120 1450 5185 B,
1470 5120 1575 5187 pecudia
1592 5120 1668 5172 ceteri

479 5221 601 5289 [cxclv]
636 5241 660 5274 u.
681 5221 694 5272 l
719 5223 820 5290 hospita
841 5225 959 5276 theehnis
977 5226 1004 5276 ia
1022 5226 1057 5277 lu.
1071 5225 1097 5276 Β
1189 5225 1273 5291 tegnis
1290 5223 1314 5272 V
1441 5241 1464 5275 v.
1483 5222 1501 5274 2
1522 5220 1587 5289 ludi]
1605 5223 1651 5274 lidi
1663 5223 1708 5274 Βθι
1838 5241 1861 5275 v.
1880 5221 1897 5274 3
1916 5224 1993 5290 pestis
2005 5222 2031 5273 Β

375 5328 399 5362 v.
419 5309 436 5361 5
459 5306 584 5375 lustinus]
605 5308 724 5361 defensor
739 5308 838 5372 VLCP,
860 5311 978 5362 defensor
999 5311 1110 5363 iustinus
1127 5311 1165 5372 B;
1193 5326 1286 5361 nomm
1311 5310 1382 5360 illitas
1408 5309 1551 5376 dejersson's
1574 5309 1665 5361 collidi
1689 5310 1734 5376 (of.
1755 5305 1937 5372 CLXXXVI)
1959 5307 2031 5359 haud

375 5397 427 5447 seio
444 5412 481 5446 on
498 5396 531 5447 ab
549 5394 740 5461 anamodo
758 5395 971 5448 munoubulo
989 5397 1073 5448 nanus
1090 5406 1179 5464 operto
1197 5404 1323 5449 msam
1340 5397 1373 5448 rit
1475 5413 1502 5446 u.
1520 5392 1538 5445 6
1555 5395 1700 5463 periusstB

481 5495 589 5563 [CXCV]
625 5499 656 5550 de
678 5499 733 5551 nite
755 5506 783 5552 st
802 5499 903 5552 autibus
926 5499 1015 5552 domni
1036 5499 1157 5552 ammonii
1180 5500 1293 5569 epioopi
1308 5497 1386 5563 VLP,
1403 5500 1489 5552 oss-0
1615 5515 1640 5550 v.
1660 5497 1674 5549 1
1696 5495 1837 5568 namtas]
1858 5498 1970 5567 superii·
1985 5497 2031 5550 B⁰

375 5599 401 5636 v.
418 5579 436 5635 2
452 5583 521 5636 ueris
532 5581 567 5648 Β,
583 5592 656 5636 uates
673 5585 749 5636 oderi
