4500 6232
792 281 882 337 XLIII
901 283 1020 351 (CARM.
1040 288 1064 345 1,
1082 287 1118 352 9).

416 466 440 502 ³³·
500 451 680 532 Pulchrior,
703 462 737 520 et
759 462 851 519 casta
874 456 1033 522 ridentem
1055 459 1130 524 luce
1153 459 1291 544 figuram

495 554 663 620 Laudibus
685 557 726 622 ad
750 559 876 623 caelum
900 566 1018 646 portat.
1057 560 1157 626 decus
1179 562 1237 627 illa
1257 563 1405 648 profecto

496 661 624 726 Adtulit
647 663 722 728 huic
744 663 856 744 iacias,
880 685 962 749 quae
988 666 1096 730 multis
1118 688 1218 732 causa
1239 669 1354 754 pericli

497 764 604 852 Saepe
627 766 706 831 fnit:
729 767 902 853 pulchrum
926 771 1005 834 satis
1029 777 1080 836 est
1102 772 1264 838 mansisse
1287 773 1448 860 pudicum.

498 867 592 934 Haec
614 870 676 934 nisi
700 870 741 936 de
765 892 891 936 summo
915 894 978 936 uon
1001 872 1121 939 dantur
1142 876 1285 942 culmine
1309 875 1452 964 Olympi.

434 988 439 1017 ¹
499 970 612 1036 Sicubi
632 975 810 1059 contingat,
835 977 887 1040 vel
910 976 1035 1041 formae
1058 980 1230 1045 commoda
1253 981 1374 1045 sanctis

496 1074 663 1141 Mentibus
687 1076 890 1152 adcrescant,
915 1081 1002 1145 bello
1026 1104 1063 1146 se
1087 1084 1217 1148 vincere
1240 1092 1366 1149 certant

495 1177 587 1243 Tunc
610 1179 769 1253 homines,
791 1182 963 1268 funditque
987 1183 1087 1250 decus
1112 1187 1163 1251 vel
1186 1208 1323 1252 munera
1344 1194 1452 1253 terrae

496 1280 623 1347 Dextra
645 1284 773 1348 animae
797 1286 942 1371 vivitque
968 1288 1039 1362 sibi,
1064 1288 1139 1352 dum
1163 1290 1291 1375 deperit
1312 1291 1370 1356 illi.

496 1383 590 1451 Haec
614 1408 687 1450 cnm
710 1389 880 1474 multiplici
904 1392 1043 1477 populns
1066 1401 1216 1459 narraret
1238 1395 1279 1459 ab
1303 1416 1369 1463 ore.

415 1503 438 1535 ⁸³·
498 1488 574 1554 Vna
595 1490 657 1554 fuit
680 1493 807 1556 cunctis
830 1495 993 1558 sententia
1016 1495 1082 1559 fixa
1104 1498 1253 1562 catervis.

496 1593 607 1658 Turba
630 1594 837 1660 sacerdotum
863 1598 1116 1683 venerandaque
1139 1602 1229 1664 curia
1252 1601 1369 1665 sarrclis

496 1696 607 1784 Elegit
630 1699 733 1763 voluit
756 1701 874 1764 mamit
896 1703 1042 1789 suscepit
1065 1705 1195 1768 amavit.

542 1800 630 1867 Ecce
654 1802 742 1866 aliud
766 1802 919 1888 dictuque
943 1825 1063 1869 novum
1088 1808 1235 1873 mirabile
1259 1809 1385 1874 cunctis

495 1903 715 1986 Transieram,
743 1907 829 1991 quod
853 1910 991 1994 quisque
1014 1919 1122 1995 pavet,
1153 1912 1239 1996 quod
1267 1915 1403 2001 suspicit
1425 1915 1523 1981 orbis.

413 2023 438 2055 a»
499 2006 564 2071 Vix
587 2009 774 2095 primaeuus
797 2021 877 2085 erat,
902 2013 1050 2077 tremulis
1074 2036 1146 2079 eum
1169 2016 1282 2080 limina
1305 2018 1386 2083 lucis

496 2111 673 2177 Calcantur
695 2115 827 2199 plantis,
852 2137 924 2180 cum
948 2119 1060 2180 matris
1083 2118 1125 2183 ab
1148 2120 1251 2184 ubere
1275 2122 1378 2208 raptis

495 2214 652 2280 Blandior
675 2239 695 2280 a
717 2224 831 2282 tenero
855 2240 954 2283 sucus
977 2220 1168 2286 subducitur
1191 2223 1321 2303 haustu,

495 2319 624 2385 Callida
646 2322 816 2386 mentitum
839 2325 993 2409 genetrix
1016 2346 1089 2389 cum
1112 2325 1196 2391 forte
1219 2348 1368 2413 saporem

495 2423 685 2489 Herbarum
707 2426 852 2511 querulis
876 2427 1017 2492 infundit
1039 2427 1121 2493 dura
1143 2430 1282 2501 labellis.

427 2544 437 2577 ³·
496 2528 633 2594 Nesciat
655 2537 691 2595 nt
714 2539 810 2596 natus
833 2539 932 2616 gustu
956 2553 1156 2618 cognoscere
1178 2541 1326 2601 matrem.

495 2631 592 2697 Vnde
616 2633 828 2697 subornatum
852 2633 1003 2700 sorbetur
1026 2636 1111 2699 lactc
1135 2643 1255 2721 negato

495 2735 658 2800 Faucibus
681 2736 817 2800 insuetis
840 2736 976 2801 ridenda
999 2737 1114 2804 fraude
1139 2760 1317 2805 venenum:

496 2840 592 2906 Istius
617 2842 673 2905 illa
695 2842 765 2919 fuit,
790 2863 864 2906 cum
888 2844 1017 2928 siguum
1040 2846 1184 2930 contigit,
1208 2854 1310 2911 aetas.

496 2943 580 3009 Nam
603 2944 736 3009 fulsisse
759 2946 868 3010 ferunt
892 2947 988 3011 huius
1013 2949 1177 3013 clunabula
1199 2970 1319 3034 magno

412 3067 437 3098 ⁰⁰
496 3048 646 3129 Lumine,
670 3070 742 3114 cnm
766 3056 875 3116 tantus
900 3051 1070 3117 micuisset
1094 3053 1250 3138 splendor
1272 3055 1306 3118 in
1329 3053 1397 3125 illo,

497 3154 647 3230 Quantus
669 3156 703 3220 in
726 3155 919 3241 obsequium
944 3159 1050 3244 potuit
1074 3166 1152 3223 tune
1175 3159 1306 3243 fungier
1328 3160 1454 3229 aether.

496 3257 579 3323 Cum
603 3259 712 3324 iussus
736 3260 860 3325 servire
885 3260 954 3324 viro
978 3262 1130 3326 mortalia
1153 3263 1270 3349 raptim

496 3362 645 3428 Membra
668 3365 756 3429 levat
778 3364 873 3429 labsu
897 3365 1054 3450 gradiens
1077 3368 1168 3431 celer
1189 3368 1275 3451 iguis
1296 3367 1438 3454 Olympi.

496 3464 717 3552 Cornipedem
741 3468 857 3553 pernix
880 3489 996 3532 cursus
1019 3469 1170 3533 imitatus·
1189 3491 1358 3554 equorum.

411 3584 436 3617 ⁰³·
498 3568 663 3656 Prospera
685 3592 749 3635 non
773 3571 869 3635 aliter
892 3593 1030 3658 puerum
1054 3582 1130 3637 tunc
1154 3574 1286 3638 flamma
1308 3596 1481 3661 pererrans

497 3671 621 3738 Circuit
643 3674 794 3739 inlustrat
818 3682 995 3740 veneratur
1019 3677 1158 3763 suspicit
1180 3677 1292 3743 ambit.

543 3778 627 3844 Tum
650 3779 789 3866 pavidus
813 3782 945 3866 genitor
967 3785 1143 3850 summisso
1168 3782 1290 3847 lumine
1314 3781 1416 3846 fatur:

496 3883 652 3949 “Summe
676 3883 784 3965 deum,
808 3887 913 3951 sancti
936 3893 1057 3968 custos,
1081 3887 1136 3973 qni
1159 3888 1301 3953 culmine
1325 3887 1406 3952 caeli

496 3986 616 4053 Omina
637 3986 755 4053 dextra
775 3988 868 4062 facis,
892 4011 975 4075 quac
999 3992 1108 4056 cernis
1131 3992 1254 4056 lumine
1278 3990 1407 4059 dextro.

426 4109 440 4139 ⁰
497 4091 596 4156 Hunc
619 4090 680 4156 tibi
703 4090 744 4157 dc
768 4094 881 4179 primis
905 4102 939 4160 et
961 4095 1069 4161 adhuc
1091 4096 1300 4183 reptantibus
1321 4095 1426 4173 annis,

497 4194 618 4260 Sancte
642 4203 748 4282 pater,
772 4219 886 4279 voveo,
911 4220 1008 4284 quem
1032 4199 1172 4266 necdum
1196 4200 1346 4266 cassibus
1369 4200 1447 4264 artis

495 4297 640 4364 Lubrica
662 4301 800 4366 terrenis
824 4302 995 4368 innectunt
1018 4305 1151 4370 saecula
1174 4304 1279 4390 culpis
1302 4339 1344 4351 -

496 4401 566 4467 Nec
583 4401 708 4468 faciant
724 4427 777 4466 -:
802 4405 855 4486 sit,
874 4426 1000 4471 summa
1017 4407 1110 4488 dens,
1134 4407 1196 4472 tibi
1211 4427 1329 4471 munus
1347 4401 1526 4492 opimum''.

495 4505 590 4572 Haec
613 4508 660 4572 ait
683 4516 716 4573 et
740 4509 892 4577 lacrimas
917 4533 997 4597 quas
1019 4520 1174 4599 promunt
1196 4512 1316 4599 gaudia
1338 4510 1455 4575 fundit.

429 4625 440 4660 Ξ·
499 4610 686 4698 Crispinum
709 4613 793 4700 petit
814 4614 889 4680 inda
914 4616 1033 4693 libans,
1057 4637 1153 4702 quem
1176 4615 1287 4681 dicero
1312 4613 1411 4700 digno

496 4714 570 4779 Non
594 4714 690 4780 datur
713 4717 857 4802 eloquio,
881 4740 942 4784 nec
967 4719 994 4782 si
1018 4718 1114 4784 modo
1138 4727 1251 4805 surgat
1273 4717 1406 4783 Averno

496 4815 559 4891 Qui
583 4819 688 4905 potuit
709 4820 829 4905 rigidas
854 4821 894 4887 de
919 4822 1053 4910 mpibus
1077 4822 1276 4909 Appennini,

496 4920 647 4986 Flumina
671 4943 745 4987 cum
768 4931 906 5005 starent,
931 4924 971 4989 ad
996 4926 1157 5012 plectrum
1180 4925 1300 4991 ducere
1324 4924 1433 4989 silvas.

133 5064 324 5073 ——--—a-.--
353 5065 409 5073 —-
438 5066 492 5073 —

232 5182 258 5217 v.
277 5163 311 5216 75
328 5168 448 5234 fugurent
460 5164 486 5216 B
624 5182 647 5215 v.
668 5162 701 5214 77
719 5167 805 5218 attulit
822 5166 843 5215 V
981 5185 1005 5218 v.
1027 5165 1060 5218 78
1078 5168 1196 5235 pulomm
1219 5185 1275 5234 sup.
1294 5168 1339 5220 lia.
1359 5169 1413 5220 hB
1551 5184 1575 5218 r.
1593 5161 1629 5217 w
1645 5164 1787 5233 contingat]

128 5252 281 5320 contingant
297 5251 386 5315 Simu,
403 5251 574 5318 supplendum
592 5261 621 5303 ut
639 5261 684 5302 cat
701 5270 733 5303 ea
751 5253 792 5304 vel
810 5253 992 5319 corripendum
1112 5273 1137 5305 v.
1157 5252 1190 5305 81
1210 5252 1317 5318 camut]
1340 5256 1449 5306 certauit
1460 5253 1486 5304 B
1492 5252 1502 5290 ¹
1625 5268 1649 5302 v.
1668 5248 1704 5303 82
1721 5259 1789 5303 terra

129 5336 210 5391 &aa
355 5356 379 5390 v.
398 5336 432 5390 83
455 5338 600 5406 deperatB
738 5357 761 5390 v.
780 5338 814 5391 86
831 5340 941 5391 sacculis
959 5340 998 5403 B,
1025 5341 1102 5392 saecli
1121 5340 1217 5390 Hortel
1356 5358 1379 5390 r.
1399 5337 1433 5391 92
1455 5347 1533 5391 auctu
1554 5337 1665 5400 cadica,
1690 5346 1748 5389 utu
1766 5338 1790 5402 b,

128 5440 176 5479 en.
194 5423 276 5478 &a
389 5440 413 5475 v.
432 5422 467 5475 95
484 5434 561 5478 uatus
577 5427 606 5477 ia
623 5424 658 5478 lic
676 5426 699 5474 V
807 5444 831 5477 v.
852 5425 898 5477 101
918 5424 989 5491 tuno]
1008 5436 1065 5478 tum
1078 5426 1116 5477 Pb
1190 5435 1254 5477 tnnc
1273 5422 1383 5491 fungier]
1401 5434 1464 5476 tuno
1483 5424 1585 5475 tundier
1602 5422 1713 5485 Hermi,
1729 5442 1789 5477 oon·

128 5510 232 5563 Μία
248 5508 337 5562 &too
464 5526 488 5561 v.
511 5506 560 5561 108
577 5520 668 5562 cuatus
680 5511 705 5561 B
839 5530 863 5561 v.
884 5510 934 5561 109
951 5509 1045 5576 ouum]
1065 5513 1149 5564 omnia
1167 5511 1235 5562 Isth
1366 5528 1389 5562 v.
1412 5506 1460 5560 lli
1478 5510 1579 5576 regida
1596 5508 1665 5560 BV¹
1746 5513 1788 5563 ad-

127 5594 235 5663 punlui
246 5592 281 5657 B,
297 5595 420 5660 apennini
432 5595 448 5644 b

1542 5686 1580 5739 ga
