4500 6232
718 271 856 326 ODXXXI
874 272 997 339 (EPIST.
1016 275 1041 337 9,
1059 276 1095 342 s),
1114 274 1266 330 CDXXXII
1285 275 1407 342 (EPIST.
1427 278 1452 340 9,
1472 278 1523 342 10).

902 530 1086 599 tnxxxl
1110 535 1218 619 (crrsr.
1240 539 1270 616 9,
1293 535 1337 619 9).

856 710 1112 784 CAMELLAE
1139 709 1389 786 ENNODIVS.

398 836 614 951 Intercepisti
637 873 784 930 nostrum
809 868 920 933 nescio
945 891 1041 953 quem
1065 877 1180 934 secuta
1203 871 1386 934 consilium.
1432 892 1507 933 nam
1531 872 1701 956 parvulum
1726 877 1828 952 tuum,
1852 877 1978 956 queml

293 971 474 1034 studiorum
498 969 682 1034 liberalium
707 970 821 1036 debuit
838 993 914 1037 cura
930 973 1125 1058 suscepisse,
1148 978 1225 1037 ante
1242 972 1355 1037 iudicii
1372 974 1598 1038 convenientis
1615 982 1763 1060 tempora
1778 975 1948 1060 religionis

294 1075 397 1139 titulis
426 1074 600 1158 insignisti.
645 1075 833 1140 veneranda
863 1075 994 1162 quidem
1026 1077 1242 1141 ecclesiastici
1278 1077 1383 1141 forma
1415 1078 1552 1155 servitii,
1592 1076 1651 1142 sed
1682 1099 1766 1162 qnae
1795 1076 1836 1141 ad
1866 1076 1949 1142 duas

229 1202 240 1237 s
293 1184 404 1263 partos
434 1179 577 1242 animum
607 1200 672 1243 non
705 1180 842 1244 relaxet.
886 1201 985 1243 unum
1016 1187 1050 1245 et
1080 1180 1212 1245 difficile
1243 1182 1307 1245 iter
1337 1188 1388 1245 est
1419 1201 1483 1265 quo
1513 1181 1578 1244 itur
1609 1180 1649 1244 ad
1674 1180 1856 1259 Christum,
1888 1201 1949 1245 nec

293 1288 469 1367 occupatos
500 1282 726 1368 multipliciter
754 1283 928 1368 aliquando
956 1285 1007 1347 via
1037 1290 1109 1349 arta
1133 1285 1290 1368 suscepit.
1335 1290 1554 1370 properantes
1577 1283 1619 1348 ad
1642 1306 1678 1349 se
1702 1283 1743 1348 de
1767 1284 1950 1370 disciplinis

293 1385 517 1450 saecularibus
540 1386 655 1450 salutis
678 1385 789 1472 opilex
812 1408 877 1450 non
907 1387 1044 1467 refutat,
1074 1385 1134 1451 sed
1156 1388 1203 1451 ire
1227 1385 1269 1450 ad
1291 1387 1364 1451 illas
1388 1408 1585 1472 quemquam
1609 1386 1649 1452 de
1674 1409 1733 1452 suo
1756 1386 1862 1452 nitore
1886 1409 1951 1453 non

293 1487 427 1574 patitur.
464 1488 527 1551 iam
552 1487 578 1551 si
603 1509 678 1553 eum
701 1489 822 1553 mundo
840 1490 1064 1570 subtraxeras,
1088 1489 1199 1554 mundi
1216 1491 1249 1554 in
1267 1511 1306 1555 eo
1324 1490 1493 1554 schemata
1509 1510 1574 1554 non
1590 1489 1749 1574 requiras.
1788 1491 1982 1556 erubes002

295 1591 521 1655 ecclesiastica
564 1591 774 1677 profitentem
817 1594 1015 1658 ornamentis
1057 1593 1283 1658 saecularibus
1326 1593 1484 1680 expolire.
1544 1593 1722 1657 adnuerem
1764 1592 1850 1678 quod
1890 1615 1951 1680 per

297 1694 475 1759 Patricium
504 1693 692 1777 diaconum,
721 1704 879 1781 quantum
905 1698 976 1783 ipse
1003 1698 1160 1776 asseruit,
1189 1698 1379 1784 postulasti:
1411 1696 1490 1783 quid
1519 1697 1663 1782 oportuit
1692 1717 1766 1761 eum
1789 1697 1888 1761 aliter
1909 1696 1952 1761 ad

294 1818 361 1878 me,
392 1819 490 1883 quam
519 1796 635 1863 diebus
666 1798 746 1886 ipsis
768 1799 920 1864 inventus
944 1806 1008 1881 est,
1038 1799 1216 1865 destinari?
1261 1801 1288 1864 si
1311 1800 1465 1865 indicium
1489 1821 1598 1866 meum
1621 1799 1783 1876 consulis,
1812 1800 1886 1864 volo
1909 1798 1952 1864 ad

294 1923 347 1967 me
370 1902 575 1988 pertinentes
598 1903 702 1987 magis
725 1904 843 1967 merito
867 1910 998 1968 sanctos
1023 1926 1099 1969 esse
1124 1926 1221 1990 quam
1245 1905 1350 1969 titulo.
1389 1925 1466 1969 vers
1490 1904 1633 1968 animum
1651 1924 1759 1968 meum
1775 1902 1816 1968 de
1832 1902 1952 1987 quietis

294 2006 436 2071 statione
459 2004 501 2070 ad
524 2006 759 2090 cogitationum
790 2007 928 2092 pelagus
959 2009 1132 2094 expulisti;
1163 2009 1292 2094 suscepi
1316 2014 1426 2073 tamen
1449 2007 1512 2073 deo
1536 2007 1671 2093 auspicc
1694 2007 1863 2092 sanguinis
1885 2007 1983 2073 mei3

295 2109 473 2175 vernulam.
523 2131 608 2175 nunc
636 2116 754 2188 restat,
789 2116 825 2174 ut
855 2112 1026 2176 conatibus
1054 2111 1136 2176 meis
1169 2111 1261 2176 lavor
1293 2112 1448 2177 caelestis
1479 2108 1627 2175 adrideat
1659 2115 1694 2175 et
1722 2110 1950 2196 neglegentias

295 2211 463 2277 hominum
493 2214 569 2299 piae
601 2212 835 2278 moderationis
859 2214 1010 2280 ubertate
1034 2223 1208 2301 conponat.
1253 2214 1403 2293 domina,
1434 2221 1610 2301 utsupra,
1642 2214 1780 2279 salutem
1805 2214 1950 2279 debitam

294 2316 404 2382 dicens
434 2338 561 2403 precor,
595 2324 632 2381 ut
668 2339 753 2383 nunc
788 2318 953 2404 geminam
984 2319 1236 2384 sollicitudinem
1271 2341 1329 2404 pro
1360 2319 1508 2404 utrisque
1541 2317 1701 2403 suscipias
1733 2324 1767 2382 et
1798 2316 1860 2383 deo
1889 2340 1950 2384 nos

295 2418 522 2486 commendare
545 2420 692 2488 adsiduis
715 2423 868 2509 precibus
892 2443 958 2486 non
981 2424 1123 2488 omittas.

889 2710 1096 2781 cumn
1119 2714 1230 2799 (rerer.
1247 2717 1278 2794 9,
1297 2713 1361 2795 10).

913 2890 1063 2966 CELSO
1089 2889 1301 2965 ENNODIV
1302 2891 1340 2965 S.

411 3022 639 3118 Irenocinium
662 3059 723 3134 est,
746 3075 812 3119 non
834 3053 960 3139 gratiae
984 3058 1237 3133 sacramentum,
1261 3050 1348 3138 quod
1372 3057 1498 3117 tantum
1516 3051 1747 3138 praesentibus
1763 3049 1978 3117 exhibetuml

219 3196 230 3208 ·
296 3153 460 3220 amicitiae
489 3156 659 3221 sinceritas
688 3163 722 3222 et
744 3158 842 3244 longe
864 3157 989 3242 positos
1012 3177 1077 3221 non
1099 3157 1265 3242 relinquit.
1311 3153 1387 3241 quid
1416 3155 1522 3241 possit
1544 3175 1622 3219 vera
1651 3152 1747 3235 tides,
1780 3153 1953 3239 intellegat

295 3259 351 3344 qui
378 3265 456 3323 tunc
483 3258 674 3347 adipiscitur
701 3260 879 3340 beneficia,
911 3259 1043 3346 quando
1073 3259 1193 3324 desinit
1216 3259 1412 3345 supplicare.
1460 3279 1522 3344 ego
1546 3258 1625 3322 mihi
1648 3257 1769 3338 debeo,
1800 3257 1887 3343 quod
1909 3257 1952 3323 ad

297 3362 470 3428 stationem
492 3385 626 3450 precum
648 3370 740 3430 tram
764 3364 913 3451 Gargara
936 3363 1064 3451 positus
1087 3363 1276 3449 pervenisti.
1322 3369 1358 3426 tu
1381 3362 1488 3426 lucem
1512 3360 1747 3439 conscientiae,
1770 3361 1894 3425 amicos
1918 3360 2107 3460 θΒὝ-ξὲῐῦ·

297 3466 442 3547 litteras,
473 3488 537 3532 uno
561 3490 581 3533 a
607 3475 640 3534 te
670 3476 818 3555 tempore
849 3467 1003 3549 divisisti,
1036 3473 1167 3532 sectans
1191 3488 1256 3532 non
1280 3468 1386 3531 solum
1409 3465 1586 3550 longinqua
1609 3463 1667 3529 sed
1691 3462 1815 3545 abdita,
1847 3465 1893 3529 ita
1916 3470 1953 3530 ut
2005 3446 2011 3467 ¹

298 3589 458 3655 nusquam
486 3576 518 3634 te
546 3573 675 3655 sagacis
706 3572 783 3637 boni
811 3577 1005 3658 persecutor
1033 3570 1189 3637 iuveniat.
1236 3591 1367 3656 semper
1394 3576 1427 3634 et
1454 3569 1509 3634 hic
1538 3567 1669 3653 quidem
1700 3568 1839 3633 latentia
1866 3568 1985 3636 interl

221 3686 239 3725 2·
299 3673 428 3758 lepores
457 3675 579 3739 cubilia
609 3675 787 3761 diligebas,
818 3675 876 3739 sed
905 3695 1005 3761 saepe
1036 3674 1196 3740 latebram
1227 3681 1316 3739 tuam
1350 3674 1403 3759 qui
1432 3693 1548 3759 presso
1571 3692 1627 3736 ore
1651 3671 1793 3756 vestigia
1816 3671 1952 3737 rimatur

296 3776 430 3841 invenit.
474 3798 559 3842 nunc
587 3779 695 3843 altiori
722 3778 877 3858 consilio,
908 3776 1022 3852 credo,
1051 3785 1088 3842 ut
1115 3783 1277 3842 amotores
1303 3775 1521 3857 adcenderes,
1550 3781 1583 3840 te
1613 3774 1779 3838 hominum
1806 3775 1953 3841 coetibus

297 3879 497 3945 submovisti.
544 3901 621 3964 crgo
645 3883 748 3945 solam
772 3883 946 3968 pueritiam
970 3882 1113 3948 debuisti
1137 3879 1442 3948 Mediolanensibus
1466 3880 1551 3944 tuis?
1598 3884 1631 3942 et
1654 3878 1757 3941 virum
1781 3884 1815 3944 te
1839 3884 1953 3944 tenere

298 3981 479 4050 debuerant
501 3986 555 4071 qui
578 4007 714 4071 puerum
739 3987 972 4072 possederunt,
1003 3993 1037 4052 ct
1060 4008 1142 4072 quos
1166 3985 1353 4050 laetificasti
1376 3983 1417 4049 de
1443 3980 1649 4068 amplexibus
1673 3980 1818 4046 debuisti
1841 3981 1954 4047 invare

299 4088 454 4152 consiliis.
493 4087 553 4153 sed
576 4089 651 4152 hinc
674 4090 765 4153 alias.
804 4095 839 4153 tu
862 4090 922 4155 tibi
946 4091 1168 4179 provisionum
1192 4098 1321 4154 tuarum
1346 4095 1403 4153 aut
1425 4087 1546 4173 gaudia
1562 4085 1700 4151 debebis
1716 4092 1773 4150 aut
1789 4085 1984 4153 lacrimosi}

300 4212 362 4275 ego
385 4192 515 4256 interim
538 4193 769 4258 salutationem
793 4195 960 4279 praelatus
984 4216 1110 4260 memor
1132 4194 1235 4260 debiti
1260 4193 1468 4258 donationem
1492 4190 1533 4255 de
1557 4211 1659 4276 puero
1684 4188 1861 4269 destinavi,
1892 4189 1954 4253 hoc

300 4293 386 4379 apud
410 4315 462 4358 me
486 4304 651 4380 reputans,
673 4303 711 4359 ut
732 4318 793 4361 nec
818 4298 1012 4384 inportunus
1036 4299 1068 4361 in
1092 4304 1240 4383 tempore
1264 4294 1464 4359 diffidentiae
1489 4315 1568 4357 suac
1592 4293 1739 4357 vinceret
1762 4298 1795 4357 et
1818 4312 1953 4356 cessans

299 4399 385 4463 inter
408 4398 645 4485 desperationis
669 4401 756 4465 mala
779 4400 949 4486 gauderet.

404 4605 559 4676 [CDXXXI]
597 4609 608 4659 1
630 4611 763 4661 Ennodius
781 4611 904 4661 Camillus
918 4610 997 4662 Sirra.
1135 4605 1153 4658 ‘2
1175 4608 1309 4674 paruolum
1326 4606 1351 4657 B
1488 4605 1506 4655 3
1523 4606 1660 4672 suscipisse
1677 4604 1710 4668 B,
1733 4604 1862 4670 suscipere
1880 4603 1955 4654 ceteri

299 4692 316 4744 4
333 4696 474 4747 ecclesiasti
487 4695 512 4745 Β
591 4697 703 4747 seruitiis
721 4696 746 4745 B
861 4695 878 4746 5
895 4697 987 4747 relaxit
1003 4696 1027 4746 Β
1143 4692 1160 4742 a
1179 4700 1324 4775 occupatus
1333 4693 1358 4742 B
1439 4692 1577 4757 aliquando
1600 4691 1774 4757 multipliciter
1787 4688 1823 4740 Ob
1902 4686 1952 4754 via]

300 4781 355 4832 nita
368 4779 446 4832 Siros.
577 4781 594 4832 8
612 4789 724 4833 scemata
736 4782 761 4832 B
890 4779 906 4831 9
924 4782 1042 4848 expulire
1052 4781 1077 4830 Β
1208 4777 1242 4829 10
1258 4779 1327 4829 diaes
1339 4778 1365 4829 B
1458 4779 1513 4845 ipss
1530 4779 1642 4830 asseruit
1655 4776 1722 4838 01³⁶,
1746 4775 1854 4841 ipseruit
1869 4773 1955 4837 BVL,

299 4868 435 4935 imperauit
456 4868 480 4917 Τ
620 4866 652 4919 12
674 4877 791 4921 seauctos
807 4868 832 4919 B
955 4865 1004 4918 ·13
1027 4867 1208 4934 cogitationem
1224 4865 1250 4916 B
1390 4861 1422 4914 14
1445 4863 1577 4915 nemolam
1594 4861 1631 4926 B,
1655 4861 1779 4913 uenulam
1801 4860 1856 4912 cod.
1871 4859 1955 4911 Fabri

300 4954 373 5006 labor
390 4954 508 5006 caelestis
519 4953 545 5003 B
613 4954 723 5006 arridem
739 4953 762 5004 V
865 4951 897 5003 16
916 4971 963 5004 nos
974 4952 1008 5016 B,
1025 4959 1111 5004 nostro
1129 4953 1205 5003 ceteri
1311 4948 1342 5000 11
1361 4951 1488 5003 adsisdnis
1500 4949 1534 5013 B,
1550 4949 1660 5000 assiduis
1675 4946 1700 4998 V

404 5053 573 5124 [cnxxxn]
608 5057 641 5109 18
658 5060 791 5110 Ennodins
807 5059 910 5110 Celsob
1017 5054 1048 5106 19
1065 5056 1216 5106 linocininm
1231 5054 1256 5105 B
1362 5052 1398 5104 ‘20
1416 5054 1480 5105 fedis
1497 5052 1627 5118 intelligat
1638 5050 1665 5101 B
1767 5047 1800 5099 21
1819 5049 1919 5100 desinet
1930 5046 1956 5098 B

300 5142 391 5205 debeo]
409 5144 457 5195 deo
468 5143 495 5194 B
593 5142 628 5195 22
645 5143 718 5210 trani
734 5145 759 5195 B
825 5144 965 5210 prouenisti
978 5141 1004 5191 Β
1064 5142 1147 5191 lucem
1161 5141 1193 5202 Β,
1211 5141 1270 5192 luce
1282 5142 1358 5192 ceteri
1456 5137 1491 5189 25
1507 5139 1603 5205 cupilia
1620 5137 1750 5203 delegibas
1762 5134 1787 5185 Β
1848 5135 1956 5185 rimatur

299 5229 462 5294 scriptitarim
479 5230 608 5295 Hortctr‘o,
626 5232 731 5283 rimator
743 5231 776 5296 B,
794 5232 902 5282 rimatus
919 5236 959 5280 est
975 5228 1051 5279 ceteri
1153 5224 1187 5278 26
1205 5236 1332 5279 amanites
1350 5227 1445 5277 conieci
1461 5233 1490 5274 ut
1502 5223 1658 5288 Petschenig,
1676 5230 1785 5273 matores
1797 5220 1830 5284 Β,
1848 5220 1956 5271 maiores

300 5317 384 5380 esuri,
406 5334 533 5368 maerores
550 5326 573 5368 et
586 5325 679 5384 posteo
695 5316 791 5381 (Wreu.
809 5316 884 5368 Stud.
901 5318 965 5367 1883
978 5333 1008 5381 p.
1027 5316 1081 5378 155)
1103 5314 1236 5366 rimatores
1249 5315 1353 5377 Horret,
1377 5322 1512 5365 venatores
1530 5311 1656 5362 Dorntart
1760 5307 1911 5360 &conderis
1922 5305 1956 5370 B,

299 5403 446 5455 accenderis
462 5404 545 5467 esuri,
562 5421 609 5456 aar.
624 5403 711 5454 Sotott
772 5404 907 5455 cuoetibus
925 5400 962 5464 (et
980 5402 1007 5452 ia
1020 5398 1068 5465 tu.)
1081 5399 1106 5449 B
1207 5397 1241 5450 27
1259 5401 1366 5453 dibuisti
1378 5400 1405 5451 B
1466 5398 1693 5450 mediolaninsibus
1704 5394 1750 5445 Β(ι
1847 5390 1883 5445 28
1900 5409 1956 5460 pos·

299 5488 453 5542 sideruntB
555 5489 709 5558 anplexibus
722 5489 747 5538 B
848 5490 941 5540 iubare
960 5485 985 5536 Β
1123 5483 1158 5536 30
1176 5488 1340 5552 praesanatns
1359 5486 1384 5536 B
1520 5482 1552 5534 31
1572 5489 1692 5549 reputans
1704 5479 1730 5531 B
1868 5474 1903 5529 32
1920 5479 1957 5530 di·

299 5577 453 5645 sperationis
465 5576 490 5626 Β
497 5576 542 5626 VL

403 5667 544 5725 moerus.
1714 5656 1750 5711 38
