4500 6232
327 278 389 341 W,
519 272 703 331 cessum*
720 271 844 329 OEI'IS‘I'.
862 274 887 327 t.
905 274 961 329 Ut.
977 270 1148 331 [cmxv
1166 270 1289 327 -ΕΡΙΞΤ,
1306 268 1606 328 2212OEOEss
1622 266 1729 339 (nlt'r.
1744 270 1788 339 5).

325 448 448 515 latione
475 448 593 515 docete
621 468 707 533 quac
735 449 867 533 geritis:
902 448 983 513 Illud
1013 448 1191 534 praecipue
1218 447 1303 511 scire
1331 444 1484 532 cupidum
1512 444 1690 531 dignanter
1716 444 1902 523 instruite,
1935 462 2007 529 qn

292 554 466 639 desponsae
490 554 542 618 vel
566 551 791 617 blandImcnta
813 552 937 617 saeculi
960 551 1129 637 religionis
1151 550 1356 614 districtione
1384 558 1592 635 respuantur.
1633 548 1785 627 domiue.
1816 560 1858 611 ut
1883 566 2008 635 rupta.

323 658 532 721 salutationis
555 678 693 721 munera
716 672 932 743 praesentans·
955 676 1083 742 precor.
1105 672 1142 719 ut
1164 672 1333 739 gratanter
1347 654 1489 738 accipias
1505 651 1592 738 quad
1607 652 1694 716 inter
1707 672 1874 717 mrum
1890 648 2009 715 notes

324 763 435 847 exegit
458 762 528 826 lieri
553 762 700 825 iocorum
723 781 788 826 non
812 759 998 847 respuenda
1021 759 1203 845 subreptio.

916 1082 1129 1152 (tamt
1151 1084 1263 1169 (nra-r.
1280 1088 1310 1149 7.
1326 1087 1394 1167 2111,
1436 1132 1438 1136 .

920 1280 1112 1355 IIAXIIIO
1138 1280 1388 1355 EXNODII'S.

297 1448 307 1505 ¹
444 1429 517 1521 Vbi
545 1472 597 1521 est
625 1456 707 1521 fides
738 1456 943 1543 splendentis
969 1457 1155 1544 periclitata
1182 1457 1422 1522 conscientiae.
1450 1478 1548 1542 quam
1571 1470 1606 1521 et
1627 1458 1661 1520 in
1682 1458 1778 1521 annis
1803 1460 2010 1545 puerilibus

324 1584 407 1626 cana
436 1563 619 1626 revertentia
648 1582 712 1625 non
736 1562 904 1647 relinquit.
932 1584 1030 1648 quam
1053 1584 1112 1648 per
1133 1564 1206 1627 aeri
1229 1560 1467 1648 praeiudicium
1491 1559 1701 1624 observantis
1723 1560 1926 1627 honestatis
1952 1565 2009 1629 in-

325 1666 439 1729 radiat.
463 1687 548 1750 quac
573 1666 604 1728 in
627 1682 776 1750 tempore
800 1666 979 1729 iuventutis
1002 1667 1130 1730 actibus
1153 1682 1378 1730 maturescens
1402 1665 1571 1727 infantiam
1591 1665 1741 1749 ingressa
1756 1667 2009 1752 praelabitur?

325 1769 479 1853 nurnquid
503 1790 642 1853 aequum
666 1770 727 1833 suit
750 1771 890 1833 amantis
913 1770 1043 1856 paginis
1061 1778 1188 1833 tautum
1211 1767 1365 1832 mandata
1382 1768 1520 1831 restitui.
1543 1783 1600 1830 aut
1614 1789 1675 1854 par
1688 1767 1771 1833 fides
1786 1778 1844 1835 est
1861 1771 2008 1837 liberae

325 1874 512 1959 scriptionis
541 1886 574 1937 ct
602 1874 736 1935 famuli?
781 1872 937 1957 numquid
969 1872 1104 1958 dignum
1129 1872 1276 1960 probatis
1303 1871 1450 1935 moribus
1479 1872 1655 1935 censuistis
1683 1882 1933 1957 provocantem
1958 1876 2006 1941 ad

325 1979 433 2041 ol'licia
462 1979 614 2062 religiosa
643 1999 708 2041 non
737 1977 909 2061 subsequi.
938 1978 989 2042 rel
1017 1979 1111 2041 nefas
1138 1978 1279 2062 putastis
1309 1976 1467 2062 epistolas
1490 1973 1643 2039 reddere.
1674 1995 1756 2059 quas
1779 1976 1882 2042 robis
1908 1979 2009 2045 inter

292 2082 481 2145 2exccssus
505 2080 643 2164 contigit
667 2100 731 2143 non
756 2081 928 2165 coepisse?
965 2081 1047 2145 haec
1069 2080 1172 2164 igitur
1193 2092 1245 2143 est
1266 2088 1322 2143 tua
1345 2077 1540 2164 disciplina?
1579 2099 1645 2141 uon
1667 2079 1768 2144 talem
1785 2090 1820 2144 te
1838 2082 2007 2168 probitas

323 2186 399 2247 olim
431 2183 636 2247 inanilestata
669 2181 871 2246 disseminat.
920 2203 983 2267 ego
1015 2198 1126 2248 tamen
1158 2182 1357 2267 loquacitate
1387 2203 1451 2266 qua
1486 2196 1583 2246 notus
1613 2204 1684 2267 sum
1712 2181 1871 2247 indurata
1905 2188 2008 2252 nitor

324 2302 450 2351 mutare
474 2287 613 2350 silentia.
653 2284 808 2371 numquid
832 2286 892 2350 tibi
916 2286 1011 2372 inpar
1033 2294 1085 2351 est
1107 2287 1220 2372 lingua
1236 2285 1422 2350 natalibus?
1458 2300 1515 2350 aut
1531 2286 1836 2351 nontestimonium
1852 2292 2006 2374 generis

2061 1898 2087 1937 ΙΙΙ

324 2390 499 2455 adnuntias
517 2390 596 2452 llorc
621 2390 804 2454 sermonis?
843 2389 999 2474 numquid
1023 2398 1147 2454 ostrum
1169 2388 1324 2475 loquendi
1348 2388 1472 2453 deserit
1493 2390 1637 2474 pectoris
1659 2389 1801 2453 secunda
1825 2389 2005 2460 dictatio?
2073 2417 2086 2453 s

293 2494 405 2558 :mihil
436 2494 497 2557 nisi
528 2493 685 2557 malitiam
716 2494 862 2577 resignat
885 2493 940 2577 qui
963 2514 1036 2556 cum
1060 2493 1165 2579 possit
1187 2491 1390 2557 desideranti
1413 2490 1513 2556 rerba
1535 2513 1601 2555 uon
1624 2492 1748 2556 tribuit.
1792 2515 1879 2561 ecee
1904 2498 2008 2565 iuter

327 2599 526 2662 ructationes
554 2597 666 2681 Lyaeo
700 2595 827 2661 debitas
862 2597 970 2682 qualia
1003 2595 1134 2661 Silenus
1167 2596 1252 2661 alter
1282 2597 1382 2660 rerba
1416 2614 1577 2681 conpono.
1626 2595 1837 2661 scribendum
1875 2601 2006 2667 sciatis

327 2722 444 2764 nomen
461 2712 605 2764 vestrum
621 2699 661 2764 ad
678 2700 768 2785 genii
793 2700 856 2764 mei
878 2719 1056 2787 purpuram
1079 2706 1113 2762 et
1134 2699 1256 2763 libellis
1279 2699 1419 2784 propriis
1442 2696 1664 2763 inserendum.
1687 2710 1724 2762 ut
1747 2700 1884 2765 etiamsi
1909 2704 2005 2770 nibil

326 2803 451 2867 tribues
484 2803 525 2867 dc
560 2824 733 2890 responso.
769 2824 832 2887 ego
863 2809 974 2866 tamen
1002 2823 1111 2865 arcem
1141 2812 1288 2879 teneam,
1324 2800 1411 2886 quod
1440 2799 1482 2864 ad
1510 2800 1626 2866 doctos
1656 2802 1743 2866 viros
1773 2802 1884 2889 dirigo
1920 2808 2004 2873 siue

327 2905 546 2992 trepidatione
575 2907 685 2991 aliqua
714 2905 801 2991 quod
831 2906 971 2990 legatur.
1021 2904 1153 2971 domine
1184 2906 1242 2973 mi.
1277 2907 1391 2991 accipe
1424 2914 1559 2969 nostrae
1588 2906 1794 2970 salutationis
1821 2907 2005 2995 obsequia

328 3009 468 3075 reddens
491 3009 601 3074 debita
624 3011 818 3075 litterarum.

692 3184 747 3248 Sic
771 3183 830 3247 tibi
853 3182 1024 3268 virginitas
1047 3203 1201 3247 mansuro
1224 3189 1351 3247 constet
1373 3181 1406 3246 in
1430 3202 1525 3248 aeto.

736 3287 806 3352 Nec
830 3294 946 3375 pereat
968 3286 1124 3372 quicquid
1146 3287 1214 3351 rita
1237 3287 1335 3351 beata
1357 3285 1459 3353 dedit.

692 3390 746 3455 Sic
769 3398 826 3455 tua
848 3412 913 3456 non
937 3391 1103 3455 maculent
1125 3392 1284 3475 nigrantis
1307 3390 1455 3455 membra
1479 3391 1620 3476 puellae.

739 3493 810 3559 Nec
834 3496 944 3560 iaceas
967 3502 1104 3581 propter
1125 3494 1317 3559 Tartaream
1338 3494 1472 3558 faciem:

693 3596 738 3659 I't
760 3597 915 3683 cupidum
939 3599 1061 3661 sanetis
1084 3598 1212 3662 releves
1235 3597 1439 3684 perscripta
1462 3597 1613 3682 loquelis,

739 3699 858 3786 Deque
880 3701 945 3766 tuis
969 3701 1062 3765 fratri
1083 3700 1229 3768 fontibus
1251 3700 1340 3766 unda
1362 3702 1452 3766 fluat.

948 4026 1183 4095 cccxxxvl
1203 4029 1298 4116 (urar.
1316 4030 1361 4116 5).

541 4220 588 4293 IN
615 4220 797 4294 NOMINE
824 4222 1001 4297 PATRIS
1028 4224 1089 4297 ET
1118 4225 1227 4299 FILII
1253 4225 1316 4299 ET
1343 4226 1560 4300 SPIRITVS
1587 4226 1770 4301 SANCTI.

794 4360 955 4436 DICTIO
983 4363 1264 4438 INCIPIENTIS
1291 4363 1517 4439 EPISCOPI.

295 4534 306 4591 1
440 4504 518 4597 I'ar
544 4532 673 4617 quidem
700 4532 869 4621 discipulis
896 4539 1055 4625 ineipIens
1085 4540 1241 4626 magister
1271 4548 1322 4606 est
1349 4547 1382 4605 et
1410 4542 1495 4605 inter
1523 4539 1660 4605 exordia
1682 4540 1796 4606 doctor
1817 4542 1912 4607 nulla
1936 4553 1999 4611 est
2052 4572 2082 4611 to

325 4634 366 4697 ab
389 4634 593 4700 auditoribus
617 4644 704 4701 sorte
727 4639 905 4705 sublimior.
942 4644 1089 4728 expertis
1112 4644 1217 4709 honor
1232 4645 1372 4710 debetur
1389 4646 1543 4731 ingeniis:
1567 4646 1624 4708 vix
1645 4645 1844 4712 mediocrem
1859 4649 1996 4717 cultum

327 4739 463 4825 exigunt
479 4762 542 4804 mm
560 4741 698 4825 probati.
739 4744 795 4808 illa
812 4754 887 4809 stunt
902 4768 980 4811 vera
996 4749 1182 4832 praeconia.
1206 4770 1289 4834 quae
1311 4751 1429 4833 longus
1452 4749 1550 4813 sudor
1573 4749 1699 4813 elicuit:
1723 4749 1997 4820 blandimentum

434 5035 443 5085 l
465 5038 560 5101 geretis
575 5036 598 5085 Β
700 5038 717 5087 :t
735 5046 867 5103 quaeritet
879 5037 904 5087 Β
1006 5038 1023 5090 4
1041 5044 1128 5110 exiget
1139 5044 1172 5109 Β,
1190 5046 1270 5111 exigit
1288 5046 1365 5096 ceteri

431 5136 617 5205 {tftttfxxxv}
652 5138 670 5187 b
688 5143 1038 5193 lirrrrodiusllaximoSiras.
1146 5146 1377 5213 lipserielitatallss
1486 5144 1685 5215 ‘IrelinquidB
1788 5146 1934 5215 Ilpaginas
1951 5150 1996 5200 Vl

326 5222 406 5273 libam
422 5224 444 5273 Β
536 5224 563 5274 ll
586 5242 650 5291 quaa
669 5227 695 5277 in
715 5227 789 5277 trabis
807 5226 894 5277 V1Lc
987 5227 1019 5279 12
1037 5232 1150 5298 corniget
1162 5232 1188 5281 B
1244 5235 1357 5299 coepisse
1372 5234 1404 5296 Β,
1421 5236 1518 5300 cepisse
1536 5237 1611 5285 ceteri
1668 5236 1780 5302 probitas
1798 5235 1859 5285 olim
1871 5234 1908 5298 B,
1925 5238 1994 5290 olim

327 5310 437 5374 probitas
455 5312 531 5361 ceteri
636 5310 669 5362 13
687 5314 829 5365 dissintinat
842 5314 866 5363 Β
973 5314 1004 5366 14
1024 5318 1105 5383 impar
1122 5326 1161 5369 ost
1181 5319 1227 5369 tibi
1241 5319 1319 5370 Sirm.
1428 5319 1460 5369 It'r
1478 5321 1577 5371 (leserat
1593 5320 1688 5372 vanc
1789 5317 1823 5370 lli
1840 5321 1996 5390 designatb

329 5389 359 5443 li
381 5396 483 5447 selanus
500 5396 525 5445 Β
664 5395 699 5448 20
720 5399 810 5464 aliqua
830 5424 938 5450 nn·-
962 5400 1040 5464 (eres.
1061 5403 1150 5469 aliqua
1174 5404 1302 5469 iteratttm)
1321 5404 1347 5455 B
1450 5405 1493 5472 mi]
1516 5408 1578 5457 mibi
1599 5404 1715 5457 Bt’lffl
1819 5408 1929 5475 aecipite
1947 5410 1996 5461 B!

325 5476 358 5529 ‘24
378 5488 423 5531 tna
441 5500 489 5531 rme.
504 5482 528 5531 Β
599 5483 730 5550 nigrantes
743 5485 822 5537 Siras.
926 5483 961 5538 25
979 5496 1082 5555 propter
1099 5490 1181 5543 iaceas
1197 5491 1267 5541 VLC

430 5580 625 5651 {t't'tfxxxb'll
660 5586 695 5637 ‘28
714 5589 739 5638 in
759 5590 861 5641 nomina
880 5616 912 5625 —
931 5591 1011 5642 sancti
1030 5609 1078 5642 oar.
1095 5592 1194 5647 VLTO
