4500 6232
463 287 514 343 XX
983 285 1003 338 1.
1029 283 1078 339 DE
1096 283 1186 338 ulra
1204 282 1252 338 Er
1272 282 1433 338 SCRIPTIS
1451 282 1600 340 ENNODI.

460 467 501 546 (p.
517 462 589 538 286,
606 463 669 541 13)ε
692 459 813 540 ,acerbo
829 456 1034 543 aegritudinis
1057 459 1163 544 inpetu
1185 466 1217 522 ct
1230 456 1337 523 valida
1359 458 1490 522 febrium
1507 457 1666 524 nimietate
1688 459 1841 524 contritus
1864 459 1984 525 litteras
1999 468 2120 526 vrestras

461 564 589 651 adcepi‘.
627 564 683 629 scd
705 587 744 628 ex
766 563 881 643 verbis,
903 585 982 649 quae
1005 562 1060 627 illa
1074 563 1321 648 subsequuntur:
1344 561 1511 642 ,ordinavit
1533 563 1584 626 ille
1606 563 1658 648 qui
1679 563 1789 649 potuit,
1812 573 1848 627 ut
1862 563 1983 639 diebus,
2004 564 2121 649 quibus

462 669 558 732 vitam
581 669 765 747 restituerat,
787 667 958 732 amicorum
981 688 1104 752 quoque
1130 688 1257 731 suomm
1279 688 1346 730 eam
1370 675 1402 730 et
1423 666 1615 730 confimraret
1631 675 1660 729 et
1676 666 1798 731 firlciret
1813 667 1967 752 alloquiis‘
1991 677 2121 755 apparet

460 784 527 837 tum
558 773 577 837 i.
606 796 631 837 6.
658 795 763 837 mense
789 772 874 836 Iulio
906 793 1062 835 summum
1095 770 1194 834 morbi
1225 768 1391 834 discrimen
1422 769 1519 834 fuisse
1551 770 1612 833 iam
1648 780 1837 856 superatum.
1887 781 1921 835 at
1957 772 2119 837 cuiusnam

465 877 538 941 anni
561 877 667 942 lulio?
717 878 793 943 haec
815 878 957 963 quaestio
984 878 1080 964 paulo
1109 878 1232 962 longius
1261 876 1426 964 repetenda
1455 888 1511 940 est.
1556 876 1687 962 legimus
1714 876 1746 939 in
1767 875 1903 962 epistula
1926 875 1966 940 ad
1990 876 2121 941 11611161

463 979 539 1046 data
560 988 601 1068 (p.
617 985 742 1063 280,5):
765 983 884 1062 ,insiste
906 981 1037 1060 domno,
1059 989 1095 1044 ut
1116 981 1329 1045 suburbanum
1353 979 1444 1060 illud,
1472 978 1546 1044 dato
1568 980 1596 1043 si
1619 980 1766 1066 dignatur
1787 1002 1807 1044 a
1828 1001 1878 1043 me
1900 979 2014 1066 pretio,
2036 1002 2121 1044 com-

462 1086 564 1171 parari
589 1086 712 1165 iubeat‘,
738 1095 768 1150 et
791 1084 960 1150 decadem
988 1107 1021 1148 rc
1048 1085 1080 1148 in
1108 1085 1241 1170 epistula
1270 1083 1311 1148 ad
1332 1083 1486 1148 Faustum
1509 1093 1549 1170 (p.
1565 1085 1637 1163 282,
1649 1086 1717 1164 25);
1745 1105 1847 1168 ,spero
1876 1092 1911 1146 ut
1937 1083 2120 1169 petitionem

463 1214 572 1270 meam,
594 1213 688 1276 quam
711 1213 767 1276 per
788 1190 999 1255 confamulum
1021 1213 1125 1254 meum
1147 1190 1273 1253 fratrem
1297 1189 1325 1252 F
1326 1190 1426 1253 161661
1449 1187 1612 1266 destinavi,
1635 1189 1793 1273 suscipere
1814 1187 1908 1252 solita
1929 1187 2122 1272 benignitate

462 1294 652 1380 dignemini.
696 1295 844 1380 quoniam
872 1303 975 1359 autem
1003 1293 1168 1358 Ennodius
1199 1318 1228 1380 p.
1250 1296 1322 1373 366,
1338 1296 1380 1359 26
1407 1292 1547 1379 scripsit:
1576 1314 1710 1371 ,servum
1738 1301 1827 1355 tuum
1859 1290 1900 1355 ad
1928 1291 1989 1355 hoc
2011 1290 2121 1372 direxi,

463 1408 498 1463 ut
520 1398 584 1462 filio
610 1407 665 1462 tuo
695 1398 812 1463 domno
840 1399 996 1485 praefecto
1023 1407 1056 1462 et
1083 1398 1140 1461 tibi
1169 1397 1324 1462 nuntiaret
1351 1397 1383 1461 in
1411 1396 1530 1461 Christi
1557 1397 1682 1460 nomine
1710 1419 1760 1460 me
1788 1395 1827 1460 de
1856 1395 2036 1460 suburbano
2066 1396 2121 1460 illo

465 1501 651 1565 documenta
665 1502 805 1586 legitima
820 1502 1013 1588 suscepisse‘,
1035 1501 1165 1566 dubium
1189 1523 1256 1565 esse
1271 1500 1386 1585 nequit,
1409 1501 1483 1585 quin
1499 1499 1550 1563 hic
1566 1498 1699 1563 domnus
1714 1499 1888 1584 praefectus
1911 1501 1954 1564 sit
1968 1500 2107 1565 Faustus
2112 1524 2122 1579 ;

465 1602 498 1667 id
521 1604 605 1689 quod
629 1604 711 1668 ultro
744 1604 884 1690 sequenti
907 1604 1039 1691 epistula
1067 1604 1107 1668 ad
1135 1604 1287 1667 Faustum
1316 1603 1550 1689 comprobatur,
1581 1602 1633 1666 ubi
1657 1608 1697 1687 (p.
1713 1605 1786 1681 667,
1801 1605 1850 1683 16)
1879 1603 2029 1689 seriptum
2057 1614 2120 1668 est:

463 1705 556 1784 ,addo
579 1730 686 1773 servos
711 1717 831 1771 vestros
854 1706 893 1770 de
909 1706 1053 1772 Venetiis
1078 1706 1140 1770 iam
1163 1728 1319 1791 regressos
1334 1705 1512 1769 exhibuisse
1534 1704 1718 1768 documenta
1734 1705 1912 1770 ‹mnfinnata
1936 1705 1975 1771 de
1990 1707 2122 1793 legibue,

463 1811 513 1874 hic
547 1810 804 1875 introductionem
843 1811 1022 1875 sollemnem
1069 1811 1139 1874 ilico
1182 1811 1278 1874 fuisse
1317 1810 1506 1874 confectam‘.
1560 1808 1674 1893 quibus
1709 1809 1898 1893 argumentis
1932 1811 1959 1873 si
1994 1810 2122 1876 additur

464 1913 644 1978 Ennodium
679 1915 711 1978 iu
745 1914 852 1978 eadem
884 1914 1032 2000 epistula,
1066 1936 1126 2000 qua
1160 1913 1199 1977 ab
1234 1913 1351 1976 Farrsto
1384 1912 1539 1998 praefecto
1574 1912 1786 1976 suburbanum
1818 1913 1923 1998 petiit,
1958 1915 2122 2002 scripsisse

464 2022 504 2104 (p.
520 2020 593 2096 282,
606 2020 672 2093 236
695 2017 808 2095 ,iudico
831 2040 951 2081 meeum
975 2028 1153 2082 sanctorum
1168 2015 1326 2099 suffragiis
1350 2026 1381 2079 et
1396 2016 1508 2080 vestris
1531 2016 1674 2101 precibus
1698 2017 1760 2080 iam
1775 2016 1885 2080 melius
1908 2018 1959 2102 agi
1981 2026 2013 2082 et
2034 2018 2121 2084 illam

464 2120 688 2205 desperationis
717 2131 746 2185 ct
775 2121 908 2184 febrium
935 2120 1104 2207 intepuisse
1131 2118 1351 2197 valitudiucm‘,
1379 2120 1440 2183 ianr
1468 2120 1662 2205 exploratum
1690 2129 1739 2183 est
1765 2120 1875 2184 Fausti
1897 2121 2122 2206 praefecturam

464 2233 494 2287 et
515 2223 641 2287 Ennodi
669 2224 811 2288 morbum
840 2226 871 2288 in
899 2224 1030 2289 eundem
1059 2223 1208 2288 cecidisse
1237 2246 1360 2287 annum.
1406 2223 1522 2286 scilieet
1552 2225 1694 2308 protinus
1723 2223 1933 2308 quaerendum
1963 2233 2025 2305 eat,
2058 2248 2122 2312 quo

464 2349 545 2391 auno
574 2326 711 2391 Faustus
745 2328 917 2413 praefectus
948 2329 967 2391 i.
991 2351 1016 2391 e.
1043 2328 1216 2413 praefectus
1254 2327 1408 2413 praetorio
1441 2336 1505 2412 (op.
1533 2326 1720 2392 CCCLXV
1722 2327 1755 2406 Ι)
1788 2326 1889 2390 fuerit
1945 2327 2021 2391 nihil
2061 2328 2122 2392 hoe

463 2431 585 2495 facilius
614 2430 755 2508 videtur;
785 2454 856 2496 nam
884 2442 987 2495 exstat
1015 2430 1098 2518 apud
1128 2430 1364 2495 Cassiodorium
1387 2435 1462 2512 (var.
1486 2430 1539 2495 ll*
1564 2434 1615 2508 66)
1638 2430 1772 2516 epistrda
1795 2430 1834 2494 ad
1858 2431 2010 2495 Faustum
2033 2454 2123 2518 prae-

462 2533 577 2598 fectum
605 2536 761 2620 praetorio
792 2534 961 2599 indictione
989 2535 1076 2598 tertia
1100 2546 1137 2611 (6.
1154 2537 1280 2615 56616)
1309 2534 1390 2598 data.
1435 2532 1489 2598 sed
1518 2534 1711 2620 praefectura
1737 2556 1798 2596 non
1827 2556 1948 2598 anurrus
1976 2535 2036 2600 fuit
2056 2558 2124 2600 ma-

462 2639 620 2722 gistratus,
643 2638 728 2724 quod
744 2662 812 2704 urea
828 2639 952 2724 quidem
969 2638 1120 2703 sententia
1135 2662 1171 2703 ca
1187 2639 1255 2724 ipsa
1271 2661 1303 2701 re
1319 2637 1482 2715 iudicatur,
1504 2636 1587 2723 quod
1610 2638 1668 2716 ,ab
1692 2637 1745 2701 illa
1767 2636 1944 2702 indictioue‘
1967 2638 2123 2719 (Cassiod.

464 2765 529 2806 var.
552 2742 606 2809 VI
630 2746 660 2819 3)
683 2744 857 2828 praefectus
880 2743 1035 2829 praetorio
1059 2741 1248 2827 designatur,
1271 2765 1341 2805 61116
1365 2742 1459 2805 61116ιί
1483 2742 1682 2826 magistratus
1705 2764 1787 2827 ,per
1809 2741 2020 2806 indictionem‘
2042 2765 2123 2807 nun·

464 2855 623 2932 carpentur.
669 2856 701 2911 ut
725 2846 867 2926 Liberio,
895 2870 985 2932 quem
1013 2846 1224 2910 Theodericus
1248 2847 1278 2909 iu
1307 2846 1396 2909 initio
1419 2845 1505 2930 regui
1533 2846 1580 2909 sui
1604 2846 1794 2930 praefectum
1822 2846 1977 2931 praetorio
1999 2846 2122 2925 fecerat,

464 2948 590 3013 taudem
614 2973 695 3013 6666
719 2955 781 3016 aaa
805 2973 1015 3014 successorem
1037 2949 1126 3013 dedit
1148 2959 1290 3036 (excerpt.
1306 2949 1415 3014 Vales.
1439 2954 1500 3026 68),
1523 2959 1554 3012 et
1576 2947 1795 3013 Cassiodorius
1819 2950 1886 3035 ipse
1910 2972 1964 3035 per
1986 2948 2122 3036 quinque

465 3075 566 3117 annos
589 3053 649 3117 hoc
671 3055 945 3119 61116616166666Ι
968 3063 1024 3118 est.
1068 3062 1145 3139 qum
1168 3076 1266 3117 anuos
1290 3052 1426 3117 Faustus
1450 3052 1534 3116 illam
1557 3051 1740 3138 dignitatem
1764 3053 1944 3131 obtinuerit,
1966 3075 2123 3139 nusquam

465 3157 579 3242 apertis
603 3158 706 3222 verbis
730 3157 876 3223 11661666
900 3168 963 3236 estc
991 3157 1047 3222 scd
1070 3180 1186 3244 paucos
1215 3158 1311 3221 fuisse
1333 3181 1430 3221 anuos
1457 3166 1487 3220 ct
1509 3155 1635 3220 liurrodi
1658 3156 1803 3242 operibus
1827 3154 2002 3220 ostenditur
2022 3170 2055 3220 et
2075 3179 2123 3237 co,

465 3260 549 3345 quod
578 3261 771 3325 Theoderico
800 3260 879 3325 adeo
906 3285 967 3326 nou
998 3262 1127 3347 placuit,
1165 3270 1201 3324 ut
1228 3261 1277 3324 his
1311 3261 1338 3324 ei
1366 3284 1477 3346 graves
1505 3284 1621 3348 pererras
1649 3272 1775 3347 propter
1803 3260 1939 3324 officium
1969 3260 2122 3325 violatum

402 3360 407 3369 '
465 3364 632 3429 minaretur
647 3365 746 3444 (Cass.
763 3389 826 3429 var.
841 3365 876 3428 Π
894 3370 935 3430 26
952 3365 1083 3440 11126).
1116 3375 1196 3428 certe
1211 3363 1354 3450 equidem
1369 3364 1484 3428 frustra
1499 3365 1649 3450 quaesivi,
1671 3387 1725 3428 cur
1740 3364 1891 3427 Farstum
1913 3373 1983 3427 ante
2005 3386 2122 3428 annum

465 3472 528 3535 566
551 3471 706 3556 praetorio
730 3471 899 3556 praefuisse
926 3468 1052 3556 quidam
1077 3467 1195 3548 dicant,
1218 3480 1310 3553 atque
1333 3469 1420 3532 brevi
1448 3478 1521 3554 post
1543 3467 1668 3531 Euuodi
1692 3467 1833 3531 morbum
1857 3468 1876 3530 i.
1892 3490 1930 3546 e,
1960 3467 2121 3532 utstatim

465 3571 736 3653 demonstrabitur,
760 3584 832 3661 post
853 3596 969 3638 anmrm
993 3578 1052 3639 511
1085 3572 1218 3637 Romam
1246 3574 1388 3650 revertit,
1419 3573 1521 3636 itaut
1547 3571 1634 3652 inde,
1665 3571 1749 3658 quod
1778 3572 2011 3637 aTheoderico
2033 3595 2123 3660 prae·

465 3688 589 3764 ceptum
618 3677 776 3765 quoddam
804 3701 868 3764 ,per
896 3678 955 3741 hoc
984 3678 1054 3762 iugc
1090 3677 1258 3741 1116661616ί
1289 3689 1320 3742 et
1350 3678 1389 3755 ,iu
1420 3677 1479 3740 hoc
1505 3676 1620 3740 biennii
1650 3675 1763 3762 spatio’
1791 3698 1914 3741 servare
1942 3677 2046 3742 iussus
2074 3685 2123 3741 est

465 3781 618 3863 (Cassiod.
647 3806 711 3847 var.
738 3783 774 3845 Π
802 3786 870 3861 67),
903 3782 995 3846 liceat
1022 3780 1205 3845 concludere
1239 3782 1391 3846 lfaustum
1421 3781 1460 3844 ab
1490 3780 1562 3844 Kal.
1586 3780 1669 3866 Sept.
1693 3784 1755 3845 566
1790 3802 1887 3865 usque
1915 3779 1955 3844 ad
1988 3779 2122 3845 eundem

465 3883 630 3950 61616511
656 3885 879 3971 praefecturam
903 3885 1083 3948 obtinuisse.

569 3986 631 4051 Sed
648 3998 808 4052 66666116
824 3987 946 4053 dicatur·
968 3989 1027 4052 hoe
1042 3988 1145 4067 morlo,
1168 4012 1238 4053 euru
1254 3990 1349 4053 alteru
1370 4010 1418 4051 ees
1439 4012 1475 4050 ex
1495 3987 1591 4051 altera
1607 3986 1748 4074 pendeat,
1771 3998 1912 4051 neutrarn
1928 3986 2123 4075 exploratam

465 4113 548 4168 esse,
577 4091 669 4155 aliam
700 4091 908 4176 ingrediamur
937 4093 1029 4156 viam.
1074 4115 1112 4155 cx
1140 4090 1275 4178 epistula
1302 4090 1342 4155 ad
1372 4092 1530 4155 Avieuum
1573 4090 1680 4154 Fausti
1708 4090 1805 4154 filium
1833 4091 2122 4178 ‹111a2(p.296‚19)

466 4195 685 4279 cognoscimus
707 4194 855 4258 Errrrodio
878 4197 918 4260 ab
940 4196 1067 4260 11116116
1090 4195 1303 4259 sulurrhauum
1327 4195 1515 4281 promissum
1538 4205 1729 4281 essentque
1752 4219 1781 4280 p.
1797 4198 1870 4274 317,
1885 4199 1926 4261 22
1955 4195 2121 4261 Ennodius

467 4299 539 4363 huic
562 4298 773 4383 singularibus
790 4301 893 4365 verbis
916 4322 974 4385 pro
997 4300 1144 4364 beneficio
1167 4299 1304 4384 quodam
1318 4301 1435 4384 gmtias
1458 4301 1530 4385 egit,
1553 4301 1596 4363 ita
1618 4310 1720 4363 tamen
1744 4310 1787 4378 ut,
1810 4300 1883 4384 qum
1905 4300 1972 4386 ipse
1989 4300 2123 4386 gratiam

466 4402 577 4466 referre
601 4424 663 4465 non
686 4411 801 4487 posset,
824 4405 977 4468 Faustum
1001 4427 1057 4489 pro
1080 4426 1113 4466 se
1136 4402 1195 4467 lroc
1218 4403 1353 4467 officium
1377 4405 1510 4490 recipere
1532 4402 1656 4467 diceret.
1690 4403 1720 4465 in
1744 4402 1841 4466 altera
1863 4413 1967 4468 autem
1988 4404 2124 4490 epistula

466 4503 507 4569 acl
528 4504 699 4585 Liberium,
727 4530 789 4592 qua
810 4507 883 4572 item
907 4531 1029 4572 stimmo
1052 4509 1201 4573 beneficio
1229 4531 1263 4570 sc
1285 4507 1325 4571 ab
1348 4508 1402 4571 illo
1425 4508 1569 4571 affectum
1592 4528 1660 4570 esse
1682 4506 1796 4570 fatetur
1817 4528 1950 4592 eamque
1976 4507 2122 4572 maximis

465 4607 611 4674 laudibus
635 4610 771 4690 extollit,
798 4612 880 4676 lumc
903 4611 1099 4692 adhortatur,
1126 4623 1162 4676 ut
1183 4621 1349 4698 postquam
1373 4611 1475 4676 Gallis
1498 4611 1678 4676 civilitatem
1701 4620 1732 4674 et
1753 4610 1927 4674 libertatem
1948 4610 2122 4676 Romanam

466 4724 539 4800 post
567 4715 682 4779 multos
721 4738 820 4779 anuos
854 4715 1024 4781 reddiderit
1058 4721 1254 4803 (113684),
1281 4716 1405 4781 taudem
1441 4714 1480 4779 ad
1515 4716 1640 4780 Italiam
1672 4724 1853 4779 revertatur.
1911 4714 2123 4800 significantur

466 4828 569 4883 autem
593 4818 642 4884 his
667 4820 770 4883 verbis
794 4830 943 4907 tempora,
966 4821 1079 4906 quibus
1103 4821 1194 4901 hello,
1216 4820 1301 4907 (prod
1316 4818 1527 4884 Theodericus
1547 4829 1664 4884 aestate
1686 4820 1760 4883 anui
1783 4823 1846 4886 568
1869 4841 1926 4903 pro
1941 4817 2123 4903 Visigothis

466 4932 574 4988 contra
595 4923 837 5010 Burgundiones
868 4935 1061 5010 susceperat,
1089 4926 1229 4989 confecto
1256 4947 1369 5007 magna
1399 4924 1522 4988 Galliae
1550 4923 1764 4987 Narbonensis
1787 4945 1859 5009 pars
1882 4923 1913 4985 in
1937 4930 2122 5006 potestatem

467 5026 587 5112 imperii
611 5026 746 5091 Romani
770 5027 819 5090 vcl
842 5027 948 5114 potius
965 5026 1229 5112 (lstrogothorunr
1253 5026 1377 5090 redacta
1399 5037 1430 5090 et
1451 5026 1595 5091 Liberius
1619 5027 1792 5113 praefectus
1809 5025 1984 5090 Gallicurm
2007 5025 2124 5090 clectus

467 5139 542 5193 erat.
586 5130 701 5195 bellum
738 5133 840 5218 ipsum
869 5156 967 5219 usque
997 5131 1037 5197 ad
1069 5156 1183 5197 aunum
1214 5136 1276 5200 516
1306 5142 1441 5196 tractum
1475 5133 1530 5212 (cf.
1559 5131 1704 5213 Biraliup
1735 5131 1844 5195 (lculi.
1873 5133 1926 5194 des
1952 5131 2122 5213 Ilarycud.

469 5233 602 5314 Kdniqr.
621 5257 656 5314 p.
676 5238 742 5299 207
762 5259 793 5299 6.
819 5240 891 5314 712,
909 5259 943 5317 p.
959 5240 1024 5302 214
1046 5260 1077 5300 a.
1096 5242 1188 5322 742),
1212 5260 1311 5323 neque
1334 5247 1407 5322 post
1428 5259 1583 5301 arnumun
1607 5237 1770 5322 strepitum
1794 5236 1898 5299 statim
1923 5233 2066 5314 civilitas,
2088 5244 2125 5298 ut

467 5336 513 5400 ait
530 5336 705 5418 11666666,
728 5341 787 5405 ie.
810 5363 912 5405 rerum
934 5340 1130 5428 publicarum
1154 5341 1231 5406 ordo
1252 5351 1284 5406 et
1306 5341 1473 5428 disciplina
1493 5341 1635 5405 restituta
1655 5350 1710 5404 est.
1747 5338 1831 5426 quod
1847 5337 1887 5403 ad
1904 5337 2124 5404 illustrandum

466 5440 555 5506 iuvat
584 5439 784 5509 admonuisse
812 5466 925 5510 nonren
953 5445 1091 5511 consulis
1120 5447 1279 5514 61161516
1309 5469 1348 5510 66
1375 5445 1541 5510 Decembri
1566 5443 1691 5531 quidem
1715 5443 1863 5530 Lugduni
1891 5453 2001 5507 notum
2027 5442 2125 5508 fuisse

466 5546 514 5631 (cf.
537 5546 584 5610 lc
602 5545 693 5613 Blaut
721 5549 811 5615 inser.
832 5548 851 5613 Ι
875 5551 936 5617 137
966 5560 997 5615 et
1024 5551 1119 5617 Rossi
1146 5552 1238 5617 inser.
1261 5550 1365 5616 christ.
1388 5574 1418 5637 p.
1433 5552 1516 5632 424).
1565 5550 1661 5614 immo
1691 5571 1740 5613 res
1774 5548 1936 5614 etiamtum
1963 5556 2126 5637 tantopere
