4500 6232
907 296 1090 353 cccxxxw
1108 297 1212 367 (DIOT.
1230 299 1267 367 5).
1858 306 1920 368 247

266 474 327 545 est,
351 488 416 531 non
440 466 606 549 iudicium,
630 470 781 553 quotiens
799 471 945 535 laborem
962 471 1067 555 gloria
1083 471 1213 557 ingesta
1228 474 1458 557 praecesserit.
1498 473 1584 538 inter
1599 476 1745 538 maculas
1761 484 1921 557 numeret,

265 590 488 655 quoscumque
512 571 692 656 triumphos
716 579 791 636 ante
816 572 1056 637 discussionem
1074 575 1179 659 campi
1197 575 1291 638 miles
1308 576 1469 662 adquiret.
1508 577 1564 661 qui
1581 578 1764 662 properatis
1781 579 1955 646 subeunti

267 672 460 759 Olympiaca
483 674 570 738 bella
593 677 750 759 vestigiis,
776 676 931 762 numquid
956 679 1003 743 eis
1026 684 1103 743 ante
1127 681 1441 746 consummationem
1466 682 1652 745 certaminis
1676 684 1822 769 suppetit
1846 706 1921 769 spes

267 786 428 842 coronae?
464 778 593 842 dicente
617 781 780 866 apostolo:
805 784 879 845 ‘non
904 789 1088 855 coronatur,
1112 782 1172 846 nisi
1195 783 1248 867 qui
1273 783 1419 868 legitime
1437 784 1631 849 certaverit'.
1671 807 1750 850 ecoe
1768 807 1828 850 nec
1845 787 2076 865 illosrrron.e,r.

201 904 212 937 r.
267 879 362 944 decet
385 889 461 946 ante
485 885 634 947 moritum
658 884 871 970 praedicatio,
895 885 1046 970 aquibus
1069 885 1154 950 iuste
1177 887 1323 971 poscitur
1345 895 1421 973 post
1435 887 1593 952 laborem.
1632 895 1742 953 nostra
1759 912 1776 953 e
1793 889 1954 963 diverso3

266 984 396 1069 prolixo
420 986 519 1049 distat
542 989 625 1051 ealle
650 987 809 1065 condicio,
831 990 950 1074 quibus
974 996 1100 1054 tantum
1124 988 1311 1076 decerpitur
1333 990 1374 1053 de
1398 991 1492 1074 fruge
1515 993 1734 1065 innocentiae,
1765 1001 1922 1079 quantum

265 1087 447 1153 adcesserit
475 1089 515 1154 de
548 1091 669 1155 laboro.
715 1113 789 1155 nam
813 1093 896 1157 sicut
919 1093 1017 1178 positi
1041 1093 1074 1155 in
1104 1092 1262 1156 tirociniis
1292 1095 1518 1173 aestimamus,
1551 1095 1683 1180 plenum
1716 1098 1922 1161 necessitatis

266 1198 300 1256 et
322 1194 459 1277 periculi
490 1195 552 1258 iter
579 1203 644 1275 est,
675 1197 707 1258 in
731 1218 794 1281 quo
819 1203 852 1262 et
875 1197 1034 1261 sectanda
1057 1203 1108 1261 est
1130 1197 1196 1259 rita
1220 1195 1394 1261 laudabilis
1418 1204 1451 1260 ot
1473 1197 1509 1261 fit
1531 1198 1659 1281 probris
1682 1198 1864 1281 uberrima,
1897 1201 1925 1265 si

267 1293 433 1361 desideret
456 1297 496 1361 ab
520 1298 723 1365 humanitate
746 1300 882 1365 laudari.
929 1301 1014 1365 actio
1039 1305 1150 1364 nostra
1172 1300 1198 1362 si
1222 1300 1262 1363 de
1286 1299 1380 1364 bonis
1405 1301 1472 1365 suis
1496 1302 1595 1366 fucrit
1622 1303 1726 1379 elata,
1759 1304 1925 1369 sordescet

267 1402 525 1483 protestantibus
548 1402 667 1468 divinis
692 1404 846 1489 eloquiis:
882 1406 947 1490 ‘qui
970 1426 1029 1469 vos
1057 1403 1206 1473 laudant,
1236 1403 1398 1468 seducunt
1420 1426 1478 1468 ros
1502 1412 1535 1468 et
1568 1405 1765 1470 subvertunt
1789 1408 1923 1471 semitas
1934 1431 1985 1472 aa.
1997 1436 2017 1481 a,
2032 1436 2064 1475 a.

267 1501 387 1586 pedum
410 1506 615 1570 rostrorum'.
662 1508 867 1594 splendorem
892 1507 1053 1594 pontificis
1076 1528 1139 1584 res,
1163 1492 1228 1569 n'on
1251 1507 1361 1591 lingua
1387 1513 1536 1572 testetur.
1581 1509 1655 1593 plus
1680 1509 1766 1572 lueet
1789 1510 1954 1581 claritas4

268 1605 362 1669 lruius
388 1608 485 1671 officii
502 1611 649 1675 veritatis
673 1612 792 1676 indicio
816 1633 911 1696 quarn
935 1611 1097 1695 loquelae.
1135 1630 1213 1675 ecce
1238 1611 1370 1675 cernitis
1394 1632 1490 1696 quam
1514 1616 1586 1674 tuta
1609 1613 1652 1675 sit
1670 1633 1769 1676 causa
1786 1613 1924 1677 subiecti

269 1716 301 1772 et
324 1712 454 1794 quantis
478 1711 716 1778 discriminibus
741 1716 864 1778 sociata
886 1716 1076 1801 praepositi.
1114 1715 1225 1777 munia
1247 1736 1321 1779 mea
1343 1718 1416 1800 plus
1440 1715 1587 1801 poteritis
1611 1715 1724 1781 fulcire
1746 1717 1924 1801 gemitibus

268 1832 365 1896 quam
389 1816 542 1883 clamore.
588 1839 684 1881 nemo
713 1818 798 1904 quod
828 1821 961 1884 auribus
989 1821 1194 1884 lenocinatur
1224 1820 1336 1884 credat
1367 1819 1535 1883 eximium:
1571 1841 1678 1885 sermo
1708 1826 1830 1899 noster,
1860 1821 1923 1884 nisi

203 1943 214 1975 ε.
268 1918 396 1982 animae
426 1920 585 1991 medetur,
620 1921 767 1987 abiectus
796 1930 857 1990 cst.
909 1925 999 1987 illum
1027 1923 1205 2010 praeferte,
1240 1925 1295 2009 qui
1326 1923 1465 2009 spiritali
1500 1923 1584 1988 falec
1622 1923 1770 1987 sentibus
1805 1932 1924 2008 purgat

267 2021 405 2087 interna.
443 2029 518 2087 tunc
543 2025 723 2109 pretiosum
746 2028 887 2112 pastoris
912 2027 1063 2092 diadema
1086 2034 1148 2108 est,
1172 2026 1301 2113 quando
1319 2025 1463 2090 suasioni
1481 2026 1551 2089 cius
1568 2047 1650 2110 grex
1667 2027 1954 2105 eeclesiastierrs,5

268 2123 344 2187 dum
375 2125 415 2188 ad
445 2127 643 2211 probitatem
673 2130 828 2214 graditur,
858 2152 923 2193 non
951 2136 1122 2216 repugnat.
1167 2129 1223 2193 ille
1253 2129 1324 2192 sinc
1353 2128 1428 2192 fuco
1452 2128 1644 2192 monitorem
1668 2135 1701 2193 et
1723 2129 1840 2192 feriato
1864 2116 2079 2229 oreppssffdjffl

268 2227 388 2312 diligit,
417 2230 472 2313 qui
499 2233 568 2295 eius
591 2233 740 2297 instituta
768 2240 922 2299 sectatur.
967 2233 1098 2298 additur
1129 2232 1215 2317 quod
1243 2231 1397 2318 inperitia
1427 2238 1539 2295 nostra
1568 2231 1688 2295 iustam
1712 2233 1853 2323 sustinet
1880 2232 1920 2296 dc
1938 2221 2066 2273 ΜΒΝ

268 2331 340 2415 ipsa
363 2333 508 2398 novitate
532 2335 753 2419 formidinem,
783 2338 838 2422 qui
861 2359 966 2423 nuper
988 2336 1029 2401 dc
1053 2337 1194 2401 ovilibus
1218 2335 1259 2399 ad
1283 2333 1465 2400 custodiam
1489 2336 1678 2421 praeparati
1702 2333 1925 2400 adsuescimus

191 2468 201 2506 ι,
268 2434 308 2498 (1ο
332 2437 557 2502 universorum
586 2440 656 2505 fieri
688 2442 887 2506 necessitate
916 2441 1075 2526 suspecti,
1106 2446 1140 2504 et
1167 2440 1217 2502 eui
1241 2439 1296 2502 vix
1319 2438 1381 2502 fuit
1405 2460 1462 2525 pro
1485 2460 1521 2503 se
1544 2438 1610 2502 fida
1633 2439 1755 2517 cautio,
1789 2438 1926 2525 suscipit

267 2538 410 2603 officium
428 2547 544 2606 cuneta
559 2544 747 2608 metuentis.
785 2544 907 2608 scimus
924 2549 1080 2631 quantum
1097 2544 1160 2608 crit
1175 2543 1329 2607 humilior
1345 2542 1580 2607 famulantibus
1596 2543 1651 2630 qui
1671 2542 1711 2606 ad
1735 2542 1957 2627 religiosum6
2052 2530 2061 2545 ’

266 2650 400 2708 roratur
421 2645 601 2731 imperium.
639 2669 775 2713 necesso
799 2654 849 2712 est
871 2654 907 2712 ut
930 2648 1030 2711 etiam
1053 2654 1223 2712 extremae
1245 2644 1442 2710 condicionis
1458 2647 1607 2731 personis
1625 2646 1844 2732 obtemperet,
1869 2646 1920 2709 cui

267 2745 403 2811 inminet
426 2749 472 2812 sic
496 2750 618 2815 iubere.
665 2752 711 2815 ait
735 2752 820 2815 enim
844 2752 959 2816 doctor
982 2752 1145 2837 gentium:
1179 2751 1341 2815 ‘omnibus
1365 2750 1474 2814 omnia
1497 2749 1603 2814 factus
1634 2772 1720 2831 sum,
1751 2755 1787 2814 ut
1811 2769 2080 2821 omuesrosraas.

268 2848 495 2935 adquirerem'.
541 2853 636 2918 modo
664 2854 845 2919 divinitatis
868 2856 1016 2940 operatio
1040 2855 1126 2920 adsit
1148 2855 1276 2920 muneri
1299 2875 1358 2918 suo
1382 2859 1535 2940 atquem
1560 2854 1693 2939 dignum
1717 2854 1810 2939 apice
1833 2858 1925 2917 tanto

270 2975 333 3018 non
357 2955 481 3021 invenit
504 2957 634 3023 efficiat.

848 3096 1076 3164 PRECATIO
1100 3094 1347 3161 Mlssnuvrr.

377 3236 522 3322 Dignum
546 3245 579 3302 et
608 3240 729 3304 iustum
762 3245 828 3318 cst,
859 3258 936 3302 vere
964 3237 1098 3321 dignum
1129 3243 1195 3317 est,
1226 3244 1263 3300 ut
1291 3237 1376 3301 inter
1404 3235 1541 3301 exordia
1563 3233 1731 3319 dignitatis
1754 3235 1813 3299 tibi
1837 3234 1957 3319 prin-'l

271 3341 428 3426 cipiorum
453 3341 583 3408 domino
608 3343 840 3429 supplicemus,
871 3342 925 3426 qui
948 3339 1060 3404 mundi
1084 3341 1187 3425 ipsius
1212 3344 1245 3403 in
1268 3360 1388 3403 noram
1411 3340 1517 3403 lucem
1541 3336 1732 3423 prodeuntis
1755 3337 1927 3401 infantiam

270 3451 392 3529 quanto
419 3445 580 3510 bonorum
611 3453 740 3511 tuorum
769 3450 899 3510 secreto
929 3442 1055 3508 orditus
1079 3463 1129 3523 cs,
1162 3450 1254 3508 tanta
1276 3442 1443 3529 potentiae
1467 3442 1590 3507 virtute
1614 3440 1771 3505 solidasti.
1818 3439 1928 3503 stabat

193 3599 197 3612 .
271 3549 303 3611 in
331 3549 547 3615 admiratione
577 3551 627 3615 sui
658 3557 772 3615 tenera
801 3547 890 3613 orbis
921 3546 1086 3612 inchoatio
1118 3553 1152 3612 et
1179 3568 1263 3633 pene
1293 3545 1421 3610 decoris
1451 3546 1576 3631 proprii
1602 3564 1765 3609 concussa
1793 3550 1927 3629 stupore

268 3653 443 3732 titubabat,
467 3662 542 3719 ante
566 3655 768 3740 agnitionem
791 3652 913 3717 ordinis
938 3650 1041 3715 solam
1065 3652 1181 3715 sortita
1203 3650 1245 3715 de
1269 3656 1403 3715 auctore
1420 3649 1649 3729 substantiam,
1673 3648 1844 3733 requirens
1861 3650 1957 3731 quod

269 3763 357 3821 esset
380 3757 517 3823 rotanda
539 3759 597 3822 lux
627 3757 792 3822 adtributa
821 3754 1059 3833 moderamine,
1090 3754 1184 3840 quale
1215 3754 1313 3818 finem
1342 3753 1408 3818 diei
1438 3759 1568 3839 tempus
1598 3752 1785 3838 exciperet,
1818 3751 1929 3837 siper

270 3860 424 3925 adsiduos
452 3883 584 3948 semper
613 3867 843 3926 renasceretur
871 3880 1022 3938 occasus,
1053 3859 1080 3922 si
1103 3879 1171 3923 nox
1202 3857 1358 3922 mundam
1385 3857 1487 3922 fuscis
1516 3856 1679 3921 ambitura
1701 3853 1928 3941 complexibus

272 3966 366 4052 quasi
390 3967 694 4053 rem'originariam
717 3965 907 4052 perenniter
929 3983 994 4028 uon
1018 3968 1156 4027 teneret.
1194 3963 1227 4026 in
1251 3962 1313 4026 hoe
1333 3960 1499 4045 ambiguo,
1524 3965 1560 4023 ut
1575 3959 1675 4024 certis
1692 3958 1929 4023 famularentur

207 4120 212 4131 .
272 4090 331 4154 per
363 4070 495 4155 longum
526 4071 662 4134 confusa
692 4068 911 4155 temporibus,
944 4066 998 4131 dei
1028 4066 1133 4130 nostri
1164 4065 1274 4130 extitit
1302 4066 1358 4129 lox
1386 4065 1548 4129 voluntas.
1592 4063 1696 4126 omnis
1725 4061 1928 4147 dispensatio

272 4175 401 4238 statutis
425 4174 573 4259 praefixa
595 4173 751 4238 limitibus
775 4178 902 4238 tanturn
926 4170 1047 4257 potuit,
1075 4176 1231 4255 quantum
1255 4168 1418 4254 praestitit
1442 4167 1497 4252 qui
1520 4167 1653 4232 crearit.
1698 4165 1744 4229 sic
1766 4185 1842 4244 nos,
1871 4163 1958 4250 piet)

272 4277 397 4362 opifex,
431 4280 516 4343 inter
547 4277 760 4342 sacerdotalis
790 4276 876 4340 tituli
908 4275 1056 4362 auspicia
1083 4275 1153 4338 sole
1185 4273 1444 4337 conversationis
1477 4262 1709 4355 inradia,‘per
1738 4268 1854 4332 sudum
1884 4266 1926 4332 de

271 4384 397 4447 meritis
420 4384 540 4447 nostris
563 4381 689 4468 fulgeat
712 4381 782 4445 dies
806 4380 916 4458 officii,
940 4380 1030 4443 nulla
1053 4378 1265 4462 subreptione
1290 4376 1387 4440 nullis
1411 4374 1532 4439 diaboli
1557 4372 1789 4438 blandimentis
1813 4377 1926 4457 pereat

272 4486 358 4573 quod
374 4507 537 4567 vocamur,
561 4507 626 4550 non
648 4485 748 4549 liceat
771 4484 943 4548 admisisse
966 4482 1053 4569 qued
1075 4504 1142 4547 non
1158 4480 1264 4560 decet,
1288 4480 1368 4545 recti
1384 4477 1528 4543 studium
1544 4484 1577 4543 te
1593 4478 1763 4564 inperante
1779 4481 1927 4540 transcat

272 4593 305 4657 in
328 4598 489 4672 naturam,
518 4589 604 4654 adsit
626 4589 745 4653 muniis
768 4589 889 4653 nostris
912 4586 1058 4673 aequalis
1082 4586 1239 4673 operatio,
1269 4583 1440 4670 conposita
1462 4580 1621 4647 servitute
1644 4582 1776 4646 beatum
1800 4586 1927 4645 crescat

274 4784 684 4796 —————-—--—-——.

378 4921 392 4972 1
412 4922 523 4973 numerit
534 4919 560 4970 Β
656 4917 836 4983 resumptus
848 4914 873 4965 Β
933 4914 1071 4981 adquiritb
1170 4911 1425 4963 consumationem
1438 4909 1464 4961 B
1524 4908 1694 4977 suppetisB⁰
1792 4906 1928 4959 bdeoitB

275 5020 376 5062 nostrae
395 5011 499 5060 diuersa
510 5007 536 5058 B
673 5003 690 5054 o
707 5003 853 5069 decerpitur
868 5029 901 5038 -
917 5008 1043 5066 quantum
1060 5016 1109 5051 our.
1121 4998 1146 5048 J.
1285 4993 1300 5045 ‘l
1318 4997 1454 5048 accesserit
1468 4995 1492 5045 V
1592 4995 1681 5046 labore
1692 4993 1726 5058 B,
1747 4996 1835 5045 fauore
1852 4993 1928 5045 ceteri

274 5096 291 5143 8
309 5093 367 5161 iter]
386 5097 451 5146 inter
464 5094 489 5144 Β
596 5090 613 5142 9
631 5090 751 5142 desiderit
763 5088 789 5138 Β
857 5087 1006 5139 sordescitb
1117 5082 1148 5134 11
1167 5080 1248 5150 lueet]
1265 5082 1375 5135 ducirB
1487 5079 1685 5133 masmana
1799 5077 1832 5129 13
1848 5080 1927 5146 gerni·

275 5183 345 5232 tibus
363 5181 391 5244 (b
410 5181 435 5230 in
453 5178 500 5243 lu.)
519 5178 544 5229 Β
677 5174 710 5226 15
733 5175 843 5226 meditur
857 5172 883 5223 B
1016 5170 1049 5223 18
1071 5172 1160 5238 diliget
1172 5170 1197 5221 Β
1333 5166 1367 5218 19
1384 5168 1417 5219 ad
1435 5186 1484 5219 em.
1496 5167 1522 5218 B
1654 5163 1690 5217 ‘20
1707 5166 1820 5231 suscepit
1837 5164 1930 5215 Vnae

273 5266 308 5318 2⁶2
326 5264 514 5333 obtemperitlf
615 5259 812 5313 ‘edissenae
914 5254 948 5308 27
966 5274 1027 5309 uere
1044 5252 1162 5324 dignum]
1182 5254 1359 5322 compescitam
1376 5245 1418 5306 Η)
1436 5254 1580 5304 coloratum
1597 5252 1625 5302 in
1641 5251 1686 5301 VL
1754 5259 1794 5302 est
1811 5250 1838 5300 ia
1855 5250 1891 5300 lu.
1907 5248 1933 5297 V

275 5370 336 5404 uera
353 5353 377 5403 d.
396 5359 435 5403 est
452 5368 500 5402 aar.
517 5350 542 5400 T
623 5349 735 5416 precatio
752 5374 785 5383 —
803 5347 910 5413 dignum
932 5354 972 5397 ost
988 5344 1075 5397 ormo
1192 5341 1227 5395 29
1244 5343 1358 5395 uirtute·
1378 5340 1455 5405 (eras.
1474 5338 1497 5405 s)
1510 5339 1536 5390 B
1656 5334 1692 5388 30
1712 5337 1753 5389 aui
1776 5337 1875 5389 itsrrera
1886 5334 1928 5387 ΒῙ

275 5439 386 5490 incoatie
398 5437 424 5486 Β
492 5437 590 5488 decoris
602 5436 635 5500 Β,
656 5436 688 5486 de
705 5450 824 5500 corpores
842 5430 892 5496 νο,
913 5432 944 5484 de
962 5432 1075 5499 corporis
1091 5429 1207 5482 Vtere
1308 5424 1343 5479 32
1363 5427 1487 5478 attributa
1502 5424 1527 5474 V
1592 5425 1667 5490 quale
1679 5422 1713 5487 B,
1734 5423 1836 5490 qualem
1854 5422 1929 5474 ceteri

275 5526 398 5593 exciperit
410 5524 435 5574 Β
538 5520 572 5574 33
589 5522 711 5573 adsiduus
723 5519 757 5583 B,
773 5518 889 5570 assiduos
904 5517 929 5567 V
1027 5514 1062 5568 35
1079 5533 1168 5569 omnes
1182 5515 1206 5565 Β
1308 5510 1343 5563 36
1360 5511 1488 5580 praestitit
1504 5511 1528 5561 ei
1546 5509 1591 5575 qui
1607 5507 1702 5559 VLTO
1761 5504 1820 5574 uos]
1839 5524 1891 5558 nox
1903 5506 1929 5557 Β

275 5608 470 5679 conspirante
480 5610 548 5677 sort.
652 5603 689 5664 40
704 5607 832 5659 uicturam
843 5603 869 5655 B
938 5602 1059 5672 aequales
1071 5601 1097 5654 B
1165 5601 1279 5672 operatio
1297 5597 1373 5666 (ratic
1388 5605 1447 5665 post
1465 5597 1510 5648 lia.
1529 5593 1603 5661 add.)
1616 5593 1642 5646 Β
