4500 6232
283 302 301 364 4
874 293 886 351 1
904 294 1007 367 (mon
1027 288 1063 357 n,
1081 288 1108 345 11
1127 286 1247 360 (onan.
1267 291 1291 355 1,
1309 290 1345 360 c).

281 473 352 550 ille,
387 479 465 557 quot
494 471 660 536 hominurn
691 493 830 557 genera,
863 477 912 535 tot
941 469 1177 536 sententiarum
1206 467 1382 532 varietates
1406 464 1551 532 advexit.
1595 462 1654 529 sed
1682 466 1800 552 quibus
1828 464 1938 533 inerat

282 577 437 663 spiritalis
453 597 551 662 sapor
567 576 825 661 intellegentiae,
843 576 935 660 quasi
951 573 1068 638 ducem
1083 579 1116 638 tc
1133 570 1321 658 principalis
1337 569 1584 635 deliberationis
1600 571 1736 635 caritate
1747 578 1935 637 tenuerunt.

282 685 359 743 tunc
388 700 450 763 quo
483 681 657 744 minacium
685 681 827 765 impetus
857 677 1154 743 blandimentorum
1182 674 1280 739 melle
1304 673 1475 753 domuisti,
1505 694 1569 758 qua
1595 674 1807 761 superborum
1838 677 1936 743 corda

231 783 272 845 2⁶2
284 782 492 848 venerandae
516 783 707 848 humilitatis
732 784 895 849 erectione
918 781 1059 866 fregisti,
1081 800 1146 867 qua
1167 779 1347 844 labantium
1369 778 1495 841 animos
1512 778 1639 843 consilii
1654 777 1762 845 radice
1778 779 1934 864 fundasti,

284 887 452 972 explicare
480 908 545 950 non
568 889 671 953 valeo.
717 889 766 952 rei
789 893 904 971 gestae
928 886 1078 950 notitiam
1101 883 1184 948 scire
1207 881 1360 968 cupidum
1383 903 1426 946 ex
1448 881 1526 945 facti
1549 883 1821 970 contemplatione
1844 906 1934 951 oom-

283 990 381 1075 pello.
425 1010 526 1054 unum
554 997 587 1055 tc
616 991 747 1076 sequuti
777 997 853 1054 sunt
883 995 933 1053 tot
960 988 1056 1053 electi
1085 993 1119 1052 et
1147 986 1180 1049 in
1212 986 1409 1050 sententiam
1432 991 1521 1048 tuam
1543 985 1748 1051 recciderunt
1769 994 1935 1055 tantarum

283 1093 449 1178 principes
468 1094 647 1158 civitatum.
682 1094 832 1178 coquitur
848 1091 1090 1157 lamentationis
1107 1090 1264 1170 aestibus,
1282 1090 1339 1176 qui·
1352 1110 1372 1153 a
1385 1095 1417 1152 te
1434 1087 1534 1152 cruda
1549 1086 1769 1156 obstinatione
1785 1091 1935 1174 descivit,

283 1202 316 1259 et
339 1197 420 1260 nihil
441 1196 542 1261 habet
564 1198 597 1260 in
621 1198 776 1261 solacium
799 1202 932 1283 practer
955 1192 1175 1280 (calamitatis)
1201 1194 1353 1257 lacrimae
1376 1192 1433 1277 qui
1454 1191 1577 1256 divisus
1600 1198 1661 1258 est.
1706 1193 1793 1260 dicat
1814 1197 1934 1284 aliquis

228 1300 268 1363 23
282 1299 419 1364 forsitan
442 1322 552 1365 rerum
576 1308 745 1384 gestarum
767 1300 931 1383 malignus
953 1299 1132 1382 interpres:
1156 1316 1254 1382 quarn
1278 1295 1391 1359 sortita
1415 1299 1466 1359 est
1488 1294 1528 1360 de
1551 1294 1735 1361 huiusmodi
1749 1302 1935 1367 constantia

282 1423 439 1487 praesens
462 1423 563 1468 causa
586 1404 809 1468 decisionem?
847 1408 983 1488 quaerat
1005 1401 1059 1486 qui
1083 1399 1157 1463 linis
1180 1399 1220 1463 de
1245 1398 1377 1463 laudato
1401 1397 1519 1462 sudore
1542 1399 1726 1483 contigerit.
1771 1401 1847 1468 huic
1869 1426 1932 1490 ego

279 1505 385 1571 fidens
410 1507 592 1594 replicabo:
624 1513 656 1570 te
680 1508 834 1592 praesule
858 1506 997 1586 factum,
1027 1525 1070 1568 ne
1094 1502 1282 1568 sacerdotes
1305 1503 1472 1566 ministros
1496 1502 1663 1587 acciperet
1685 1503 1775 1568 furor
1796 1506 1935 1591 alienus,

278 1630 320 1673 ne
353 1616 507 1675 cruentae
540 1610 757 1695 indignationi
791 1609 980 1696 pontificum
1016 1606 1183 1671 sententia
1208 1607 1378 1684 militaret,
1414 1625 1455 1670 nc
1484 1606 1517 1669 in
1545 1625 1640 1670 usum
1668 1608 1754 1672 male
1782 1613 1936 1677 commoti

278 1713 447 1778 traherent
476 1714 610 1777 evenire
641 1734 739 1798 posse
769 1712 854 1799 quod
877 1712 1010 1776 vellent.
1055 1716 1255 1796 postremum
1284 1709 1492 1794 inproborum
1522 1710 1704 1794 loquacitas
1728 1712 1935 1781 obmutescat

278 1815 375 1880 huius
397 1816 507 1881 saltim
531 1818 760 1881 aestimatione
782 1815 911 1896 secreti,
934 1814 1010 1899 quia
1031 1812 1178 1876 odiorum
1195 1810 1357 1890 incendia,
1381 1830 1465 1894 quae
1481 1833 1545 1875 non
1561 1834 1604 1877 ex
1620 1815 1790 1900 inpugnati
1806 1819 1934 1901 merito,

280 1919 338 1984 sed
355 1942 397 1984 ex
416 1921 597 1984 studiorum
613 1921 766 1985 lomentis
787 1925 947 1995 arserunt,
971 1937 1032 1981 nec
1049 1921 1183 1980 sanctae
1199 1914 1447 1980 deliberationis
1463 1921 1640 2001 potuerunt
1654 1917 1745 1984 fonte
1762 1921 1933 2007 restingui.
2001 1940 2013 1977 ³

227 2031 267 2091 24
281 2023 342 2086 tibi
367 2044 446 2108 crgo
471 2023 611 2089 debetur
634 2024 871 2088 venerabilium
895 2019 1045 2086 custodia
1068 2039 1240 2098 canonum,
1269 2018 1328 2082 tibi
1349 2017 1435 2102 quod
1459 2018 1529 2083 sine
1553 2020 1735 2107 episcopali
1756 2030 1834 2089 ncta
1856 2045 1934 2091 con·

279 2126 353 2210 tigit
376 2126 531 2211 quidquid
554 2128 587 2191 in
611 2127 800 2214 praesentia
823 2126 926 2189 saevit
949 2123 1147 2211 inprobitas,
1170 2123 1229 2188 tibi
1252 2123 1358 2208 patuit
1381 2122 1467 2206 quod
1490 2123 1561 2186 aliis
1584 2133 1776 2193 accusantes
1799 2130 1935 2196 clande-

280 2230 367 2292 stina
389 2229 503 2293 fraude
527 2236 697 2309 texerunt,
726 2228 813 2316 apud
836 2234 868 2291 te
892 2234 1085 2313 conpertum
1107 2226 1169 2290 fuit
1191 2247 1256 2289 non
1280 2226 1546 2291 satisfaciendum
1570 2226 1669 2311 odiis,
1698 2231 1847 2315 quotiens
1869 2234 1935 2299 fide

225 2331 442 2401 25deseritur
471 2333 525 2416 qui
554 2333 698 2397 lacessit.
744 2331 803 2397 sed
835 2331 918 2396 haec
950 2331 1022 2395 aliia
1053 2331 1170 2395 melius
1195 2337 1368 2395 servantur
1390 2331 1552 2396 narranda
1572 2334 1787 2420 temporibus.
1831 2338 1933 2420 salve,

279 2437 492 2501 ecelesiarum
524 2436 630 2516 sidus,
660 2442 694 2502 ct
723 2436 764 2501 ad
795 2441 999 2502 senectutem
1027 2434 1146 2499 bonam
1169 2433 1326 2500 Abrahae
1357 2435 1541 2499 aemulator
1567 2437 1705 2521 accede,
1737 2440 1814 2524 quia
1836 2443 1931 2506 testi·

122 2540 425 2613 rsnmm,rr.monium
448 2539 623 2626 probitatis
646 2547 696 2605 est
719 2541 774 2605 diu
797 2540 959 2604 hominem
983 2540 1015 2603 in
1040 2539 1268 2604 ecclesiastica
1291 2560 1366 2604 arce
1390 2539 1523 2615 servari,
1546 2546 1583 2604 ut
1603 2526 1837 2628 scriptumest:
1862 2546 1934 2610 ‘riri

278 2644 476 2727 sanguinum
505 2650 538 2707 et
569 2643 672 2708 dolosi
705 2665 769 2708 non
797 2643 1013 2708 dimidiabunt
1042 2641 1112 2707 dies
1144 2640 1243 2707 suos’
1288 2649 1427 2706 tuaeve
1451 2649 1597 2708 maturus
1621 2645 1718 2709 etad
1742 2648 1933 2734 religiosum

278 2745 432 2810 sudorem
464 2747 649 2833 primaevus
678 2767 855 2832 exsupera,
889 2752 924 2810 tu
950 2746 1074 2831 pietate
1105 2745 1262 2810 laudabili
1292 2746 1387 2810 bonis
1410 2745 1580 2831 discipulis
1604 2749 1757 2835 exempla
1780 2773 1935 2837 suggere,

277 2850 382 2914 malos
406 2852 585 2916 severitate
609 2872 758 2937 conpone
783 2855 816 2913 et
839 2849 915 2914 boni
939 2850 1107 2933 utriusque
1131 2848 1232 2914 fibula
1256 2851 1362 2933 operis
1385 2850 1417 2912 in
1442 2850 1629 2915 testimonio
1647 2870 1794 2918 summae
1809 2854 1934 2939 gloriae

277 2953 348 3017 sine
371 2954 447 3019 labo
472 2954 627 3039 perdura!

962 3227 1004 3296 11
1028 3227 1134 3314 (canu.
1154 3233 1181 3310 1,
1197 3227 1244 3311 o).

469 3424 629 3499 DICTIO
656 3423 834 3498 ENNODI
860 3422 1058 3498 DIACONI
1086 3422 1284 3513 QVANDO
1311 3424 1372 3497 DE
1400 3424 1538 3499 ROMA
1567 3426 1740 3504 REDHT.

246 3609 256 3668 t
385 3572 519 3666 Amica
549 3607 599 3665 cst
627 3601 750 3665 homini
778 3599 819 3664 ad
849 3601 994 3684 genitale
1024 3601 1131 3666 solum
1158 3602 1337 3666 revertenti
1367 3624 1498 3689 semper
1520 3602 1682 3687 hilaritas,
1712 3605 1790 3670 dum
1812 3612 1931 3690 metus,

273 3725 496 3790 quoscumque
525 3705 554 3768 ei
583 3703 807 3790 peregrinanti
836 3726 929 3770 mens
957 3707 1057 3770 anxia
1085 3705 1231 3792 peperit,
1262 3707 1355 3791 quasi
1381 3708 1571 3793 praefinitos
1601 3714 1634 3774 et
1657 3710 1749 3774 caelo
1772 3718 1931 3796 gravme

273 3809 450 3895 dispositos
482 3831 518 3875 se
548 3811 694 3874 evasisse
723 3808 866 3874 confidit.
912 3809 1054 3875 debetur
1081 3830 1161 3894 ergo
1188 3830 1252 3873 vox
1281 3830 1399 3875 serena
1426 3809 1588 3891 laetitiae,
1621 3831 1663 3876 ne
1691 3820 1781 3878 muta
1809 3814 1931 3899 gaudia

273 3915 431 3978 maeroris
464 3913 639 3997 imaginem
672 3914 859 3977 sortiantur.
905 3913 957 3977 cui
987 3913 1073 3977 enirn
1105 3919 1217 3999 pateat
1245 3913 1423 3978 exultantis
1453 3913 1551 3978 animi
1578 3921 1741 3980 secretum
1771 3916 1835 3981 nisi
1863 3917 1929 3983 oris

136 4019 213 4116 isidi
245 4017 370 4086 tulare
403 4023 604 4081 rescratum?
649 4016 786 4081 reduces
819 4017 919 4080 etiam
949 4037 1071 4101 cygnos
1101 4016 1161 4080 alis
1193 4015 1307 4081 ludere
1334 4015 1532 4081 Mantuanus
1560 4017 1717 4084 adseruit.
1761 4019 1839 4105 quid
1868 4042 1931 4107 ego

155 4104 223 4170 Μ’
275 4119 392 4182 faciam
419 4119 452 4182 in
480 4117 588 4182 medio
621 4117 848 4204 deprehensus
879 4119 1035 4204 abrupto,
1064 4119 1119 4203 qui
1148 4124 1181 4183 et
1210 4119 1377 4204 regressui
1399 4140 1473 4186 meo
1496 4119 1601 4187 debeo
1624 4120 1754 4188 dicendi
1776 4122 1874 4188 fidem
1897 4132 1932 4190 et

271 4223 444 4309 proposito
467 4221 598 4287 tacendi
622 4224 876 4288 necessitatem?
922 4221 1052 4304 secede,
1077 4243 1211 4308 quaeso,
1235 4221 1276 4287 ad
1299 4229 1440 4309 tempus,
1471 4224 1569 4290 officii
1593 4245 1734 4290 censura
1754 4226 1929 4311 gravioris:

272 4345 452 4410 numquam
477 4331 510 4389 tc
534 4331 691 4410 oportune
715 4326 844 4412 gaudiis
867 4327 1040 4392 miscuisti.
1077 4326 1310 4413 prophetarum
1334 4327 1549 4413 insignissimi
1572 4329 1633 4393 sub
1654 4329 1760 4414 legem
1776 4349 1929 4397 versuum

271 4428 371 4493 verba
403 4428 593 4513 redigentes
622 4432 767 4497 carmine
796 4430 958 4497 desideria
989 4452 1049 4496 sua
1075 4438 1109 4497 et
1135 4437 1214 4498 vota
1243 4432 1447 4509 cecinerunt,
1478 4431 1585 4497 divino
1613 4438 1749 4517 pectora
1777 4431 1930 4501 dedicata

272 4605 486 4613 ——-.--.
494 4607 682 4615 —-—.—.-—-.

375 4722 389 4774 1
414 4726 482 4790 quod
499 4725 524 4776 Β
628 4727 762 4779 uarietatis
779 4726 804 4777 Β
941 4726 959 4780 3
981 4728 1122 4796 spiritualis
1138 4728 1153 4780 b
1175 4735 1204 4778 ut
1221 4744 1320 4794 smper
1457 4723 1474 4776 3
1496 4727 1631 4779 minutium
1643 4726 1700 4791 ΒΡ,
1723 4728 1876 4780 minantium
1891 4726 1929 4781 Τὸ

268 4806 286 4860 4
304 4811 481 4861 uenerandab
585 4812 601 4863 6
620 4815 701 4864 secuti
718 4814 743 4862 V
808 4815 970 4865 recciderunt
981 4813 1076 4879 BlVl,
1093 4814 1239 4866 reciderunt
1256 4815 1348 4880 reliqui
1452 4811 1467 4863 ‘l
1486 4814 1589 4866 discinit
1606 4814 1712 4877 mam,
1729 4813 1827 4865 mend.
1840 4812 1929 4866 seton

270 4892 288 4946 8
308 4896 460 4948 calamitatis
478 4915 526 4947 om.
539 4897 573 4960 Β,
596 4900 750 4950 calamitatis
767 4909 869 4967 praeter
887 4901 952 4952 coni.
966 4899 1062 4952 Harul
1200 4899 1234 4951 10
1257 4901 1410 4952 decisionem
1427 4901 1450 4964 b,
1472 4902 1621 4952 dicisionem
1633 4899 1667 4963 B,
1691 4901 1836 4952 firmitatem
1854 4899 1929 4952 ceteri

269 4984 334 5035 fines
347 4984 414 5048 libri,
431 4986 529 5036 anund.
543 4986 638 5038 chrtcl
699 4988 837 5054 contigerit
849 4986 934 5050 BVL,
951 4989 1106 5055 contigerint
1122 4987 1151 5051 Τ,
1168 4989 1334 5055 contigerunt
1346 4985 1384 5036 Pb
1479 4985 1509 5036 ll
1530 4987 1643 5054 praesule
1655 4986 1682 5037 B
1739 4986 1883 5039 sacerdotes
1895 4985 1929 5050 B,

270 5071 410 5122 sacerdotis
428 5072 504 5123 cereri
628 5069 660 5122 12
678 5090 712 5124 ne
729 5071 862 5140 cruentae]
882 5089 931 5125 neo
950 5083 1067 5125 ruentem
1079 5072 1091 5137 ll
1103 5073 1136 5138 B,
1159 5091 1207 5126 uec
1224 5082 1345 5127 ruentum
1359 5073 1454 5124 Hartel
1575 5070 1608 5123 13
1626 5073 1718 5125 uellint
1730 5071 1763 5135 Β,
1780 5072 1869 5124 ueleut
1883 5070 1929 5124 VD

267 5165 395 5222 postremo
419 5156 497 5208 Stena
640 5155 672 5209 14
689 5160 779 5211 saltem
796 5159 821 5209 V
921 5159 1077 5226 inpugnanti
1088 5159 1133 5209 Ba
1274 5157 1306 5210 15
1324 5157 1382 5226 nec]
1403 5176 1436 5211 ne
1452 5159 1511 5211 VLb
1651 5156 1683 5210 16
1700 5159 1837 5227 contigerit
1848 5157 1927 5211 sest

269 5240 301 5292 ll
320 5244 442 5308 quicquid
461 5243 483 5292 l'
540 5244 625 5311 patuit
642 5262 691 5296 cnr.
703 5244 729 5295 Β
794 5229 919 5297 musard
932 5243 1008 5295 VLT
1065 5244 1219 5296 clandistina
1230 5244 1255 5295 B
1353 5243 1386 5296 19
1403 5246 1495 5296 melius
1513 5245 1597 5296 aliisb
1693 5242 1728 5296 30
1744 5241 1929 5312 ιοωηΙιΙιία

267 5326 345 5391 (crea
364 5328 391 5391 a)
412 5327 437 5378 Β
538 5326 572 5379 21
599 5329 670 5394 arec]
692 5331 770 5382 arche
785 5330 818 5394 Β,
844 5337 899 5383 arte
912 5330 951 5383 Pe
1056 5327 1090 5381 22
1107 5339 1224 5382 maturus
1245 5330 1290 5382 sed
1307 5332 1370 5394 fort.
1474 5327 1508 5380 23
1528 5328 1669 5399 discipulis]
1688 5331 1830 5399 disciplinis
1846 5330 1927 5385 scm

266 5409 302 5463 24
320 5429 437 5480 conpone
449 5414 483 5478 Β,
500 5431 635 5484 compesce
654 5417 738 5481 ceteri,
755 5424 821 5468 recte
832 5418 901 5483 sort.

372 5512 418 5583 [n]
453 5515 488 5569 aa
510 5517 622 5586 onon]
649 5505 689 5571 is
702 5519 780 5570 nnn
849 5521 881 5572 aa
899 5538 948 5572 om.
965 5519 1111 5573 racem.
1215 5517 1251 5572 aa
1268 5520 1442 5589 aemma
1459 5521 1577 5587 meme,
1593 5522 1729 5591 mrim
1744 5523 1839 5577 essm
1852 5520 1930 5577 aaut

264 5612 392 5672 grenme
406 5603 451 5655 Βω
538 5602 549 5629 ⁸
564 5604 599 5657 29
616 5607 728 5661 confidet
740 5606 765 5658 B
876 5605 909 5659 31
928 5616 1083 5662 mantuanos
1094 5605 1121 5658 B
1189 5608 1301 5662 aswruit
1316 5607 1340 5659 V
1445 5605 1480 5661 ³4
1497 5616 1640 5677 opportune
1650 5608 1769 5677 «ΒΜ,
1782 5615 1814 5663 st
1827 5618 1929 5687 up
