4500 6232
485 268 598 323 ccciv
617 268 738 335 (canu.
756 270 782 329 a,
802 270 870 329 raa,
890 269 1016 327 ccccvi
1036 267 1160 335 narrar.
1180 269 1275 335 aaa),
1293 268 1433 323 crrenvn
1453 267 1576 336 (nrrsr.
1596 271 1620 333 r,
1639 270 1691 331 aa.
1852 272 1915 339 aar

630 442 752 527 Algida
775 444 829 528 qui
853 443 974 508 Tanais
998 443 1170 513 domuistis
1194 442 1291 506 dorsa
1314 442 1476 528 profundi,

678 546 823 619 Quorum
847 547 1052 633 praevalidas
1075 548 1198 631 ungula
1222 547 1327 613 caleat
1349 568 1466 630 aquas:

562 665 572 697 ³
630 650 717 714 Eece
740 650 894 714 Padanus
917 650 1012 715 adest
1035 650 1179 735 sonipes,
1203 651 1255 712 eui
1278 648 1383 714 iudice
1408 655 1497 714 recto

679 751 807 818 Cedant
829 753 1005 818 Haemonii
1023 756 1109 838 'quos
1122 748 1224 816 ,lover
1245 773 1325 816 aura
1347 753 1425 837 poli.

631 857 693 921 Ille
716 858 879 942 pruinosis
902 859 956 942 qui
980 857 1105 922 mandit
1127 858 1276 942 gramina
1299 857 1420 929 lustris,

678 961 720 1025 llt
743 963 858 1026 merito
882 969 916 1026 et
939 963 1043 1026 forma
1066 961 1334 1048 disparntroquc
1357 963 1456 1026 venitt

630 1065 773 1130 Molliter
794 1065 920 1131 incedit
943 1064 1098 1130 membris
1122 1065 1283 1129 formosus
1307 1064 1464 1140 honestis,

551 1185 575 1220 ¹¹>
680 1170 834 1235 Oblectet
856 1171 962 1240 visum
986 1170 1090 1234 dulcis
1113 1170 1146 1234 in
1170 1170 1337 1254 obsequio.

630 1274 683 1337 Nil
707 1275 770 1338 iam
793 1274 989 1339 Phasiacam
1013 1273 1190 1338 conlaudet
1212 1273 1323 1337 fabula
1345 1273 1482 1357 prolem,

676 1378 746 1443 Nee
769 1380 942 1464 peregrina
964 1378 1072 1443 ferant
1093 1378 1226 1443 nomina
1250 1379 1340 1463 celsa
1362 1383 1471 1463 caput.

885 1683 1041 1753 ccum
1064 1686 1174 1771 (rrrsr.
1193 1688 1222 1767 7,
1239 1686 1305 1765 23).

792 1880 1029 1955 ENNODIVS
1056 1880 1248 1955 MAXIMO
1277 1880 1320 1955 V.
1348 1884 1384 1955 S.

379 2030 418 2119 P
419 2059 547 2123 reducit
570 2058 760 2144 magnitudo
784 2065 841 2123 tua
857 2057 1043 2143 nuptiarum
1060 2057 1148 2129 festa
1164 2056 1379 2143 temporibus.
1418 2055 1494 2120 dum
1510 2078 1589 2135 rem,
1612 2055 1653 2118 ad
1670 2076 1766 2140 quam
1783 2062 1916 2120 coaetus
1934 2059 1943 2117 1

265 2184 315 2235 es,
347 2162 407 2225 sub
439 2161 654 2227 diuturnitate
686 2162 911 2249 prosequeris,
943 2161 1055 2241 subito
1082 2161 1262 2247 necessitas
1277 2168 1341 2239 tua
1363 2159 1452 2224 faeta
1475 2167 1526 2224 est
1548 2158 1754 2223 desiderium.
1800 2159 1917 2242 aliquis

265 2265 398 2348 negotio
421 2265 467 2328 illi
491 2266 680 2351 perenniter
703 2266 880 2344 incumbat,
904 2264 946 2329 ad
969 2252 1062 2350 quod
1078 2263 1250 2330 deseendit
1269 2263 1410 2328 invitus?
1449 2263 1496 2327 sic
1513 2262 1680 2327 recessisti
1699 2285 1718 2327 a
1735 2262 1917 2326 custoditae

199 2381 210 2415 ⁵
263 2365 474 2431 beatitudinis
493 2367 674 2453 diligentia,
697 2370 790 2455 quasi
805 2369 941 2454 prolixis
958 2370 1161 2454 temporibus
1177 2367 1361 2448 didicisses,
1379 2367 1518 2455 qualiter
1532 2366 1935 2431 institueretur'nxorius.·

263 2469 395 2554 triginta
429 2471 573 2537 feliciter
602 2471 673 2536 dies
706 2473 873 2553 abierunt,
910 2480 943 2538 et
973 2471 1079 2537 adhue
1107 2479 1141 2539 te
1172 2472 1313 2550 civitati,
1347 2470 1454 2535 adhuc
1487 2470 1569 2535 meis
1604 2469 1707 2534 oeulis
1736 2469 1835 2555 longa
1866 2489 1917 2532 me

264 2593 433 2637 macerans
458 2574 686 2659 expectatione
711 2573 874 2639 subducis.
911 2596 989 2640 vere
1011 2574 1164 2661 quiequid
1187 2575 1236 2639 via
1258 2574 1374 2638 facias:
1399 2574 1426 2637 si
1450 2574 1574 2650 vixero,
1596 2592 1681 2658 quae
1704 2571 1764 2637 tibi
1778 2571 1949 2661 dicendat

263 2677 370 2757 texui,
393 2699 457 2742 non
482 2679 608 2743 tacebo.
653 2683 764 2743 tamen
788 2678 912 2743 honore
935 2679 1137 2743 salutationis
1160 2684 1305 2763 accepto,
1328 2683 1458 2763 gustum
1480 2677 1522 2742 de
1545 2677 1700 2762 guttulis,
1724 2684 1759 2740 ut
1782 2676 1916 2743 tratrem

263 2778 360 2845 decet
386 2803 407 2845 a
435 2781 549 2861 tratre,
588 2782 713 2846 directa
749 2782 916 2867 suscipite.
970 2781 1125 2847 erubesce
1158 2788 1210 2861 tu,
1247 2781 1324 2865 quia
1353 2801 1585 2865 necaegrum
1616 2780 1752 2865 requiris
1782 2800 1843 2845 nec
1875 2777 1916 2865 de

200 2906 212 2937 υ
264 2884 467 2969 nuptialibus
491 2884 616 2951 deliciis
639 2906 724 2970 quae
747 2891 883 2971 possent
905 2884 1073 2949 fastidium
1096 2885 1245 2950 relevare
1269 2885 1474 2950 transmittis.

870 3172 1046 3243 cocum
1069 3179 1178 3257 (srrsr.
1198 3180 1227 3258 7,
1244 3177 1310 3260 24).

827 3368 1064 3445 ENNODIVS
1091 3371 1357 3446 STEPHANO.

380 3517 504 3632 Exigit
528 3572 548 3613 a
571 3569 622 3612 me
645 3548 702 3611 filii
725 3549 904 3612 eommunis
927 3546 1078 3612 Marcelli
1101 3545 1302 3619 adhortatio,
1333 3568 1430 3631 quem
1454 3553 1571 3611 natura
1593 3546 1699 3621 vobis,
1725 3545 1802 3609 mihi
1826 3545 1944 3610 dediti

265 3652 412 3722 affectus,
437 3658 472 3714 ut
495 3651 536 3715 ad
561 3651 746 3738 scriptionis
770 3652 882 3715 munia
904 3653 1056 3737 praevius
1080 3646 1280 3737 adspir'arem
1305 3659 1338 3716 et
1362 3651 1519 3715 solacium
1541 3651 1733 3728 litterarum,
1757 3671 1816 3736 per
1833 3650 1918 3736 quod

265 3760 410 3818 vetustas
427 3755 529 3819 voluit
552 3755 723 3820 absentiae
746 3755 791 3818 nil
815 3755 924 3835 licere,
948 3775 1058 3819 amore
1075 3755 1182 3819 victus
1199 3754 1421 3841 inpenderem.
1459 3755 1525 3819 iam
1541 3754 1644 3819 debes
1661 3753 1738 3817 mihi
1754 3753 1916 3839 duplicem

201 3914 205 3923 ,
266 3858 413 3942 gratiam,
438 3859 501 3921 etsi
524 3879 681 3945 responsa
703 3859 897 3938 restitueris,
927 3858 970 3924 ob
994 3857 1056 3922 hoe
1079 3857 1163 3944 quod
1188 3858 1312 3944 primus
1336 3858 1453 3944 incepi.
1499 3858 1554 3921 ille
1578 3856 1764 3921 dilectionis
1786 3857 1917 3921 ianuam

265 3959 393 4045 pandit,
431 3962 485 4047 qui
515 3963 547 4026 in
577 3962 758 4048 conloquiis
794 3968 941 4047 praestat
970 3963 1174 4047 exemplum:
1215 3962 1416 4048 propositam
1446 3960 1634 4026 custodiunt
1663 3960 1832 4050 formulam
1863 3960 1931 4045 qui

265 4064 388 4149 scripta
411 4066 595 4129 restituunt.
641 4086 719 4151 ergo
742 4072 877 4130 auctore
899 4063 962 4129 deo
986 4065 1133 4129 nuntiam
1155 4065 1387 4151 prosperitatis
1410 4071 1542 4129 nostrae
1567 4063 1742 4150 epistolam
1771 4061 1950 4151 destinat

265 4188 347 4230 mus.
387 4167 466 4231 illud
490 4168 531 4232 ad
553 4168 709 4253 gaudium
726 4176 880 4246 vestrum,
903 4188 966 4254 quo
989 4167 1122 4232 uberius
1144 4174 1284 4253 paterna
1300 4188 1393 4232 mens
1410 4168 1546 4245 exultet,
1572 4165 1793 4250 adiungimus,
1816 4167 1918 4233 filium

265 4277 409 4333 vestrum
438 4273 470 4334 in
499 4269 613 4335 studiis
636 4272 828 4337 liberalibus
851 4271 1064 4356 ingenuitatis
1088 4272 1309 4336 testimonium
1333 4273 1397 4336 iam
1422 4279 1535 4337 tenere
1559 4277 1594 4336 et
1616 4272 1716 4359 talem
1733 4292 1777 4335 se
1800 4270 1833 4333 in
1857 4270 1917 4355 hae

189 4412 214 4447 a
268 4396 345 4439 cura
372 4384 554 4461 praestare,
584 4384 620 4441 ut
648 4398 748 4441 avara
774 4396 905 4441 suorum
930 4384 1005 4441 vota
1033 4375 1254 4441 transcendat.
1299 4398 1377 4462 spes
1407 4375 1615 4462 perfectionis
1645 4382 1700 4441 est
1720 4373 1914 4439 honestain

266 4478 475 4543 adulescente
505 4480 661 4557 incoatio,
695 4500 755 4544 nec
783 4480 824 4544 ab
854 4477 981 4545 erudito
1012 4477 1114 4543 distat
1140 4479 1194 4564 qui
1225 4479 1309 4543 inter
1340 4477 1476 4543 exordia
1505 4477 1588 4543 boni·
1609 4477 1746 4563 gloriam
1778 4482 1936 4565 occupat

267 4583 418 4647 instituti.
462 4584 608 4647 salutans
632 4603 710 4668 ergo
735 4582 917 4647 adfectione
941 4603 1005 4669 qua
1027 4582 1133 4647 debeo
1158 4604 1264 4669 spero,
1287 4588 1324 4646 ut
1346 4586 1499 4665 reparata
1522 4581 1744 4667 oportunitate
1767 4577 1815 4661 ds¹
1832 4578 1949 4663 bouelt

267 4705 319 4749 me
342 4686 441 4751 faeiat
463 4693 594 4751 restrae
617 4685 845 4772 prosperitatis
868 4686 991 4751 adtolli.

370 4965 394 4996 v.
413 4945 430 4995 a
447 4956 537 4997 terreas
547 4945 573 4995 B
675 4963 700 4996 r.
719 4943 736 4995 6
754 4946 871 4997 aemonii
885 4944 973 5005 Simu,
990 4947 1101 4998 domenii
1114 4946 1139 4995 B
1250 4963 1273 4995 v.
1295 4942 1309 4994 l
1328 4947 1425 4997 mandit
1437 4945 1540 5007 Horret,
1557 4944 1662 4997 mandet
1673 4942 1707 5007 B,
1724 4944 1827 4995 mandat
1840 4942 1918 4994 Siras.

267 5051 291 5083 v.
316 5034 344 5082 ll
365 5034 485 5084 fasiaeam
499 5032 524 5082 B
1865 5042 1897 5059 ·’

370 5132 510 5201 [CCCLVl]
548 5133 560 5183 1
581 5134 610 5185 V.
624 5136 648 5184 S.
667 5133 760 5199 scripti
778 5132 821 5197 (cf.
837 5132 1052 5185 oootfflvl
1067 5142 1091 5185 ct
1111 5131 1381 5197 decemviro,
1398 5150 1489 5186 nemus
1502 5132 1527 5183 Β
1546 5133 1596 5184 del.
1614 5150 1684 5183 marr.
1699 5148 1750 5183 rec.
1848 5127 1865 5181 4
1882 5131 1918 5181 in·

264 5224 366 5275 cumbet
383 5222 408 5273 Β
515 5220 641 5272 discendit
658 5218 683 5269 Β
830 5218 847 5271 5
869 5220 1000 5272 dediciseis
1015 5220 1041 5270 B
1186 5218 1203 5270 a
1224 5220 1302 5285 priua
1324 5220 1409 5271 adbuc
1426 5220 1477 5271 del.
1494 5236 1564 5270 maa.
1583 5235 1633 5270 rec.
1650 5219 1679 5268 r'a
1694 5216 1726 5280 B,
1744 5232 1793 5269 cnr.
1811 5215 1920 5269 editom

267 5306 283 5360 'l
301 5306 376 5376 quaa]
395 5310 467 5375 quib
571 5306 588 5357 8
605 5307 715 5374 guttulis
727 5307 750 5369 b,
767 5307 874 5374 gattulis
885 5306 911 5357 Β
1016 5303 1049 5357 10
1067 5307 1159 5358 diliciis
1171 5304 1197 5357 Β

371 5408 524 5479 [ΟΟΟΙΝΙΙ]
562 5408 593 5463 1⁴
610 5411 701 5463 uoluat
712 5408 737 5460 B
850 5407 884 5462 16
901 5410 1047 5478 exemplum
1064 5426 1120 5475 sap.
1133 5409 1179 5460 tia.
1192 5408 1218 5459 Β
1334 5408 1366 5461 18
1384 5410 1452 5476 qued
1465 5409 1498 5473 B,
1515 5425 1566 5474 quo
1579 5407 1657 5458 Siras.
1773 5404 1805 5458 19
1824 5408 1872 5458 hac
1889 5422 1921 5458 aa

264 5515 297 5553 eo
313 5515 381 5552 cerr.
393 5495 435 5549 81
536 5494 570 5548 nl
588 5497 747 5549 aduliscente
759 5494 785 5547 B
886 5493 922 5547 23
938 5497 1037 5548 {mutis
1054 5496 1120 5548 coni.
1133 5494 1229 5547 Hartcl
1623 5520 1625 5524 ·

367 5673 510 5735 &lom
1679 5672 1714 5726 33
