<?xml version="1.0" encoding="UTF-8"?>
<!DOCTYPE html PUBLIC "-//W3C//DTD XHTML 1.0 Transitional//EN"
    "http://www.w3.org/TR/xhtml1/DTD/xhtml1-transitional.dtd">
<html xmlns="http://www.w3.org/1999/xhtml" xml:lang="en" lang="en">
 <head>
  <title>
</title>
<meta http-equiv="Content-Type" content="text/html;charset=utf-8" />
  <meta name='ocr-system' content='tesseract 3.04.00' />
  <meta name='ocr-capabilities' content='ocr_page ocr_carea ocr_par ocr_line ocrx_word'/>
</head>
<body>
  <div class='ocr_page' id='page_1' title='image "./magnifelicisenn00vogegoog_0222.png"; bbox 0 0 4500 6232; ppageno 0'>
   <div class='ocr_carea' id='block_1_1' title="bbox 375 297 1803 374">
    <p class='ocr_par' dir='ltr' id='par_1_1' title="bbox 375 297 1803 374">
     <span class='ocr_line' id='line_1_1' title="bbox 375 297 1803 374; baseline -0.013 -4"><span class='ocrx_word' id='word_1_1' title='bbox 375 311 433 371; x_wconf 77' lang='lat'>150</span> <span class='ocrx_word' id='word_1_2' title='bbox 591 306 687 361; x_wconf 80' lang='lat' dir='ltr'>CLXV</span> <span class='ocrx_word' id='word_1_3' title='bbox 706 305 827 374; x_wconf 80' lang='lat' dir='ltr'><strong>(CARM.</strong></span> <span class='ocrx_word' id='word_1_4' title='bbox 845 304 871 367; x_wconf 70' lang='lat'>2,</span> <span class='ocrx_word' id='word_1_5' title='bbox 888 303 1021 369; x_wconf 77' lang='lat'><strong>47-49),</strong></span> <span class='ocrx_word' id='word_1_6' title='bbox 1040 300 1149 356; x_wconf 81' lang='lat' dir='ltr'>CLXVI</span> <span class='ocrx_word' id='word_1_7' title='bbox 1168 299 1290 368; x_wconf 74' lang='lat' dir='ltr'>(EPIST.</span> <span class='ocrx_word' id='word_1_8' title='bbox 1308 301 1333 362; x_wconf 80' lang='lat'>4,</span> <span class='ocrx_word' id='word_1_9' title='bbox 1351 300 1405 366; x_wconf 77' lang='lat'>29).</span> <span class='ocrx_word' id='word_1_10' title='bbox 1423 298 1547 353; x_wconf 72' lang='lat' dir='ltr'>cuntur</span> <span class='ocrx_word' id='word_1_11' title='bbox 1565 297 1688 366; x_wconf 70' lang='lat' dir='ltr'>(uulsa.</span> <span class='ocrx_word' id='word_1_12' title='bbox 1705 299 1731 361; x_wconf 83' lang='lat'>4,</span> <span class='ocrx_word' id='word_1_13' title='bbox 1749 299 1803 364; x_wconf 78' lang='lat'>³0).</span> 
     </span>
    </p>
   </div>
   <div class='ocr_carea' id='block_1_2' title="bbox 993 590 1407 861">
    <p class='ocr_par' dir='ltr' id='par_1_2' title="bbox 993 590 1407 861">
     <span class='ocr_line' id='line_1_2' title="bbox 1000 590 1401 674; baseline -0.022 -13"><span class='ocrx_word' id='word_1_14' title='bbox 1000 590 1141 661; x_wconf 64' lang='lat' dir='ltr'>OLXW</span> <span class='ocrx_word' id='word_1_15' title='bbox 1163 591 1269 674; x_wconf 79' lang='lat' dir='ltr'>(canu.</span> <span class='ocrx_word' id='word_1_16' title='bbox 1287 595 1316 668; x_wconf 78' lang='lat'>2,</span> <span class='ocrx_word' id='word_1_17' title='bbox 1334 590 1401 669; x_wconf 78' lang='lat'><strong>47).</strong></span> 
     </span>
     <span class='ocr_line' id='line_1_3' title="bbox 993 785 1407 861; baseline -0.012 0"><span class='ocrx_word' id='word_1_18' title='bbox 993 787 1170 861; x_wconf 85' lang='lat' dir='ltr'><strong>ALITER</strong></span> <span class='ocrx_word' id='word_1_19' title='bbox 1199 786 1261 859; x_wconf 84' lang='lat' dir='ltr'>DE</span> <span class='ocrx_word' id='word_1_20' title='bbox 1288 785 1407 858; x_wconf 78' lang='lat' dir='ltr'><strong>IPSA.</strong></span> 
     </span>
    </p>
   </div>
   <div class='ocr_carea' id='block_1_3' title="bbox 739 952 1538 1123">
    <p class='ocr_par' dir='ltr' id='par_1_3' title="bbox 739 952 1538 1123">
     <span class='ocr_line' id='line_1_4' title="bbox 739 952 1538 1041; baseline -0.01 -21"><span class='ocrx_word' id='word_1_21' title='bbox 739 961 848 1020; x_wconf 83' lang='lat' dir='ltr'>Aurea</span> <span class='ocrx_word' id='word_1_22' title='bbox 872 977 932 1041; x_wconf 91' lang='lat' dir='ltr'>per</span> <span class='ocrx_word' id='word_1_23' title='bbox 954 955 1092 1017; x_wconf 82' lang='lat' dir='ltr'>nebulas</span> <span class='ocrx_word' id='word_1_24' title='bbox 1117 952 1266 1016; x_wconf 87' lang='lat' dir='ltr'>dissolvit</span> <span class='ocrx_word' id='word_1_25' title='bbox 1288 952 1343 1015; x_wconf 83' lang='lat' dir='ltr'>tila</span> <span class='ocrx_word' id='word_1_26' title='bbox 1367 952 1538 1035; x_wconf 87' lang='lat' dir='ltr'>magister:</span> 
     </span>
     <span class='ocr_line' id='line_1_5' title="bbox 784 1057 1511 1123; baseline -0.01 0"><span class='ocrx_word' id='word_1_27' title='bbox 784 1060 950 1123; x_wconf 87' lang='lat' dir='ltr'>Luserunt</span> <span class='ocrx_word' id='word_1_28' title='bbox 974 1059 1096 1122; x_wconf 89' lang='lat' dir='ltr'>dociles</span> <span class='ocrx_word' id='word_1_29' title='bbox 1119 1059 1251 1121; x_wconf 88' lang='lat' dir='ltr'>flamina</span> <span class='ocrx_word' id='word_1_30' title='bbox 1274 1057 1363 1120; x_wconf 82' lang='lat' dir='ltr'>fulva</span> <span class='ocrx_word' id='word_1_31' title='bbox 1386 1076 1511 1119; x_wconf 90' lang='lat' dir='ltr'>manus.</span> 
     </span>
    </p>
   </div>
   <div class='ocr_carea' id='block_1_4' title="bbox 997 1347 1403 1435">
    <p class='ocr_par' dir='ltr' id='par_1_4' title="bbox 997 1347 1403 1435">
     <span class='ocr_line' id='line_1_6' title="bbox 997 1347 1403 1435; baseline -0.01 -20"><span class='ocrx_word' id='word_1_32' title='bbox 997 1348 1139 1415; x_wconf 75' lang='lat' dir='ltr'>unva</span> <span class='ocrx_word' id='word_1_33' title='bbox 1166 1350 1272 1435; x_wconf 79' lang='lat' dir='ltr'>(canu.</span> <span class='ocrx_word' id='word_1_34' title='bbox 1289 1349 1318 1428; x_wconf 78' lang='grc'>2,</span> <span class='ocrx_word' id='word_1_35' title='bbox 1336 1347 1403 1430; x_wconf 85' lang='grc'>48).</span> 
     </span>
    </p>
   </div>
   <div class='ocr_carea' id='block_1_5' title="bbox 1102 1545 1293 1617">
    <p class='ocr_par' dir='ltr' id='par_1_5' title="bbox 1102 1545 1293 1617">
     <span class='ocr_line' id='line_1_7' title="bbox 1102 1545 1293 1617; baseline 0 0"><span class='ocrx_word' id='word_1_36' title='bbox 1102 1545 1293 1617; x_wconf 83' lang='lat' dir='ltr'><strong>ALITER.</strong></span> 
     </span>
    </p>
   </div>
   <div class='ocr_carea' id='block_1_6' title="bbox 739 1708 1586 1900">
    <p class='ocr_par' dir='ltr' id='par_1_6' title="bbox 739 1708 1586 1900">
     <span class='ocr_line' id='line_1_8' title="bbox 739 1708 1586 1798; baseline -0.008 -20"><span class='ocrx_word' id='word_1_37' title='bbox 739 1715 884 1779; x_wconf 73' lang='lat' dir='ltr'>Contulit</span> <span class='ocrx_word' id='word_1_38' title='bbox 908 1715 960 1777; x_wconf 91' lang='lat' dir='ltr'>hic</span> <span class='ocrx_word' id='word_1_39' title='bbox 983 1718 1099 1776; x_wconf 83' lang='lat' dir='ltr'>ventus</span> <span class='ocrx_word' id='word_1_40' title='bbox 1122 1711 1257 1798; x_wconf 83' lang='lat' dir='ltr'><strong>pretiosi</strong></span> <span class='ocrx_word' id='word_1_41' title='bbox 1281 1710 1428 1773; x_wconf 89' lang='lat' dir='ltr'>membra</span> <span class='ocrx_word' id='word_1_42' title='bbox 1448 1708 1586 1773; x_wconf 88' lang='lat' dir='ltr'>metalli:</span> 
     </span>
     <span class='ocr_line' id='line_1_9' title="bbox 785 1814 1539 1900; baseline -0.007 -19"><span class='ocrx_word' id='word_1_43' title='bbox 785 1817 880 1890; x_wconf 82' lang='lat' dir='ltr'>Quod</span> <span class='ocrx_word' id='word_1_44' title='bbox 903 1818 1039 1894; x_wconf 69' lang='lat' dir='ltr'>finxere,</span> <span class='ocrx_word' id='word_1_45' title='bbox 1064 1817 1179 1879; x_wconf 88' lang='lat' dir='ltr'>timent</span> <span class='ocrx_word' id='word_1_46' title='bbox 1202 1836 1263 1879; x_wconf 87' lang='lat' dir='ltr'>nec</span> <span class='ocrx_word' id='word_1_47' title='bbox 1287 1814 1420 1900; x_wconf 89' lang='lat' dir='ltr'>capiunt</span> <span class='ocrx_word' id='word_1_48' title='bbox 1443 1814 1539 1877; x_wconf 88' lang='lat' dir='ltr'>oculi.</span> 
     </span>
    </p>
   </div>
   <div class='ocr_carea' id='block_1_7' title="bbox 998 2105 1406 2375">
    <p class='ocr_par' dir='ltr' id='par_1_7' title="bbox 998 2105 1406 2375">
     <span class='ocr_line' id='line_1_10' title="bbox 998 2105 1406 2191; baseline -0.002 -18"><span class='ocrx_word' id='word_1_49' title='bbox 998 2105 1138 2173; x_wconf 61' lang='grc' dir='ltr'>(ἶΙιΧἿο</span> <span class='ocrx_word' id='word_1_50' title='bbox 1170 2107 1406 2191; x_wconf 63' lang='lat' dir='ltr'>(arianam).</span> 
     </span>
     <span class='ocr_line' id='line_1_11' title="bbox 1100 2302 1290 2375; baseline -0.021 -1"><span class='ocrx_word' id='word_1_51' title='bbox 1100 2302 1290 2375; x_wconf 85' lang='lat' dir='ltr'><strong>ALITER.</strong></span> 
     </span>
    </p>
   </div>
   <div class='ocr_carea' id='block_1_8' title="bbox 739 2466 1603 2659">
    <p class='ocr_par' dir='ltr' id='par_1_8' title="bbox 739 2466 1603 2659">
     <span class='ocr_line' id='line_1_12' title="bbox 739 2466 1603 2549; baseline -0.005 -14"><span class='ocrx_word' id='word_1_52' title='bbox 739 2471 800 2534; x_wconf 77' lang='lat' dir='ltr'>list</span> <span class='ocrx_word' id='word_1_53' title='bbox 824 2471 916 2549; x_wconf 83' lang='lat' dir='ltr'>nihil,</span> <span class='ocrx_word' id='word_1_54' title='bbox 941 2477 974 2533; x_wconf 91' lang='lat' dir='ltr'>et</span> <span class='ocrx_word' id='word_1_55' title='bbox 997 2475 1112 2532; x_wconf 85' lang='lat' dir='ltr'>teneo:</span> <span class='ocrx_word' id='word_1_56' title='bbox 1137 2468 1303 2531; x_wconf 81' lang='lat' dir='ltr'>convincit</span> <span class='ocrx_word' id='word_1_57' title='bbox 1326 2466 1464 2531; x_wconf 84' lang='lat' dir='ltr'>dextera</span> <span class='ocrx_word' id='word_1_58' title='bbox 1487 2468 1603 2531; x_wconf 85' lang='lat' dir='ltr'>visum.</span> 
     </span>
     <span class='ocr_line' id='line_1_13' title="bbox 739 2571 1529 2659; baseline -0.005 -22"><span class='ocrx_word' id='word_1_59' title='bbox 739 2575 915 2659; x_wconf 83' lang='lat' dir='ltr'>Stringitur</span> <span class='ocrx_word' id='word_1_60' title='bbox 939 2574 1053 2636; x_wconf 87' lang='lat' dir='ltr'>artatis</span> <span class='ocrx_word' id='word_1_61' title='bbox 1076 2572 1249 2656; x_wconf 87' lang='lat' dir='ltr'>digitorum</span> <span class='ocrx_word' id='word_1_62' title='bbox 1273 2571 1414 2634; x_wconf 88' lang='lat' dir='ltr'>nexibus</span> <span class='ocrx_word' id='word_1_63' title='bbox 1439 2592 1529 2634; x_wconf 89' lang='lat' dir='ltr'>aura.</span> 
     </span>
    </p>
   </div>
   <div class='ocr_carea' id='block_1_9' title="bbox 983 2878 1419 3151">
    <p class='ocr_par' dir='ltr' id='par_1_9' title="bbox 983 2878 1419 3151">
     <span class='ocr_line' id='line_1_14' title="bbox 1002 2878 1406 2965; baseline -0.005 -18"><span class='ocrx_word' id='word_1_64' title='bbox 1002 2878 1144 2947; x_wconf 73' lang='lat' dir='ltr'>unxvl</span> <span class='ocrx_word' id='word_1_65' title='bbox 1165 2880 1275 2965; x_wconf 81' lang='lat' dir='ltr'>(srrsr.</span> <span class='ocrx_word' id='word_1_66' title='bbox 1293 2887 1323 2963; x_wconf 84' lang='grc'>4,</span> <span class='ocrx_word' id='word_1_67' title='bbox 1340 2882 1406 2964; x_wconf 79' lang='grc'>29).</span> 
     </span>
     <span class='ocr_line' id='line_1_15' title="bbox 983 3076 1419 3151; baseline 0.005 -2"><span class='ocrx_word' id='word_1_68' title='bbox 983 3076 1144 3150; x_wconf 80' lang='lat' dir='ltr'><strong>PAPAE</strong></span> <span class='ocrx_word' id='word_1_69' title='bbox 1171 3076 1419 3151; x_wconf 82' lang='lat' dir='ltr'><strong>ENNODIVS.</strong></span> 
     </span>
    </p>
   </div>
   <div class='ocr_carea' id='block_1_10' title="bbox 339 3222 2091 3860">
    <p class='ocr_par' dir='ltr' id='par_1_10' title="bbox 343 3222 2026 3548">
     <span class='ocr_line' id='line_1_16' title="bbox 343 3222 2026 3342; baseline 0.001 -27"><span class='ocrx_word' id='word_1_70' title='bbox 343 3244 352 3302; x_wconf 84' lang='lat' dir='ltr'>l</span> <span class='ocrx_word' id='word_1_71' title='bbox 488 3222 662 3318; x_wconf 71' lang='lat' dir='ltr'>Caelestis</span> <span class='ocrx_word' id='word_1_72' title='bbox 687 3254 859 3319; x_wconf 84' lang='lat' dir='ltr'>utilitatem</span> <span class='ocrx_word' id='word_1_73' title='bbox 878 3256 1066 3340; x_wconf 81' lang='lat' dir='ltr'>sequacium</span> <span class='ocrx_word' id='word_1_74' title='bbox 1084 3276 1162 3318; x_wconf 89' lang='lat' dir='ltr'>eura</span> <span class='ocrx_word' id='word_1_75' title='bbox 1178 3255 1330 3342; x_wconf 84' lang='lat' dir='ltr'>disponit.</span> <span class='ocrx_word' id='word_1_76' title='bbox 1367 3256 1571 3341; x_wconf 89' lang='lat' dir='ltr'>inauspicata</span> <span class='ocrx_word' id='word_1_77' title='bbox 1586 3256 1671 3319; x_wconf 88' lang='lat' dir='ltr'>beno</span> <span class='ocrx_word' id='word_1_78' title='bbox 1688 3255 1728 3320; x_wconf 87' lang='lat' dir='ltr'>de</span> <span class='ocrx_word' id='word_1_79' title='bbox 1745 3255 1807 3317; x_wconf 92' lang='lat' dir='ltr'>deo</span> <span class='ocrx_word' id='word_1_80' title='bbox 1823 3255 2026 3317; x_wconf 88' lang='lat' dir='ltr'>merentibus</span> 
     </span>
     <span class='ocr_line' id='line_1_17' title="bbox 370 3357 2025 3444; baseline 0 -24"><span class='ocrx_word' id='word_1_81' title='bbox 370 3358 455 3421; x_wconf 90' lang='lat' dir='ltr'>dona</span> <span class='ocrx_word' id='word_1_82' title='bbox 487 3357 683 3422; x_wconf 89' lang='lat' dir='ltr'>tribuuntur.</span> <span class='ocrx_word' id='word_1_83' title='bbox 728 3358 847 3442; x_wconf 82' lang='lat' dir='ltr'>ingerit</span> <span class='ocrx_word' id='word_1_84' title='bbox 879 3380 1021 3444; x_wconf 88' lang='lat' dir='ltr'>superna</span> <span class='ocrx_word' id='word_1_85' title='bbox 1049 3357 1251 3443; x_wconf 81' lang='lat' dir='ltr'>dispensatio</span> <span class='ocrx_word' id='word_1_86' title='bbox 1281 3360 1380 3421; x_wconf 91' lang='lat' dir='ltr'>etiarn</span> <span class='ocrx_word' id='word_1_87' title='bbox 1413 3358 1500 3442; x_wconf 80' lang='lat' dir='ltr'>qrrod</span> <span class='ocrx_word' id='word_1_88' title='bbox 1529 3359 1714 3444; x_wconf 89' lang='lat' dir='ltr'>supplicare</span> <span class='ocrx_word' id='word_1_89' title='bbox 1745 3359 1929 3422; x_wconf 88' lang='lat' dir='ltr'>humanitas</span> <span class='ocrx_word' id='word_1_90' title='bbox 1962 3379 2025 3423; x_wconf 92' lang='lat' dir='ltr'>non</span> 
     </span>
     <span class='ocr_line' id='line_1_18' title="bbox 370 3460 2025 3548; baseline -0.001 -24"><span class='ocrx_word' id='word_1_91' title='bbox 370 3462 559 3546; x_wconf 89' lang='lat' dir='ltr'>praesumit.</span> <span class='ocrx_word' id='word_1_92' title='bbox 612 3468 815 3544; x_wconf 83' lang='lat' dir='ltr'>agnoverunt</span> <span class='ocrx_word' id='word_1_93' title='bbox 849 3461 1027 3525; x_wconf 86' lang='lat' dir='ltr'>adversarii</span> <span class='ocrx_word' id='word_1_94' title='bbox 1062 3462 1149 3525; x_wconf 90' lang='lat' dir='ltr'>sedis</span> <span class='ocrx_word' id='word_1_95' title='bbox 1185 3469 1313 3526; x_wconf 87' lang='lat' dir='ltr'>vestrae</span> <span class='ocrx_word' id='word_1_96' title='bbox 1349 3483 1412 3548; x_wconf 93' lang='lat' dir='ltr'>quo</span> <span class='ocrx_word' id='word_1_97' title='bbox 1451 3469 1678 3547; x_wconf 78' lang='lat' dir='ltr'>propugnante</span> <span class='ocrx_word' id='word_1_98' title='bbox 1713 3463 1896 3525; x_wconf 81' lang='lat' dir='ltr'>vincantur:</span> <span class='ocrx_word' id='word_1_99' title='bbox 1939 3460 2025 3544; x_wconf 92' lang='lat' dir='ltr'>quod</span> 
     </span>
    </p>

    <p class='ocr_par' dir='ltr' id='par_1_11' title="bbox 339 3563 2091 3860">
     <span class='ocr_line' id='line_1_19' title="bbox 339 3563 2091 3650; baseline -0.001 -23"><span class='ocrx_word' id='word_1_100' title='bbox 339 3575 358 3634; x_wconf 79' lang='lat'><strong>2</strong></span> <span class='ocrx_word' id='word_1_101' title='bbox 372 3565 519 3649; x_wconf 87' lang='lat' dir='ltr'>proxime</span> <span class='ocrx_word' id='word_1_102' title='bbox 544 3564 584 3628; x_wconf 93' lang='lat' dir='ltr'>do</span> <span class='ocrx_word' id='word_1_103' title='bbox 608 3563 811 3648; x_wconf 82' lang='lat' dir='ltr'>Aquileiensi</span> <span class='ocrx_word' id='word_1_104' title='bbox 835 3564 1022 3650; x_wconf 86' lang='lat' dir='ltr'>redemptor</span> <span class='ocrx_word' id='word_1_105' title='bbox 1045 3572 1159 3629; x_wconf 88' lang='lat' dir='ltr'>noster</span> <span class='ocrx_word' id='word_1_106' title='bbox 1181 3585 1324 3649; x_wconf 89' lang='lat' dir='ltr'>persona</span> <span class='ocrx_word' id='word_1_107' title='bbox 1351 3567 1523 3629; x_wconf 87' lang='lat' dir='ltr'>reserarit.</span> <span class='ocrx_word' id='word_1_108' title='bbox 1569 3573 1603 3629; x_wconf 87' lang='lat' dir='ltr'>et</span> <span class='ocrx_word' id='word_1_109' title='bbox 1627 3564 1699 3628; x_wconf 92' lang='lat' dir='ltr'>ideo</span> <span class='ocrx_word' id='word_1_110' title='bbox 1723 3566 1807 3628; x_wconf 91' lang='lat' dir='ltr'>inter</span> <span class='ocrx_word' id='word_1_111' title='bbox 1830 3565 2026 3629; x_wconf 86' lang='lat' dir='ltr'>excellentia</span> <span class='ocrx_word' id='word_1_112' title='bbox 2080 3598 2091 3634; x_wconf 59' lang='lat'>5</span> 
     </span>
     <span class='ocr_line' id='line_1_20' title="bbox 370 3668 2026 3753; baseline 0.002 -23"><span class='ocrx_word' id='word_1_113' title='bbox 370 3689 540 3731; x_wconf 90' lang='lat' dir='ltr'>munerum</span> <span class='ocrx_word' id='word_1_114' title='bbox 565 3668 747 3731; x_wconf 87' lang='lat' dir='ltr'>divinorum</span> <span class='ocrx_word' id='word_1_115' title='bbox 776 3675 869 3753; x_wconf 77' lang='lat' dir='ltr'>peto,</span> <span class='ocrx_word' id='word_1_116' title='bbox 901 3676 936 3731; x_wconf 93' lang='lat' dir='ltr'>ut</span> <span class='ocrx_word' id='word_1_117' title='bbox 959 3669 1024 3732; x_wconf 92' lang='lat' dir='ltr'>mei</span> <span class='ocrx_word' id='word_1_118' title='bbox 1049 3690 1168 3732; x_wconf 90' lang='lat' dir='ltr'>corona</span> <span class='ocrx_word' id='word_1_119' title='bbox 1190 3676 1301 3733; x_wconf 83' lang='lat' dir='ltr'>restra</span> <span class='ocrx_word' id='word_1_120' title='bbox 1323 3671 1512 3734; x_wconf 90' lang='lat' dir='ltr'>meminisse</span> <span class='ocrx_word' id='word_1_121' title='bbox 1536 3691 1600 3733; x_wconf 91' lang='lat' dir='ltr'>non</span> <span class='ocrx_word' id='word_1_122' title='bbox 1625 3670 1758 3734; x_wconf 86' lang='lat' dir='ltr'>abnuat.</span> <span class='ocrx_word' id='word_1_123' title='bbox 1804 3670 1918 3734; x_wconf 85' lang='lat' dir='ltr'>invitat</span> <span class='ocrx_word' id='word_1_124' title='bbox 1941 3670 2026 3733; x_wconf 87' lang='lat' dir='ltr'>enirn</span> 
     </span>
     <span class='ocr_line' id='line_1_21' title="bbox 370 3771 1909 3860; baseline 0 -25"><span class='ocrx_word' id='word_1_125' title='bbox 370 3771 410 3836; x_wconf 89' lang='lat' dir='ltr'>ad</span> <span class='ocrx_word' id='word_1_126' title='bbox 435 3772 657 3836; x_wconf 82' lang='lat' dir='ltr'>famulandum</span> <span class='ocrx_word' id='word_1_127' title='bbox 682 3773 849 3858; x_wconf 85' lang='lat' dir='ltr'>plurimos,</span> <span class='ocrx_word' id='word_1_128' title='bbox 874 3773 927 3856; x_wconf 91' lang='lat' dir='ltr'>qui</span> <span class='ocrx_word' id='word_1_129' title='bbox 952 3774 1100 3856; x_wconf 87' lang='lat' dir='ltr'>quamvis</span> <span class='ocrx_word' id='word_1_130' title='bbox 1122 3775 1219 3858; x_wconf 86' lang='lat' dir='ltr'>longe</span> <span class='ocrx_word' id='word_1_131' title='bbox 1243 3775 1381 3860; x_wconf 90' lang='lat' dir='ltr'>positum</span> <span class='ocrx_word' id='word_1_132' title='bbox 1406 3772 1511 3857; x_wconf 81' lang='lat' dir='ltr'>diligit</span> <span class='ocrx_word' id='word_1_133' title='bbox 1534 3773 1780 3859; x_wconf 86' lang='lat' dir='ltr'>obsequentem.</span> <span class='ocrx_word' id='word_1_134' title='bbox 1826 3774 1909 3836; x_wconf 85' lang='lat' dir='ltr'>vale.</span> 
     </span>
    </p>
   </div>
   <div class='ocr_carea' id='block_1_11' title="bbox 888 4081 1512 4352">
    <p class='ocr_par' dir='ltr' id='par_1_12' title="bbox 888 4081 1512 4352">
     <span class='ocr_line' id='line_1_22' title="bbox 987 4081 1428 4167; baseline -0.005 -18"><span class='ocrx_word' id='word_1_135' title='bbox 987 4081 1150 4149; x_wconf 78' lang='lat' dir='ltr'><strong>CLXVII</strong></span> <span class='ocrx_word' id='word_1_136' title='bbox 1174 4081 1282 4167; x_wconf 83' lang='lat' dir='ltr'>(sersr.</span> <span class='ocrx_word' id='word_1_137' title='bbox 1299 4089 1329 4164; x_wconf 81' lang='lat'>4,</span> <span class='ocrx_word' id='word_1_138' title='bbox 1345 4085 1428 4164; x_wconf 86' lang='lat'><strong>30).-</strong></span> 
     </span>
     <span class='ocr_line' id='line_1_23' title="bbox 888 4277 1512 4352; baseline -0.002 -1"><span class='ocrx_word' id='word_1_139' title='bbox 888 4278 1123 4352; x_wconf 80' lang='lat' dir='ltr'>ENNODIVS</span> <span class='ocrx_word' id='word_1_140' title='bbox 1151 4277 1386 4351; x_wconf 75' lang='lat' dir='ltr'><strong>EVGENETI</strong></span> <span class='ocrx_word' id='word_1_141' title='bbox 1413 4279 1456 4352; x_wconf 91' lang='lat' dir='ltr'>V.</span> <span class='ocrx_word' id='word_1_142' title='bbox 1485 4279 1512 4350; x_wconf 92' lang='lat' dir='ltr'>l.</span> 
     </span>
    </p>
   </div>
   <div class='ocr_carea' id='block_1_12' title="bbox 342 4423 2104 4953">
    <p class='ocr_par' dir='ltr' id='par_1_13' title="bbox 342 4423 2104 4953">
     <span class='ocr_line' id='line_1_24' title="bbox 344 4423 2024 4540; baseline 0.002 -25"><span class='ocrx_word' id='word_1_143' title='bbox 344 4446 356 4504; x_wconf 83' lang='lat'><strong>¹</strong></span> <span class='ocrx_word' id='word_1_144' title='bbox 488 4423 679 4538; x_wconf 80' lang='lat' dir='ltr'>postquam</span> <span class='ocrx_word' id='word_1_145' title='bbox 704 4454 807 4538; x_wconf 90' lang='lat' dir='ltr'>prima</span> <span class='ocrx_word' id='word_1_146' title='bbox 831 4455 901 4540; x_wconf 89' lang='lat' dir='ltr'>spei</span> <span class='ocrx_word' id='word_1_147' title='bbox 925 4475 1018 4518; x_wconf 86' lang='lat' dir='ltr'>meae</span> <span class='ocrx_word' id='word_1_148' title='bbox 1044 4455 1197 4518; x_wconf 83' lang='lat' dir='ltr'>effectum</span> <span class='ocrx_word' id='word_1_149' title='bbox 1222 4451 1344 4516; x_wconf 89' lang='lat' dir='ltr'>dedere</span> <span class='ocrx_word' id='word_1_150' title='bbox 1372 4453 1560 4538; x_wconf 77' lang='lat' dir='ltr'>conloquia,</span> <span class='ocrx_word' id='word_1_151' title='bbox 1592 4451 1631 4516; x_wconf 87' lang='lat' dir='ltr'>ad</span> <span class='ocrx_word' id='word_1_152' title='bbox 1655 4473 1750 4516; x_wconf 89' lang='lat' dir='ltr'>usum</span> <span class='ocrx_word' id='word_1_153' title='bbox 1780 4455 1940 4519; x_wconf 88' lang='lat' dir='ltr'>sermonis</span> <span class='ocrx_word' id='word_1_154' title='bbox 1970 4476 2024 4518; x_wconf 89' lang='lat' dir='ltr'>ora</span> 
     </span>
     <span class='ocr_line' id='line_1_25' title="bbox 371 4554 2104 4642; baseline 0.001 -24"><span class='ocrx_word' id='word_1_155' title='bbox 371 4554 427 4618; x_wconf 91' lang='lat' dir='ltr'>diu</span> <span class='ocrx_word' id='word_1_156' title='bbox 450 4555 566 4621; x_wconf 78' lang='lat' dir='ltr'>seriata</span> <span class='ocrx_word' id='word_1_157' title='bbox 589 4559 708 4621; x_wconf 83' lang='lat' dir='ltr'>laxari.</span> <span class='ocrx_word' id='word_1_158' title='bbox 754 4559 918 4621; x_wconf 88' lang='lat' dir='ltr'>animatur</span> <span class='ocrx_word' id='word_1_159' title='bbox 940 4558 1027 4621; x_wconf 88' lang='lat' dir='ltr'>enirn</span> <span class='ocrx_word' id='word_1_160' title='bbox 1053 4557 1260 4620; x_wconf 89' lang='lat' dir='ltr'>successibus</span> <span class='ocrx_word' id='word_1_161' title='bbox 1290 4557 1389 4619; x_wconf 89' lang='lat' dir='ltr'>etiam</span> <span class='ocrx_word' id='word_1_162' title='bbox 1420 4555 1470 4619; x_wconf 88' lang='lat' dir='ltr'>cui</span> <span class='ocrx_word' id='word_1_163' title='bbox 1499 4577 1558 4642; x_wconf 91' lang='lat' dir='ltr'>per</span> <span class='ocrx_word' id='word_1_164' title='bbox 1587 4557 1821 4621; x_wconf 88' lang='lat' dir='ltr'>conscientiam</span> <span class='ocrx_word' id='word_1_165' title='bbox 1851 4579 1916 4622; x_wconf 90' lang='lat' dir='ltr'>non</span> <span class='ocrx_word' id='word_1_166' title='bbox 1947 4559 2023 4620; x_wconf 90' lang='lat' dir='ltr'>sub·</span> <span class='ocrx_word' id='word_1_167' title='bbox 2080 4591 2104 4627; x_wconf 82' lang='lat' dir='ltr'>ro</span> 
     </span>
     <span class='ocr_line' id='line_1_26' title="bbox 371 4658 2025 4745; baseline 0 -22"><span class='ocrx_word' id='word_1_168' title='bbox 371 4660 455 4745; x_wconf 86' lang='lat' dir='ltr'>petit</span> <span class='ocrx_word' id='word_1_169' title='bbox 471 4660 613 4724; x_wconf 87' lang='lat' dir='ltr'>Latiaris</span> <span class='ocrx_word' id='word_1_170' title='bbox 638 4661 787 4726; x_wconf 88' lang='lat' dir='ltr'>eruditio.</span> <span class='ocrx_word' id='word_1_171' title='bbox 826 4661 1032 4725; x_wconf 85' lang='lat' dir='ltr'>cessantibus</span> <span class='ocrx_word' id='word_1_172' title='bbox 1050 4660 1165 4724; x_wconf 90' lang='lat' dir='ltr'>studiis</span> <span class='ocrx_word' id='word_1_173' title='bbox 1182 4679 1283 4744; x_wconf 88' lang='lat' dir='ltr'>saepo</span> <span class='ocrx_word' id='word_1_174' title='bbox 1300 4658 1456 4722; x_wconf 78' lang='lat' dir='ltr'>facundos</span> <span class='ocrx_word' id='word_1_175' title='bbox 1474 4659 1592 4744; x_wconf 86' lang='lat' dir='ltr'>gaudia</span> <span class='ocrx_word' id='word_1_176' title='bbox 1608 4659 1830 4725; x_wconf 87' lang='lat' dir='ltr'>reddiderunt.</span> <span class='ocrx_word' id='word_1_177' title='bbox 1870 4661 2025 4725; x_wconf 89' lang='lat' dir='ltr'>maeroris</span> 
     </span>
     <span class='ocr_line' id='line_1_27' title="bbox 371 4763 2026 4851; baseline -0.002 -24"><span class='ocrx_word' id='word_1_178' title='bbox 371 4764 483 4828; x_wconf 86' lang='lat' dir='ltr'>nubila</span> <span class='ocrx_word' id='word_1_179' title='bbox 506 4766 530 4828; x_wconf 89' lang='lat' dir='ltr'>si</span> <span class='ocrx_word' id='word_1_180' title='bbox 556 4765 703 4828; x_wconf 90' lang='lat' dir='ltr'>hilaritas</span> <span class='ocrx_word' id='word_1_181' title='bbox 726 4766 880 4851; x_wconf 73' lang='lat' dir='ltr'>depellit,</span> <span class='ocrx_word' id='word_1_182' title='bbox 912 4785 987 4827; x_wconf 85' lang='lat' dir='ltr'>mox</span> <span class='ocrx_word' id='word_1_183' title='bbox 1021 4763 1188 4828; x_wconf 89' lang='lat' dir='ltr'>rutilantia</span> <span class='ocrx_word' id='word_1_184' title='bbox 1219 4783 1278 4848; x_wconf 89' lang='lat' dir='ltr'>per</span> <span class='ocrx_word' id='word_1_185' title='bbox 1308 4763 1424 4826; x_wconf 90' lang='lat' dir='ltr'>sudum</span> <span class='ocrx_word' id='word_1_186' title='bbox 1453 4765 1554 4827; x_wconf 87' lang='lat' dir='ltr'>verba</span> <span class='ocrx_word' id='word_1_187' title='bbox 1587 4763 1781 4827; x_wconf 89' lang='lat' dir='ltr'>discurrunt.</span> <span class='ocrx_word' id='word_1_188' title='bbox 1828 4764 1938 4848; x_wconf 89' lang='lat' dir='ltr'>itaquo</span> <span class='ocrx_word' id='word_1_189' title='bbox 1970 4770 2026 4825; x_wconf 90' lang='lat' dir='ltr'>aut</span> 
     </span>
     <span class='ocr_line' id='line_1_28' title="bbox 342 4865 2026 4953; baseline -0.004 -18"><span class='ocrx_word' id='word_1_190' title='bbox 342 4868 534 4953; x_wconf 69' lang='lat' dir='ltr'>apolectos</span> <span class='ocrx_word' id='word_1_191' title='bbox 558 4889 616 4932; x_wconf 91' lang='lat' dir='ltr'>nos</span> <span class='ocrx_word' id='word_1_192' title='bbox 640 4869 765 4933; x_wconf 89' lang='lat' dir='ltr'>laetitia</span> <span class='ocrx_word' id='word_1_193' title='bbox 786 4876 949 4932; x_wconf 87' lang='lat' dir='ltr'>monstrat</span> <span class='ocrx_word' id='word_1_194' title='bbox 972 4875 1027 4932; x_wconf 90' lang='lat' dir='ltr'>aut</span> <span class='ocrx_word' id='word_1_195' title='bbox 1050 4869 1192 4932; x_wconf 87' lang='lat' dir='ltr'>infantes</span> <span class='ocrx_word' id='word_1_196' title='bbox 1215 4866 1294 4930; x_wconf 87' lang='lat' dir='ltr'>facit</span> <span class='ocrx_word' id='word_1_197' title='bbox 1321 4865 1511 4931; x_wconf 89' lang='lat' dir='ltr'>adversitas.</span> <span class='ocrx_word' id='word_1_198' title='bbox 1558 4869 1654 4946; x_wconf 81' lang='lat' dir='ltr'>haec,</span> <span class='ocrx_word' id='word_1_199' title='bbox 1686 4868 1729 4931; x_wconf 92' lang='lat' dir='ltr'>mi</span> <span class='ocrx_word' id='word_1_200' title='bbox 1760 4865 1904 4933; x_wconf 85' lang='lat' dir='ltr'>domine.</span> <span class='ocrx_word' id='word_1_201' title='bbox 1936 4868 2026 4930; x_wconf 85' lang='lat' dir='ltr'>vobis</span> 
     </span>
    </p>
   </div>
   <div class='ocr_carea' id='block_1_13' title="bbox 376 5035 602 5042">
    <p class='ocr_par' dir='ltr' id='par_1_14' title="bbox 376 5035 602 5042">
     <span class='ocr_line' id='line_1_29' title="bbox 376 5035 602 5042; baseline -0.004 0"><span class='ocrx_word' id='word_1_202' title='bbox 376 5035 602 5042; x_wconf 71' lang='lat'><em>——..-.—</em></span> 
     </span>
    </p>
   </div>
   <div class='ocr_carea' id='block_1_14' title="bbox 476 5141 1549 5211">
    <p class='ocr_par' dir='ltr' id='par_1_15' title="bbox 476 5141 1549 5211">
     <span class='ocr_line' id='line_1_30' title="bbox 476 5141 1549 5211; baseline 0.002 -17"><span class='ocrx_word' id='word_1_203' title='bbox 476 5141 884 5209; x_wconf 58' lang='lat' dir='ltr'>[chartusianorum</span> <span class='ocrx_word' id='word_1_204' title='bbox 988 5162 1011 5195; x_wconf 81' lang='lat' dir='ltr'>v.</span> <span class='ocrx_word' id='word_1_205' title='bbox 1031 5142 1048 5193; x_wconf 74' lang='lat'>‘2</span> <span class='ocrx_word' id='word_1_206' title='bbox 1065 5145 1198 5196; x_wconf 78' lang='lat' dir='ltr'>lassarunt</span> <span class='ocrx_word' id='word_1_207' title='bbox 1212 5143 1257 5193; x_wconf 70' lang='grc' dir='ltr'>Β(ι</span> <span class='ocrx_word' id='word_1_208' title='bbox 1328 5142 1549 5211; x_wconf 79' lang='lat' dir='ltr'>sulva1lslluaB</span> 
     </span>
    </p>
   </div>
   <div class='ocr_carea' id='block_1_15' title="bbox 371 5243 2031 5401">
    <p class='ocr_par' dir='ltr' id='par_1_16' title="bbox 371 5243 2031 5401">
     <span class='ocr_line' id='line_1_31' title="bbox 477 5243 2031 5316; baseline 0.003 -20"><span class='ocrx_word' id='word_1_209' title='bbox 477 5243 601 5313; x_wconf 82' lang='lat' dir='ltr'>[CLXVI]</span> <span class='ocrx_word' id='word_1_210' title='bbox 646 5247 657 5296; x_wconf 93' lang='lat' dir='ltr'>l</span> <span class='ocrx_word' id='word_1_211' title='bbox 685 5247 816 5298; x_wconf 79' lang='lat' dir='ltr'>Erinodius</span> <span class='ocrx_word' id='word_1_212' title='bbox 840 5249 955 5313; x_wconf 80' lang='lat' dir='ltr'>Papaab</span> <span class='ocrx_word' id='word_1_213' title='bbox 1094 5246 1111 5298; x_wconf 78' lang='lat'><strong>2</strong></span> <span class='ocrx_word' id='word_1_214' title='bbox 1133 5248 1164 5298; x_wconf 88' lang='lat' dir='ltr'>da</span> <span class='ocrx_word' id='word_1_215' title='bbox 1188 5245 1243 5313; x_wconf 81' lang='lat' dir='ltr'>dcc}</span> <span class='ocrx_word' id='word_1_216' title='bbox 1272 5248 1351 5298; x_wconf 81' lang='lat' dir='ltr'>dobeo</span> <span class='ocrx_word' id='word_1_217' title='bbox 1370 5247 1414 5297; x_wconf 73' lang='lat' dir='ltr'>Ba</span> <span class='ocrx_word' id='word_1_218' title='bbox 1559 5248 1576 5300; x_wconf 82' lang='lat'>3</span> <span class='ocrx_word' id='word_1_219' title='bbox 1600 5250 1693 5315; x_wconf 85' lang='lat' dir='ltr'>ingerit</span> <span class='ocrx_word' id='word_1_220' title='bbox 1715 5267 1734 5299; x_wconf 88' lang='lat' dir='ltr'>s.</span> <span class='ocrx_word' id='word_1_221' title='bbox 1758 5251 1913 5316; x_wconf 82' lang='lat' dir='ltr'>dispensatio</span> <span class='ocrx_word' id='word_1_222' title='bbox 1936 5269 1983 5303; x_wconf 74' lang='lat' dir='ltr'>mar.</span> <span class='ocrx_word' id='word_1_223' title='bbox 2008 5251 2031 5301; x_wconf 82' lang='grc' dir='ltr'><em>Τ</em></span> 
     </span>
     <span class='ocr_line' id='line_1_32' title="bbox 371 5330 1414 5401; baseline 0.001 -18"><span class='ocrx_word' id='word_1_224' title='bbox 371 5330 589 5399; x_wconf 80' lang='lat' dir='ltr'>4pracsumotB</span> <span class='ocrx_word' id='word_1_225' title='bbox 691 5331 918 5399; x_wconf 81' lang='lat' dir='ltr'>baquiligcnsiB</span> <span class='ocrx_word' id='word_1_226' title='bbox 987 5333 1113 5384; x_wconf 83' lang='lat' dir='ltr'>redemtor</span> <span class='ocrx_word' id='word_1_227' title='bbox 1124 5333 1150 5382; x_wconf 85' lang='lat' dir='ltr'><em>B</em></span> <span class='ocrx_word' id='word_1_228' title='bbox 1253 5331 1414 5401; x_wconf 76' lang='lat' dir='ltr'>idiligatB</span> 
     </span>
    </p>
   </div>
   <div class='ocr_carea' id='block_1_16' title="bbox 371 5433 2029 5677">
    <p class='ocr_par' dir='ltr' id='par_1_17' title="bbox 371 5433 2029 5677">
     <span class='ocr_line' id='line_1_33' title="bbox 477 5433 2028 5506; baseline 0.003 -19"><span class='ocrx_word' id='word_1_229' title='bbox 477 5433 614 5503; x_wconf 80' lang='lat' dir='ltr'>[uuxvu]</span> <span class='ocrx_word' id='word_1_230' title='bbox 644 5434 831 5503; x_wconf 79' lang='lat' dir='ltr'>ScugorritiB</span> <span class='ocrx_word' id='word_1_231' title='bbox 933 5436 1095 5504; x_wconf 73' lang='lat' dir='ltr'>tloolloquia</span> <span class='ocrx_word' id='word_1_232' title='bbox 1111 5437 1136 5486; x_wconf 80' lang='lat'>1⁷</span> <span class='ocrx_word' id='word_1_233' title='bbox 1236 5437 1270 5489; x_wconf 86' lang='lat'>10</span> <span class='ocrx_word' id='word_1_234' title='bbox 1286 5439 1419 5490; x_wconf 81' lang='lat' dir='ltr'>scientiam</span> <span class='ocrx_word' id='word_1_235' title='bbox 1437 5438 1524 5487; x_wconf 78' lang='lat' dir='ltr'>aialim</span> <span class='ocrx_word' id='word_1_236' title='bbox 1589 5438 1742 5506; x_wconf 79' lang='lat' dir='ltr'>suppetitV</span> <span class='ocrx_word' id='word_1_237' title='bbox 1840 5437 1869 5489; x_wconf 92' lang='lat' dir='ltr'>ll</span> <span class='ocrx_word' id='word_1_238' title='bbox 1890 5440 2028 5492; x_wconf 78' lang='lat' dir='ltr'>latiaresli</span> 
     </span>
     <span class='ocr_line' id='line_1_34' title="bbox 372 5521 2029 5594; baseline 0.003 -20"><span class='ocrx_word' id='word_1_239' title='bbox 372 5523 497 5574; x_wconf 79' lang='lat' dir='ltr'>facundos</span> <span class='ocrx_word' id='word_1_240' title='bbox 510 5523 609 5589; x_wconf 71' lang='grc' dir='ltr'><strong><em>ιονὶρεὶ,</em></strong></span> <span class='ocrx_word' id='word_1_241' title='bbox 628 5524 755 5574; x_wconf 81' lang='lat' dir='ltr'>facundus</span> <span class='ocrx_word' id='word_1_242' title='bbox 768 5523 801 5587; x_wconf 88' lang='lat' dir='ltr'>B,</span> <span class='ocrx_word' id='word_1_243' title='bbox 819 5521 916 5577; x_wconf 73' lang='lat' dir='ltr'>secund</span> <span class='ocrx_word' id='word_1_244' title='bbox 934 5523 985 5587; x_wconf 74' lang='lat' dir='ltr'>Vc,</span> <span class='ocrx_word' id='word_1_245' title='bbox 1005 5525 1143 5575; x_wconf 80' lang='lat' dir='ltr'>facundum</span> <span class='ocrx_word' id='word_1_246' title='bbox 1161 5524 1266 5590; x_wconf 73' lang='lat' dir='ltr'>reliqm&#39;5</span> <span class='ocrx_word' id='word_1_247' title='bbox 1283 5527 1317 5592; x_wconf 84' lang='lat' dir='ltr'>os.</span> <span class='ocrx_word' id='word_1_248' title='bbox 1325 5543 1354 5590; x_wconf 78' lang='lat' dir='ltr'>p.</span> <span class='ocrx_word' id='word_1_249' title='bbox 1370 5527 1423 5586; x_wconf 71' lang='lat'>152,</span> <span class='ocrx_word' id='word_1_250' title='bbox 1436 5528 1466 5574; x_wconf 87' lang='lat'>13</span> <span class='ocrx_word' id='word_1_251' title='bbox 1579 5522 1612 5575; x_wconf 79' lang='lat'>12</span> <span class='ocrx_word' id='word_1_252' title='bbox 1629 5525 1651 5574; x_wconf 85' lang='lat' dir='ltr'>si</span> <span class='ocrx_word' id='word_1_253' title='bbox 1669 5541 1718 5575; x_wconf 79' lang='lat' dir='ltr'>om.</span> <span class='ocrx_word' id='word_1_254' title='bbox 1732 5523 1810 5575; x_wconf 73' lang='lat' dir='ltr'>Sim.</span> <span class='ocrx_word' id='word_1_255' title='bbox 1880 5527 1991 5594; x_wconf 84' lang='lat' dir='ltr'>dspoliat</span> <span class='ocrx_word' id='word_1_256' title='bbox 2002 5527 2029 5578; x_wconf 86' lang='lat' dir='ltr'><em>B</em></span> 
     </span>
     <span class='ocr_line' id='line_1_35' title="bbox 371 5608 803 5677; baseline 0.005 -17"><span class='ocrx_word' id='word_1_257' title='bbox 371 5611 458 5676; x_wconf 77' lang='lat' dir='ltr'>itaquo</span> <span class='ocrx_word' id='word_1_258' title='bbox 476 5608 537 5676; x_wconf 83' lang='lat' dir='ltr'>(quo</span> <span class='ocrx_word' id='word_1_259' title='bbox 554 5627 610 5676; x_wconf 69' lang='lat' dir='ltr'>nup.</span> <span class='ocrx_word' id='word_1_260' title='bbox 628 5610 673 5660; x_wconf 78' lang='lat' dir='ltr'>un.</span> <span class='ocrx_word' id='word_1_261' title='bbox 691 5627 725 5661; x_wconf 81' lang='lat' dir='ltr'>aa.</span> <span class='ocrx_word' id='word_1_262' title='bbox 740 5609 763 5677; x_wconf 85' lang='lat'>1)</span> <span class='ocrx_word' id='word_1_263' title='bbox 777 5609 803 5662; x_wconf 86' lang='lat' dir='ltr'><em>B</em></span> 
     </span>
    </p>
   </div>
   <div class='ocr_carea' id='block_1_17' title="bbox 0 0 2254 6229">
    <p class='ocr_par' dir='ltr' id='par_1_18' title="bbox 0 0 2254 6229">
     <span class='ocr_line' id='line_1_36' title="bbox 0 0 2254 6229; baseline 0 0"><span class='ocrx_word' id='word_1_264' title='bbox 0 0 2254 6229; x_wconf 95' lang='lat' dir='ltr'> </span> 
     </span>
    </p>
   </div>
  </div>
 </body>
</html>
