<?xml version="1.0" encoding="UTF-8"?>
<!DOCTYPE html PUBLIC "-//W3C//DTD XHTML 1.0 Transitional//EN"
    "http://www.w3.org/TR/xhtml1/DTD/xhtml1-transitional.dtd">
<html xmlns="http://www.w3.org/1999/xhtml" xml:lang="en" lang="en">
 <head>
  <title>
</title>
<meta http-equiv="Content-Type" content="text/html;charset=utf-8" />
  <meta name='ocr-system' content='tesseract 3.04.00' />
  <meta name='ocr-capabilities' content='ocr_page ocr_carea ocr_par ocr_line ocrx_word'/>
</head>
<body>
  <div class='ocr_page' id='page_1' title='image "./magnifelicisenn00vogegoog_0385.png"; bbox 0 0 4500 6232; ppageno 0'>
   <div class='ocr_carea' id='block_1_1' title="bbox 229 921 241 955">
    <p class='ocr_par' dir='ltr' id='par_1_1' title="bbox 229 921 241 955">
     <span class='ocr_line' id='line_1_1' title="bbox 229 921 241 955; baseline 0 -1"><span class='ocrx_word' id='word_1_1' title='bbox 229 921 241 955; x_wconf 84' lang='lat' dir='ltr'>h</span> 
     </span>
    </p>
   </div>
   <div class='ocr_carea' id='block_1_2' title="bbox 217 1437 243 1476">
    <p class='ocr_par' dir='ltr' id='par_1_2' title="bbox 217 1437 243 1476">
     <span class='ocr_line' id='line_1_2' title="bbox 217 1437 243 1476; baseline 0 0"><span class='ocrx_word' id='word_1_2' title='bbox 217 1437 243 1476; x_wconf 82' lang='lat'>1⁰</span> 
     </span>
    </p>
   </div>
   <div class='ocr_carea' id='block_1_3' title="bbox 216 1954 241 1992">
    <p class='ocr_par' dir='ltr' id='par_1_3' title="bbox 216 1954 241 1992">
     <span class='ocr_line' id='line_1_3' title="bbox 216 1954 241 1992; baseline -0.04 0"><span class='ocrx_word' id='word_1_3' title='bbox 216 1954 241 1992; x_wconf 79' lang='grc'>13</span> 
     </span>
    </p>
   </div>
   <div class='ocr_carea' id='block_1_4' title="bbox 215 2470 241 2509">
    <p class='ocr_par' dir='ltr' id='par_1_4' title="bbox 215 2470 241 2509">
     <span class='ocr_line' id='line_1_4' title="bbox 215 2470 241 2509; baseline 0 0"><span class='ocrx_word' id='word_1_4' title='bbox 215 2470 241 2509; x_wconf 78' lang='grc'><strong>30</strong></span> 
     </span>
    </p>
   </div>
   <div class='ocr_carea' id='block_1_5' title="bbox 970 279 1275 351">
    <p class='ocr_par' dir='ltr' id='par_1_5' title="bbox 970 279 1275 351">
     <span class='ocr_line' id='line_1_5' title="bbox 970 279 1275 351; baseline 0 -15"><span class='ocrx_word' id='word_1_5' title='bbox 970 279 1067 336; x_wconf 76' lang='lat' dir='ltr'>cusu</span> <span class='ocrx_word' id='word_1_6' title='bbox 1085 280 1220 349; x_wconf 73' lang='lat' dir='ltr'>(opusc.</span> <span class='ocrx_word' id='word_1_7' title='bbox 1239 282 1275 351; x_wconf 81' lang='lat' dir='ltr'>a).</span> 
     </span>
    </p>
   </div>
   <div class='ocr_carea' id='block_1_6' title="bbox 758 452 1346 832">
    <p class='ocr_par' dir='ltr' id='par_1_6' title="bbox 759 452 1329 541">
     <span class='ocr_line' id='line_1_6' title="bbox 759 452 1329 541; baseline 0.007 -25"><span class='ocrx_word' id='word_1_8' title='bbox 759 452 865 517; x_wconf 81' lang='lat' dir='ltr'>Intrat</span> <span class='ocrx_word' id='word_1_9' title='bbox 887 454 1011 519; x_wconf 83' lang='lat' dir='ltr'>excelsi</span> <span class='ocrx_word' id='word_1_10' title='bbox 1034 456 1205 541; x_wconf 90' lang='lat' dir='ltr'>penetrale</span> <span class='ocrx_word' id='word_1_11' title='bbox 1228 455 1329 540; x_wconf 90' lang='lat' dir='ltr'>regis,</span> 
     </span>
    </p>

    <p class='ocr_par' dir='ltr' id='par_1_7' title="bbox 758 555 1322 638">
     <span class='ocr_line' id='line_1_7' title="bbox 758 555 1322 638; baseline 0.004 -18"><span class='ocrx_word' id='word_1_12' title='bbox 758 555 886 621; x_wconf 90' lang='lat' dir='ltr'>Ditium</span> <span class='ocrx_word' id='word_1_13' title='bbox 908 562 998 621; x_wconf 87' lang='lat' dir='ltr'>tutus</span> <span class='ocrx_word' id='word_1_14' title='bbox 1022 564 1134 624; x_wconf 87' lang='lat' dir='ltr'>manet</span> <span class='ocrx_word' id='word_1_15' title='bbox 1155 560 1188 622; x_wconf 96' lang='lat' dir='ltr'>in</span> <span class='ocrx_word' id='word_1_16' title='bbox 1211 559 1322 638; x_wconf 88' lang='lat' dir='ltr'>ruinis,</span> 
     </span>
    </p>

    <p class='ocr_par' dir='ltr' id='par_1_8' title="bbox 759 658 1346 832">
     <span class='ocr_line' id='line_1_8' title="bbox 759 658 1346 748; baseline 0.007 -25"><span class='ocrx_word' id='word_1_17' title='bbox 759 658 821 726; x_wconf 90' lang='lat' dir='ltr'>Ille</span> <span class='ocrx_word' id='word_1_18' title='bbox 845 681 906 726; x_wconf 93' lang='lat' dir='ltr'>nec</span> <span class='ocrx_word' id='word_1_19' title='bbox 929 662 1037 747; x_wconf 88' lang='lat' dir='ltr'>legem</span> <span class='ocrx_word' id='word_1_20' title='bbox 1060 663 1183 748; x_wconf 87' lang='lat' dir='ltr'>patitur</span> <span class='ocrx_word' id='word_1_21' title='bbox 1204 664 1346 748; x_wconf 78' lang='lat' dir='ltr'>sepulcri</span> 
     </span>
     <span class='ocr_line' id='line_1_9' title="bbox 863 765 1165 832; baseline 0.007 -3"><span class='ocrx_word' id='word_1_22' title='bbox 863 765 935 830; x_wconf 87' lang='lat' dir='ltr'>Nee</span> <span class='ocrx_word' id='word_1_23' title='bbox 958 766 1044 830; x_wconf 90' lang='lat' dir='ltr'>mala</span> <span class='ocrx_word' id='word_1_24' title='bbox 1067 766 1165 832; x_wconf 84' lang='lat' dir='ltr'>vitae.</span> 
     </span>
    </p>
   </div>
   <div class='ocr_carea' id='block_1_7' title="bbox 292 901 2004 2648">
    <p class='ocr_par' dir='ltr' id='par_1_9' title="bbox 292 901 2004 2648">
     <span class='ocr_line' id='line_1_10' title="bbox 403 901 2002 990; baseline -0.001 -26"><span class='ocrx_word' id='word_1_25' title='bbox 403 901 455 966; x_wconf 95' lang='lat' dir='ltr'>De</span> <span class='ocrx_word' id='word_1_26' title='bbox 488 901 645 987; x_wconf 86' lang='lat' dir='ltr'>praefatis</span> <span class='ocrx_word' id='word_1_27' title='bbox 675 902 849 967; x_wconf 82' lang='lat' dir='ltr'>virtutibus</span> <span class='ocrx_word' id='word_1_28' title='bbox 881 903 1025 967; x_wconf 81' lang='lat' dir='ltr'>facessat</span> <span class='ocrx_word' id='word_1_29' title='bbox 1058 903 1238 968; x_wconf 90' lang='lat' dir='ltr'>studiorum</span> <span class='ocrx_word' id='word_1_30' title='bbox 1272 904 1458 969; x_wconf 88' lang='lat' dir='ltr'>liberalium</span> <span class='ocrx_word' id='word_1_31' title='bbox 1491 904 1607 969; x_wconf 80' lang='lat' dir='ltr'>deesse</span> <span class='ocrx_word' id='word_1_32' title='bbox 1635 903 1856 989; x_wconf 90' lang='lat' dir='ltr'>diligentiam,</span> <span class='ocrx_word' id='word_1_33' title='bbox 1890 926 1950 990; x_wconf 92' lang='lat' dir='ltr'>per</span> <span class='ocrx_word' id='word_1_34' title='bbox 1964 904 2002 964; x_wconf 87' lang='lat'>10</span> 
     </span>
     <span class='ocr_line' id='line_1_11' title="bbox 295 1004 1948 1092; baseline 0.002 -23"><span class='ocrx_word' id='word_1_35' title='bbox 295 1025 393 1090; x_wconf 90' lang='lat' dir='ltr'>quam</span> <span class='ocrx_word' id='word_1_36' title='bbox 416 1004 600 1069; x_wconf 85' lang='lat' dir='ltr'>divinarum</span> <span class='ocrx_word' id='word_1_37' title='bbox 621 1004 707 1070; x_wconf 92' lang='lat' dir='ltr'>bona</span> <span class='ocrx_word' id='word_1_38' title='bbox 730 1027 838 1071; x_wconf 89' lang='lat' dir='ltr'>rerum</span> <span class='ocrx_word' id='word_1_39' title='bbox 862 1007 953 1092; x_wconf 89' lang='lat' dir='ltr'>quasi</span> <span class='ocrx_word' id='word_1_40' title='bbox 976 1007 1113 1092; x_wconf 85' lang='lat' dir='ltr'>pretiosi</span> <span class='ocrx_word' id='word_1_41' title='bbox 1135 1007 1265 1072; x_wconf 91' lang='lat' dir='ltr'>monilis</span> <span class='ocrx_word' id='word_1_42' title='bbox 1289 1007 1363 1072; x_wconf 92' lang='lat' dir='ltr'>luce</span> <span class='ocrx_word' id='word_1_43' title='bbox 1388 1007 1615 1089; x_wconf 86' lang='lat' dir='ltr'>sublimentur,</span> <span class='ocrx_word' id='word_1_44' title='bbox 1639 1008 1795 1092; x_wconf 89' lang='lat' dir='ltr'>quianon</span> <span class='ocrx_word' id='word_1_45' title='bbox 1810 1008 1948 1072; x_wconf 90' lang='lat' dir='ltr'>multum</span> 
     </span>
     <span class='ocr_line' id='line_1_12' title="bbox 295 1107 1950 1196; baseline 0.002 -25"><span class='ocrx_word' id='word_1_46' title='bbox 295 1130 315 1171; x_wconf 91' lang='lat' dir='ltr'>a</span> <span class='ocrx_word' id='word_1_47' title='bbox 330 1107 489 1172; x_wconf 86' lang='lat' dir='ltr'>foeditate</span> <span class='ocrx_word' id='word_1_48' title='bbox 513 1108 695 1193; x_wconf 87' lang='lat' dir='ltr'>seiungitur</span> <span class='ocrx_word' id='word_1_49' title='bbox 717 1110 901 1196; x_wconf 87' lang='lat' dir='ltr'>inperfecta</span> <span class='ocrx_word' id='word_1_50' title='bbox 923 1110 1120 1190; x_wconf 83' lang='lat' dir='ltr'>formositas,</span> <span class='ocrx_word' id='word_1_51' title='bbox 1146 1116 1179 1174; x_wconf 89' lang='lat' dir='ltr'>et</span> <span class='ocrx_word' id='word_1_52' title='bbox 1202 1111 1257 1196; x_wconf 92' lang='lat' dir='ltr'>qui</span> <span class='ocrx_word' id='word_1_53' title='bbox 1280 1132 1345 1174; x_wconf 92' lang='lat' dir='ltr'>non</span> <span class='ocrx_word' id='word_1_54' title='bbox 1370 1110 1571 1176; x_wconf 87' lang='lat' dir='ltr'>sufficienter</span> <span class='ocrx_word' id='word_1_55' title='bbox 1594 1131 1787 1196; x_wconf 88' lang='lat' dir='ltr'>magnorum</span> <span class='ocrx_word' id='word_1_56' title='bbox 1809 1109 1950 1176; x_wconf 88' lang='lat' dir='ltr'>tetendit</span> 
     </span>
     <span class='ocr_line' id='line_1_13' title="bbox 295 1206 1999 1301; baseline 0 -26"><span class='ocrx_word' id='word_1_57' title='bbox 295 1210 335 1275; x_wconf 94' lang='lat' dir='ltr'>ad</span> <span class='ocrx_word' id='word_1_58' title='bbox 363 1211 523 1293; x_wconf 88' lang='lat' dir='ltr'>culmina,</span> <span class='ocrx_word' id='word_1_59' title='bbox 553 1213 745 1278; x_wconf 91' lang='lat' dir='ltr'>miserorum</span> <span class='ocrx_word' id='word_1_60' title='bbox 775 1215 887 1278; x_wconf 87' lang='lat' dir='ltr'>infima</span> <span class='ocrx_word' id='word_1_61' title='bbox 909 1214 964 1277; x_wconf 85' lang='lat' dir='ltr'>vix</span> <span class='ocrx_word' id='word_1_62' title='bbox 992 1213 1133 1298; x_wconf 89' lang='lat' dir='ltr'>reliquit.</span> <span class='ocrx_word' id='word_1_63' title='bbox 1178 1206 1262 1279; x_wconf 88' lang='lat' dir='ltr'>istae</span> <span class='ocrx_word' id='word_1_64' title='bbox 1291 1219 1400 1280; x_wconf 88' lang='lat' dir='ltr'>tamen</span> <span class='ocrx_word' id='word_1_65' title='bbox 1424 1235 1502 1301; x_wconf 91' lang='lat' dir='ltr'>prae</span> <span class='ocrx_word' id='word_1_66' title='bbox 1526 1215 1650 1280; x_wconf 85' lang='lat' dir='ltr'>loribus</span> <span class='ocrx_word' id='word_1_67' title='bbox 1674 1214 1767 1301; x_wconf 89' lang='lat' dir='ltr'>quasi</span> <span class='ocrx_word' id='word_1_68' title='bbox 1788 1213 1948 1278; x_wconf 88' lang='lat' dir='ltr'>nutricem</span> <span class='ocrx_word' id='word_1_69' title='bbox 1963 1216 1999 1276; x_wconf 85' lang='lat'>11</span> 
     </span>
     <span class='ocr_line' id='line_1_14' title="bbox 295 1317 1951 1405; baseline 0.001 -27"><span class='ocrx_word' id='word_1_70' title='bbox 295 1320 479 1379; x_wconf 90' lang='lat' dir='ltr'>ceterarum</span> <span class='ocrx_word' id='word_1_71' title='bbox 510 1322 711 1402; x_wconf 88' lang='lat' dir='ltr'>anteponunt</span> <span class='ocrx_word' id='word_1_72' title='bbox 739 1319 1000 1401; x_wconf 87' lang='lat' dir='ltr'>grammaticam,</span> <span class='ocrx_word' id='word_1_73' title='bbox 1041 1338 1125 1403; x_wconf 89' lang='lat' dir='ltr'>quae</span> <span class='ocrx_word' id='word_1_74' title='bbox 1156 1317 1418 1383; x_wconf 88' lang='lat' dir='ltr'>adulescentium</span> <span class='ocrx_word' id='word_1_75' title='bbox 1448 1325 1577 1384; x_wconf 90' lang='lat' dir='ltr'>mentes</span> <span class='ocrx_word' id='word_1_76' title='bbox 1608 1339 1726 1405; x_wconf 88' lang='lat' dir='ltr'>sapore</span> <span class='ocrx_word' id='word_1_77' title='bbox 1755 1317 1889 1384; x_wconf 86' lang='lat' dir='ltr'>artificis</span> <span class='ocrx_word' id='word_1_78' title='bbox 1916 1322 1951 1381; x_wconf 89' lang='lat' dir='ltr'>et</span> 
     </span>
     <span class='ocr_line' id='line_1_15' title="bbox 294 1417 1950 1508; baseline 0.001 -26"><span class='ocrx_word' id='word_1_79' title='bbox 294 1419 413 1504; x_wconf 89' lang='lat' dir='ltr'>planae</span> <span class='ocrx_word' id='word_1_80' title='bbox 451 1419 643 1484; x_wconf 82' lang='lat' dir='ltr'>elocutionis</span> <span class='ocrx_word' id='word_1_81' title='bbox 683 1421 809 1486; x_wconf 87' lang='lat' dir='ltr'>inliciat</span> <span class='ocrx_word' id='word_1_82' title='bbox 843 1428 877 1486; x_wconf 90' lang='lat' dir='ltr'>et</span> <span class='ocrx_word' id='word_1_83' title='bbox 910 1421 952 1485; x_wconf 88' lang='lat' dir='ltr'>ad</span> <span class='ocrx_word' id='word_1_84' title='bbox 986 1420 1174 1486; x_wconf 88' lang='lat' dir='ltr'>Tullianum</span> <span class='ocrx_word' id='word_1_85' title='bbox 1214 1421 1355 1486; x_wconf 91' lang='lat' dir='ltr'>calorem</span> <span class='ocrx_word' id='word_1_86' title='bbox 1391 1422 1539 1487; x_wconf 84' lang='lat' dir='ltr'>scintillis</span> <span class='ocrx_word' id='word_1_87' title='bbox 1573 1422 1785 1508; x_wconf 88' lang='lat' dir='ltr'>praefigurati</span> <span class='ocrx_word' id='word_1_88' title='bbox 1817 1417 1950 1506; x_wconf 88' lang='lat' dir='ltr'>vaporis</span> 
     </span>
     <span class='ocr_line' id='line_1_16' title="bbox 293 1519 1950 1612; baseline 0.002 -27"><span class='ocrx_word' id='word_1_89' title='bbox 293 1519 444 1588; x_wconf 89' lang='lat' dir='ltr'>adducat.</span> <span class='ocrx_word' id='word_1_90' title='bbox 494 1522 688 1587; x_wconf 84' lang='lat' dir='ltr'>fabricatum</span> <span class='ocrx_word' id='word_1_91' title='bbox 715 1524 855 1589; x_wconf 85' lang='lat' dir='ltr'>Martius</span> <span class='ocrx_word' id='word_1_92' title='bbox 888 1545 1023 1610; x_wconf 89' lang='lat' dir='ltr'>campus</span> <span class='ocrx_word' id='word_1_93' title='bbox 1057 1525 1195 1590; x_wconf 87' lang='lat' dir='ltr'>militem</span> <span class='ocrx_word' id='word_1_94' title='bbox 1230 1525 1380 1611; x_wconf 87' lang='lat' dir='ltr'>suscipit,</span> <span class='ocrx_word' id='word_1_95' title='bbox 1415 1548 1513 1612; x_wconf 91' lang='lat' dir='ltr'>quem</span> <span class='ocrx_word' id='word_1_96' title='bbox 1548 1527 1759 1591; x_wconf 82' lang='lat' dir='ltr'>simulacrum</span> <span class='ocrx_word' id='word_1_97' title='bbox 1791 1524 1950 1589; x_wconf 88' lang='lat' dir='ltr'>mentitae</span> 
     </span>
     <span class='ocr_line' id='line_1_17' title="bbox 293 1625 1950 1717; baseline 0.001 -28"><span class='ocrx_word' id='word_1_98' title='bbox 293 1625 512 1691; x_wconf 85' lang='lat' dir='ltr'>dimicationis</span> <span class='ocrx_word' id='word_1_99' title='bbox 546 1627 718 1709; x_wconf 83' lang='lat' dir='ltr'>animavit,</span> <span class='ocrx_word' id='word_1_100' title='bbox 753 1651 814 1695; x_wconf 92' lang='lat' dir='ltr'>nec</span> <span class='ocrx_word' id='word_1_101' title='bbox 848 1630 968 1716; x_wconf 91' lang='lat' dir='ltr'>pedem</span> <span class='ocrx_word' id='word_1_102' title='bbox 1000 1637 1168 1717; x_wconf 89' lang='lat' dir='ltr'>retorquet</span> <span class='ocrx_word' id='word_1_103' title='bbox 1198 1652 1218 1694; x_wconf 92' lang='lat' dir='ltr'>a</span> <span class='ocrx_word' id='word_1_104' title='bbox 1247 1632 1410 1710; x_wconf 89' lang='lat' dir='ltr'>classicis,</span> <span class='ocrx_word' id='word_1_105' title='bbox 1445 1630 1496 1694; x_wconf 91' lang='lat' dir='ltr'>cui</span> <span class='ocrx_word' id='word_1_106' title='bbox 1527 1629 1719 1698; x_wconf 88' lang='lat' dir='ltr'>bucinarum</span> <span class='ocrx_word' id='word_1_107' title='bbox 1751 1629 1888 1713; x_wconf 88' lang='lat' dir='ltr'>clangor</span> <span class='ocrx_word' id='word_1_108' title='bbox 1916 1630 1950 1691; x_wconf 88' lang='lat' dir='ltr'>et</span> 
     </span>
     <span class='ocr_line' id='line_1_18' title="bbox 293 1730 2004 1820; baseline -0.001 -27"><span class='ocrx_word' id='word_1_109' title='bbox 293 1730 474 1794; x_wconf 89' lang='lat' dir='ltr'>ministeria</span> <span class='ocrx_word' id='word_1_110' title='bbox 495 1731 575 1795; x_wconf 92' lang='lat' dir='ltr'>belli</span> <span class='ocrx_word' id='word_1_111' title='bbox 599 1732 685 1795; x_wconf 90' lang='lat' dir='ltr'>inter</span> <span class='ocrx_word' id='word_1_112' title='bbox 706 1734 798 1817; x_wconf 87' lang='lat' dir='ltr'>pacis</span> <span class='ocrx_word' id='word_1_113' title='bbox 821 1733 1047 1799; x_wconf 85' lang='lat' dir='ltr'>blandimenta</span> <span class='ocrx_word' id='word_1_114' title='bbox 1070 1743 1276 1820; x_wconf 89' lang='lat' dir='ltr'>crepuerunt.</span> <span class='ocrx_word' id='word_1_115' title='bbox 1314 1757 1374 1798; x_wconf 91' lang='lat' dir='ltr'>usu</span> <span class='ocrx_word' id='word_1_116' title='bbox 1398 1735 1484 1799; x_wconf 92' lang='lat' dir='ltr'>enim</span> <span class='ocrx_word' id='word_1_117' title='bbox 1502 1734 1603 1798; x_wconf 90' lang='lat' dir='ltr'>virtus</span> <span class='ocrx_word' id='word_1_118' title='bbox 1619 1733 1741 1799; x_wconf 89' lang='lat' dir='ltr'>nutrita</span> <span class='ocrx_word' id='word_1_119' title='bbox 1763 1730 1951 1816; x_wconf 83' lang='lat' dir='ltr'>grandescit</span> <span class='ocrx_word' id='word_1_120' title='bbox 1965 1731 2004 1792; x_wconf 82' lang='lat'>12</span> 
     </span>
     <span class='ocr_line' id='line_1_19' title="bbox 294 1831 1951 1924; baseline 0 -27"><span class='ocrx_word' id='word_1_121' title='bbox 294 1839 327 1898; x_wconf 91' lang='lat' dir='ltr'>et</span> <span class='ocrx_word' id='word_1_122' title='bbox 349 1831 390 1896; x_wconf 90' lang='lat' dir='ltr'>de</span> <span class='ocrx_word' id='word_1_123' title='bbox 414 1833 619 1898; x_wconf 89' lang='lat' dir='ltr'>institutione</span> <span class='ocrx_word' id='word_1_124' title='bbox 648 1837 794 1901; x_wconf 90' lang='lat' dir='ltr'>nascitur</span> <span class='ocrx_word' id='word_1_125' title='bbox 815 1839 1035 1924; x_wconf 88' lang='lat' dir='ltr'>periculorum</span> <span class='ocrx_word' id='word_1_126' title='bbox 1059 1833 1244 1904; x_wconf 89' lang='lat' dir='ltr'>tolerantia.</span> <span class='ocrx_word' id='word_1_127' title='bbox 1291 1839 1507 1903; x_wconf 89' lang='lat' dir='ltr'>consummati</span> <span class='ocrx_word' id='word_1_128' title='bbox 1530 1837 1656 1903; x_wconf 88' lang='lat' dir='ltr'>roboris</span> <span class='ocrx_word' id='word_1_129' title='bbox 1678 1836 1766 1900; x_wconf 88' lang='lat' dir='ltr'>viros</span> <span class='ocrx_word' id='word_1_130' title='bbox 1790 1833 1951 1921; x_wconf 90' lang='lat' dir='ltr'>principia</span> 
     </span>
     <span class='ocr_line' id='line_1_20' title="bbox 295 1935 1950 2027; baseline 0 -27"><span class='ocrx_word' id='word_1_131' title='bbox 295 1935 446 2001; x_wconf 82' lang='lat' dir='ltr'>viderunt</span> <span class='ocrx_word' id='word_1_132' title='bbox 469 1938 634 2003; x_wconf 89' lang='lat' dir='ltr'>timentes.</span> <span class='ocrx_word' id='word_1_133' title='bbox 679 1939 765 2005; x_wconf 90' lang='lat' dir='ltr'>bene</span> <span class='ocrx_word' id='word_1_134' title='bbox 790 1947 853 2021; x_wconf 88' lang='lat' dir='ltr'>est,</span> <span class='ocrx_word' id='word_1_135' title='bbox 885 1941 913 2004; x_wconf 92' lang='lat' dir='ltr'>si</span> <span class='ocrx_word' id='word_1_136' title='bbox 936 1942 1103 2007; x_wconf 88' lang='lat' dir='ltr'>rhetorum</span> <span class='ocrx_word' id='word_1_137' title='bbox 1127 1941 1267 2007; x_wconf 85' lang='lat' dir='ltr'>dextera</span> <span class='ocrx_word' id='word_1_138' title='bbox 1289 1948 1323 2007; x_wconf 88' lang='lat' dir='ltr'>et</span> <span class='ocrx_word' id='word_1_139' title='bbox 1345 1943 1482 2008; x_wconf 89' lang='lat' dir='ltr'>libertas</span> <span class='ocrx_word' id='word_1_140' title='bbox 1506 1943 1564 2006; x_wconf 92' lang='lat' dir='ltr'>illa</span> <span class='ocrx_word' id='word_1_141' title='bbox 1586 1942 1769 2027; x_wconf 89' lang='lat' dir='ltr'>linguarum</span> <span class='ocrx_word' id='word_1_142' title='bbox 1792 1938 1950 2003; x_wconf 86' lang='lat' dir='ltr'>formatos</span> 
     </span>
     <span class='ocr_line' id='line_1_21' title="bbox 293 2041 1948 2131; baseline 0.002 -28"><span class='ocrx_word' id='word_1_143' title='bbox 293 2041 581 2125; x_wconf 87' lang='lat' dir='ltr'>grammaticorum</span> <span class='ocrx_word' id='word_1_144' title='bbox 602 2043 737 2109; x_wconf 83' lang='lat' dir='ltr'>fornace</span> <span class='ocrx_word' id='word_1_145' title='bbox 761 2066 859 2110; x_wconf 90' lang='lat' dir='ltr'>enses</span> <span class='ocrx_word' id='word_1_146' title='bbox 883 2046 1033 2131; x_wconf 87' lang='lat' dir='ltr'>accipiat,</span> <span class='ocrx_word' id='word_1_147' title='bbox 1057 2046 1112 2130; x_wconf 90' lang='lat' dir='ltr'>qui</span> <span class='ocrx_word' id='word_1_148' title='bbox 1135 2067 1176 2112; x_wconf 89' lang='lat' dir='ltr'>ne</span> <span class='ocrx_word' id='word_1_149' title='bbox 1199 2046 1384 2111; x_wconf 88' lang='lat' dir='ltr'>manifestis</span> <span class='ocrx_word' id='word_1_150' title='bbox 1408 2045 1528 2110; x_wconf 89' lang='lat' dir='ltr'>cedant</span> <span class='ocrx_word' id='word_1_151' title='bbox 1543 2044 1675 2124; x_wconf 85' lang='lat' dir='ltr'>ictibus,</span> <span class='ocrx_word' id='word_1_152' title='bbox 1698 2043 1853 2128; x_wconf 80' lang='lat' dir='ltr'>frequens</span> <span class='ocrx_word' id='word_1_153' title='bbox 1870 2061 1948 2106; x_wconf 89' lang='lat' dir='ltr'>cou-</span> 
     </span>
     <span class='ocr_line' id='line_1_22' title="bbox 293 2142 2003 2236; baseline 0.001 -29"><span class='ocrx_word' id='word_1_154' title='bbox 293 2144 368 2207; x_wconf 90' lang='lat' dir='ltr'>tulit</span> <span class='ocrx_word' id='word_1_155' title='bbox 391 2144 499 2230; x_wconf 89' lang='lat' dir='ltr'>imago</span> <span class='ocrx_word' id='word_1_156' title='bbox 523 2145 671 2211; x_wconf 82' lang='lat' dir='ltr'>feriendi.</span> <span class='ocrx_word' id='word_1_157' title='bbox 716 2147 749 2212; x_wconf 93' lang='lat' dir='ltr'>in</span> <span class='ocrx_word' id='word_1_158' title='bbox 773 2148 834 2212; x_wconf 92' lang='lat' dir='ltr'>hac</span> <span class='ocrx_word' id='word_1_159' title='bbox 857 2150 1009 2214; x_wconf 90' lang='lat' dir='ltr'>cautione</span> <span class='ocrx_word' id='word_1_160' title='bbox 1033 2170 1115 2236; x_wconf 89' lang='lat' dir='ltr'>opus</span> <span class='ocrx_word' id='word_1_161' title='bbox 1138 2160 1203 2230; x_wconf 89' lang='lat' dir='ltr'>est,</span> <span class='ocrx_word' id='word_1_162' title='bbox 1233 2157 1269 2214; x_wconf 92' lang='lat' dir='ltr'>ut</span> <span class='ocrx_word' id='word_1_163' title='bbox 1292 2170 1392 2236; x_wconf 89' lang='lat' dir='ltr'>supra</span> <span class='ocrx_word' id='word_1_164' title='bbox 1415 2149 1534 2214; x_wconf 86' lang='lat' dir='ltr'>aetatis</span> <span class='ocrx_word' id='word_1_165' title='bbox 1558 2149 1741 2212; x_wconf 87' lang='lat' dir='ltr'>inmaturae</span> <span class='ocrx_word' id='word_1_166' title='bbox 1764 2145 1948 2211; x_wconf 86' lang='lat' dir='ltr'>naturalem</span> <span class='ocrx_word' id='word_1_167' title='bbox 1963 2142 2003 2206; x_wconf 87' lang='grc'>13</span> 
     </span>
     <span class='ocr_line' id='line_1_23' title="bbox 292 2247 1946 2339; baseline -0.001 -27"><span class='ocrx_word' id='word_1_168' title='bbox 292 2268 399 2333; x_wconf 89' lang='lat' dir='ltr'>paene</span> <span class='ocrx_word' id='word_1_169' title='bbox 423 2248 588 2314; x_wconf 85' lang='lat' dir='ltr'>licentiam</span> <span class='ocrx_word' id='word_1_170' title='bbox 611 2252 689 2316; x_wconf 87' lang='lat' dir='ltr'>artis</span> <span class='ocrx_word' id='word_1_171' title='bbox 714 2260 842 2318; x_wconf 87' lang='lat' dir='ltr'>crescat</span> <span class='ocrx_word' id='word_1_172' title='bbox 864 2253 996 2318; x_wconf 83' lang='lat' dir='ltr'>affectio</span> <span class='ocrx_word' id='word_1_173' title='bbox 1021 2251 1118 2318; x_wconf 92' lang='lat' dir='ltr'>etde</span> <span class='ocrx_word' id='word_1_174' title='bbox 1142 2253 1298 2318; x_wconf 86' lang='lat' dir='ltr'>continua</span> <span class='ocrx_word' id='word_1_175' title='bbox 1320 2274 1380 2339; x_wconf 90' lang='lat' dir='ltr'>per</span> <span class='ocrx_word' id='word_1_176' title='bbox 1402 2251 1593 2337; x_wconf 81' lang='lat' dir='ltr'>pedagogos</span> <span class='ocrx_word' id='word_1_177' title='bbox 1617 2256 1650 2315; x_wconf 92' lang='lat' dir='ltr'>et</span> <span class='ocrx_word' id='word_1_178' title='bbox 1666 2249 1788 2314; x_wconf 87' lang='lat' dir='ltr'>indicta</span> <span class='ocrx_word' id='word_1_179' title='bbox 1803 2247 1946 2312; x_wconf 90' lang='lat' dir='ltr'>necessi-</span> 
     </span>
     <span class='ocr_line' id='line_1_24' title="bbox 293 2352 1948 2443; baseline 0.001 -28"><span class='ocrx_word' id='word_1_180' title='bbox 293 2357 361 2416; x_wconf 89' lang='lat' dir='ltr'>tate</span> <span class='ocrx_word' id='word_1_181' title='bbox 392 2352 471 2417; x_wconf 89' lang='lat' dir='ltr'>clari</span> <span class='ocrx_word' id='word_1_182' title='bbox 502 2354 610 2439; x_wconf 91' lang='lat' dir='ltr'>operis</span> <span class='ocrx_word' id='word_1_183' title='bbox 640 2362 822 2441; x_wconf 87' lang='lat' dir='ltr'>spontanea</span> <span class='ocrx_word' id='word_1_184' title='bbox 851 2378 929 2421; x_wconf 92' lang='lat' dir='ltr'>cura</span> <span class='ocrx_word' id='word_1_185' title='bbox 956 2357 1113 2443; x_wconf 90' lang='lat' dir='ltr'>prosiliat.</span> <span class='ocrx_word' id='word_1_186' title='bbox 1158 2356 1302 2421; x_wconf 88' lang='lat' dir='ltr'>ostendit</span> <span class='ocrx_word' id='word_1_187' title='bbox 1332 2363 1443 2421; x_wconf 92' lang='lat' dir='ltr'>tamen</span> <span class='ocrx_word' id='word_1_188' title='bbox 1472 2354 1513 2418; x_wconf 92' lang='lat' dir='ltr'>ad</span> <span class='ocrx_word' id='word_1_189' title='bbox 1544 2355 1665 2419; x_wconf 92' lang='lat' dir='ltr'>bonam</span> <span class='ocrx_word' id='word_1_190' title='bbox 1688 2374 1724 2418; x_wconf 89' lang='lat' dir='ltr'>se</span> <span class='ocrx_word' id='word_1_191' title='bbox 1748 2353 1948 2417; x_wconf 83' lang='lat' dir='ltr'>voluntatem</span> 
     </span>
     <span class='ocr_line' id='line_1_25' title="bbox 294 2453 1948 2547; baseline 0 -28"><span class='ocrx_word' id='word_1_192' title='bbox 294 2453 431 2521; x_wconf 89' lang='lat' dir='ltr'>tendere</span> <span class='ocrx_word' id='word_1_193' title='bbox 461 2459 516 2543; x_wconf 90' lang='lat' dir='ltr'>qui</span> <span class='ocrx_word' id='word_1_194' title='bbox 543 2465 580 2524; x_wconf 91' lang='lat' dir='ltr'>ut</span> <span class='ocrx_word' id='word_1_195' title='bbox 602 2466 739 2545; x_wconf 91' lang='lat' dir='ltr'>cogatur</span> <span class='ocrx_word' id='word_1_196' title='bbox 762 2459 954 2547; x_wconf 89' lang='lat' dir='ltr'>adquiescit.</span> <span class='ocrx_word' id='word_1_197' title='bbox 1001 2461 1066 2524; x_wconf 90' lang='lat' dir='ltr'>iam</span> <span class='ocrx_word' id='word_1_198' title='bbox 1087 2481 1172 2545; x_wconf 89' lang='lat' dir='ltr'>pene</span> <span class='ocrx_word' id='word_1_199' title='bbox 1197 2460 1231 2524; x_wconf 94' lang='lat' dir='ltr'>in</span> <span class='ocrx_word' id='word_1_200' title='bbox 1255 2458 1363 2525; x_wconf 93' lang='lat' dir='ltr'>studio</span> <span class='ocrx_word' id='word_1_201' title='bbox 1387 2459 1487 2524; x_wconf 89' lang='lat' dir='ltr'>habet</span> <span class='ocrx_word' id='word_1_202' title='bbox 1509 2458 1733 2536; x_wconf 85' lang='lat' dir='ltr'>honestatem,</span> <span class='ocrx_word' id='word_1_203' title='bbox 1765 2474 1862 2540; x_wconf 91' lang='lat' dir='ltr'>quem</span> <span class='ocrx_word' id='word_1_204' title='bbox 1884 2476 1948 2520; x_wconf 94' lang='lat' dir='ltr'>non</span> 
     </span>
     <span class='ocr_line' id='line_1_26' title="bbox 293 2560 1576 2648; baseline 0.001 -23"><span class='ocrx_word' id='word_1_205' title='bbox 293 2560 429 2626; x_wconf 83' lang='lat' dir='ltr'>offendit</span> <span class='ocrx_word' id='word_1_206' title='bbox 452 2561 636 2627; x_wconf 89' lang='lat' dir='ltr'>sollicitudo</span> <span class='ocrx_word' id='word_1_207' title='bbox 659 2565 839 2630; x_wconf 87' lang='lat' dir='ltr'>monitoris.</span> <span class='ocrx_word' id='word_1_208' title='bbox 883 2571 994 2629; x_wconf 90' lang='lat' dir='ltr'>tamen</span> <span class='ocrx_word' id='word_1_209' title='bbox 1018 2563 1237 2629; x_wconf 89' lang='lat' dir='ltr'>sectatoribus</span> <span class='ocrx_word' id='word_1_210' title='bbox 1262 2564 1326 2629; x_wconf 91' lang='lat' dir='ltr'>ista</span> <span class='ocrx_word' id='word_1_211' title='bbox 1349 2563 1397 2628; x_wconf 92' lang='lat' dir='ltr'>sic</span> <span class='ocrx_word' id='word_1_212' title='bbox 1419 2563 1576 2648; x_wconf 90' lang='lat' dir='ltr'>loquitur:</span> 
     </span>
    </p>
   </div>
   <div class='ocr_carea' id='block_1_8' title="bbox 962 2732 1278 2800">
    <p class='ocr_par' dir='ltr' id='par_1_10' title="bbox 962 2732 1278 2800">
     <span class='ocr_line' id='line_1_27' title="bbox 962 2732 1278 2800; baseline -0.003 -1"><span class='ocrx_word' id='word_1_213' title='bbox 962 2732 1278 2800; x_wconf 82' lang='lat' dir='ltr'><strong>GRAMMATIOA.</strong></span> 
     </span>
    </p>
   </div>
   <div class='ocr_carea' id='block_1_9' title="bbox 616 2856 1648 3881">
    <p class='ocr_par' dir='ltr' id='par_1_11' title="bbox 616 2856 1648 3361">
     <span class='ocr_line' id='line_1_28' title="bbox 617 2856 1534 2944; baseline -0.002 -22"><span class='ocrx_word' id='word_1_214' title='bbox 617 2858 783 2923; x_wconf 81' lang='lat' dir='ltr'>Mentibus</span> <span class='ocrx_word' id='word_1_215' title='bbox 807 2856 922 2922; x_wconf 91' lang='lat' dir='ltr'>damus</span> <span class='ocrx_word' id='word_1_216' title='bbox 946 2873 1109 2944; x_wconf 87' lang='lat' dir='ltr'>saporem,</span> <span class='ocrx_word' id='word_1_217' title='bbox 1133 2856 1210 2921; x_wconf 92' lang='lat' dir='ltr'>dum</span> <span class='ocrx_word' id='word_1_218' title='bbox 1232 2857 1371 2943; x_wconf 90' lang='lat' dir='ltr'>polimus</span> <span class='ocrx_word' id='word_1_219' title='bbox 1394 2856 1534 2922; x_wconf 88' lang='lat' dir='ltr'>iabulas.</span> 
     </span>
     <span class='ocr_line' id='line_1_29' title="bbox 618 2961 1566 3047; baseline -0.003 -21"><span class='ocrx_word' id='word_1_220' title='bbox 618 2961 764 3026; x_wconf 90' lang='lat' dir='ltr'>Iudicem</span> <span class='ocrx_word' id='word_1_221' title='bbox 787 2969 938 3027; x_wconf 88' lang='lat' dir='ltr'>tenemus</span> <span class='ocrx_word' id='word_1_222' title='bbox 961 2982 1112 3047; x_wconf 87' lang='lat' dir='ltr'>acquum,</span> <span class='ocrx_word' id='word_1_223' title='bbox 1137 2962 1165 3025; x_wconf 92' lang='lat' dir='ltr'>si</span> <span class='ocrx_word' id='word_1_224' title='bbox 1189 2961 1266 3047; x_wconf 92' lang='lat' dir='ltr'>quid</span> <span class='ocrx_word' id='word_1_225' title='bbox 1290 2966 1378 3025; x_wconf 91' lang='lat' dir='ltr'>errat</span> <span class='ocrx_word' id='word_1_226' title='bbox 1400 2961 1566 3046; x_wconf 82' lang='lat' dir='ltr'>parvulus.</span> 
     </span>
     <span class='ocr_line' id='line_1_30' title="bbox 616 3064 1511 3152; baseline -0.001 -23"><span class='ocrx_word' id='word_1_227' title='bbox 616 3064 798 3132; x_wconf 87' lang='lat' dir='ltr'>Abstinens</span> <span class='ocrx_word' id='word_1_228' title='bbox 822 3087 921 3130; x_wconf 91' lang='lat' dir='ltr'>manu</span> <span class='ocrx_word' id='word_1_229' title='bbox 943 3065 1102 3152; x_wconf 89' lang='lat' dir='ltr'>pudorem</span> <span class='ocrx_word' id='word_1_230' title='bbox 1126 3086 1205 3130; x_wconf 88' lang='lat' dir='ltr'>aure</span> <span class='ocrx_word' id='word_1_231' title='bbox 1229 3073 1262 3129; x_wconf 91' lang='lat' dir='ltr'>et</span> <span class='ocrx_word' id='word_1_232' title='bbox 1286 3086 1342 3130; x_wconf 91' lang='lat' dir='ltr'>ore</span> <span class='ocrx_word' id='word_1_233' title='bbox 1366 3064 1511 3129; x_wconf 79' lang='lat' dir='ltr'>verbero.</span> 
     </span>
     <span class='ocr_line' id='line_1_31' title="bbox 618 3167 1648 3257; baseline -0.004 -22"><span class='ocrx_word' id='word_1_234' title='bbox 618 3169 778 3255; x_wconf 87' lang='lat' dir='ltr'>Quicquid</span> <span class='ocrx_word' id='word_1_235' title='bbox 802 3193 856 3240; x_wconf 89' lang='lat' dir='ltr'>ars</span> <span class='ocrx_word' id='word_1_236' title='bbox 879 3170 981 3237; x_wconf 87' lang='lat' dir='ltr'>habet</span> <span class='ocrx_word' id='word_1_237' title='bbox 1004 3169 1199 3257; x_wconf 87' lang='lat' dir='ltr'>pavendum,</span> <span class='ocrx_word' id='word_1_238' title='bbox 1224 3191 1276 3234; x_wconf 88' lang='lat' dir='ltr'>ars</span> <span class='ocrx_word' id='word_1_239' title='bbox 1300 3167 1453 3255; x_wconf 91' lang='lat' dir='ltr'>loquendi</span> <span class='ocrx_word' id='word_1_240' title='bbox 1474 3173 1648 3253; x_wconf 86' lang='lat' dir='ltr'>temperat,</span> 
     </span>
     <span class='ocr_line' id='line_1_32' title="bbox 617 3273 1466 3361; baseline -0.004 -22"><span class='ocrx_word' id='word_1_241' title='bbox 617 3274 700 3339; x_wconf 83' lang='lat' dir='ltr'>Oum</span> <span class='ocrx_word' id='word_1_242' title='bbox 724 3275 851 3361; x_wconf 89' lang='lat' dir='ltr'>pusillis</span> <span class='ocrx_word' id='word_1_243' title='bbox 875 3282 909 3341; x_wconf 87' lang='lat' dir='ltr'>et</span> <span class='ocrx_word' id='word_1_244' title='bbox 931 3276 1077 3340; x_wconf 89' lang='lat' dir='ltr'>iocamur</span> <span class='ocrx_word' id='word_1_245' title='bbox 1098 3276 1185 3340; x_wconf 89' lang='lat' dir='ltr'>inter</span> <span class='ocrx_word' id='word_1_246' title='bbox 1208 3275 1281 3361; x_wconf 92' lang='lat' dir='ltr'>ipsa</span> <span class='ocrx_word' id='word_1_247' title='bbox 1303 3273 1466 3358; x_wconf 88' lang='lat' dir='ltr'>dogmata.</span> 
     </span>
    </p>

    <p class='ocr_par' dir='ltr' id='par_1_12' title="bbox 616 3377 1542 3464">
     <span class='ocr_line' id='line_1_33' title="bbox 616 3377 1542 3464; baseline -0.001 -23"><span class='ocrx_word' id='word_1_248' title='bbox 616 3377 701 3442; x_wconf 88' lang='lat' dir='ltr'>Nam</span> <span class='ocrx_word' id='word_1_249' title='bbox 724 3378 817 3443; x_wconf 88' lang='lat' dir='ltr'>iubet</span> <span class='ocrx_word' id='word_1_250' title='bbox 839 3379 927 3464; x_wconf 91' lang='lat' dir='ltr'>rigor</span> <span class='ocrx_word' id='word_1_251' title='bbox 950 3380 1119 3464; x_wconf 90' lang='lat' dir='ltr'>magister,</span> <span class='ocrx_word' id='word_1_252' title='bbox 1142 3399 1184 3444; x_wconf 90' lang='lat' dir='ltr'>ne</span> <span class='ocrx_word' id='word_1_253' title='bbox 1206 3398 1265 3463; x_wconf 89' lang='lat' dir='ltr'>per</span> <span class='ocrx_word' id='word_1_254' title='bbox 1287 3396 1383 3441; x_wconf 92' lang='lat' dir='ltr'>omne</span> <span class='ocrx_word' id='word_1_255' title='bbox 1406 3381 1542 3440; x_wconf 90' lang='lat' dir='ltr'>terreas.</span> 
     </span>
    </p>

    <p class='ocr_par' dir='ltr' id='par_1_13' title="bbox 618 3481 1467 3569">
     <span class='ocr_line' id='line_1_34' title="bbox 618 3481 1467 3569; baseline -0.006 -21"><span class='ocrx_word' id='word_1_256' title='bbox 618 3482 687 3548; x_wconf 86' lang='lat' dir='ltr'>Nos</span> <span class='ocrx_word' id='word_1_257' title='bbox 710 3489 863 3569; x_wconf 87' lang='lat' dir='ltr'>parentes</span> <span class='ocrx_word' id='word_1_258' title='bbox 886 3482 969 3548; x_wconf 87' lang='lat' dir='ltr'>dixit</span> <span class='ocrx_word' id='word_1_259' title='bbox 992 3489 1086 3547; x_wconf 88' lang='lat' dir='ltr'>aetas</span> <span class='ocrx_word' id='word_1_260' title='bbox 1108 3481 1166 3546; x_wconf 91' lang='lat' dir='ltr'>illa</span> <span class='ocrx_word' id='word_1_261' title='bbox 1187 3481 1293 3545; x_wconf 90' lang='lat' dir='ltr'>maior</span> <span class='ocrx_word' id='word_1_262' title='bbox 1315 3482 1467 3565; x_wconf 91' lang='lat' dir='ltr'>optimos,</span> 
     </span>
    </p>

    <p class='ocr_par' dir='ltr' id='par_1_14' title="bbox 619 3585 1488 3672">
     <span class='ocr_line' id='line_1_35' title="bbox 619 3585 1488 3672; baseline -0.002 -21"><span class='ocrx_word' id='word_1_263' title='bbox 619 3586 714 3661; x_wconf 84' lang='lat' dir='ltr'>Quod</span> <span class='ocrx_word' id='word_1_264' title='bbox 738 3587 849 3652; x_wconf 78' lang='lat' dir='ltr'>lavore</span> <span class='ocrx_word' id='word_1_265' title='bbox 873 3593 1089 3672; x_wconf 85' lang='lat' dir='ltr'>conputamus</span> <span class='ocrx_word' id='word_1_266' title='bbox 1114 3606 1189 3650; x_wconf 90' lang='lat' dir='ltr'>esse</span> <span class='ocrx_word' id='word_1_267' title='bbox 1214 3591 1327 3649; x_wconf 88' lang='lat' dir='ltr'>nostra</span> <span class='ocrx_word' id='word_1_268' title='bbox 1348 3585 1488 3670; x_wconf 91' lang='lat' dir='ltr'>pignora</span> 
     </span>
    </p>

    <p class='ocr_par' dir='ltr' id='par_1_15' title="bbox 618 3688 1505 3768">
     <span class='ocr_line' id='line_1_36' title="bbox 618 3688 1505 3768; baseline -0.005 -12"><span class='ocrx_word' id='word_1_269' title='bbox 618 3691 713 3765; x_wconf 81' lang='lat' dir='ltr'>Quae</span> <span class='ocrx_word' id='word_1_270' title='bbox 736 3691 827 3757; x_wconf 93' lang='lat' dir='ltr'>dedit</span> <span class='ocrx_word' id='word_1_271' title='bbox 848 3696 965 3756; x_wconf 87' lang='lat' dir='ltr'>venter</span> <span class='ocrx_word' id='word_1_272' title='bbox 987 3697 1175 3755; x_wconf 91' lang='lat' dir='ltr'>tumescens</span> <span class='ocrx_word' id='word_1_273' title='bbox 1199 3688 1337 3754; x_wconf 90' lang='lat' dir='ltr'>litterati</span> <span class='ocrx_word' id='word_1_274' title='bbox 1361 3688 1505 3768; x_wconf 84' lang='lat' dir='ltr'>seminis,</span> 
     </span>
    </p>

    <p class='ocr_par' dir='ltr' id='par_1_16' title="bbox 616 3791 1396 3881">
     <span class='ocr_line' id='line_1_37' title="bbox 616 3791 1396 3881; baseline -0.003 -22"><span class='ocrx_word' id='word_1_275' title='bbox 616 3795 688 3860; x_wconf 89' lang='lat' dir='ltr'>Nec</span> <span class='ocrx_word' id='word_1_276' title='bbox 710 3795 811 3861; x_wconf 94' lang='lat' dir='ltr'>libido</span> <span class='ocrx_word' id='word_1_277' title='bbox 835 3795 1023 3881; x_wconf 82' lang='lat' dir='ltr'>subiugavit</span> <span class='ocrx_word' id='word_1_278' title='bbox 1046 3794 1117 3858; x_wconf 91' lang='lat' dir='ltr'>iura</span> <span class='ocrx_word' id='word_1_279' title='bbox 1140 3793 1219 3858; x_wconf 90' lang='lat' dir='ltr'>clari</span> <span class='ocrx_word' id='word_1_280' title='bbox 1241 3791 1396 3878; x_wconf 88' lang='lat' dir='ltr'>pectoris.</span> 
     </span>
    </p>
   </div>
   <div class='ocr_carea' id='block_1_10' title="bbox 294 3928 2004 4642">
    <p class='ocr_par' dir='ltr' id='par_1_17' title="bbox 294 3928 2004 4642">
     <span class='ocr_line' id='line_1_38' title="bbox 401 3928 2004 4018; baseline -0.001 -20"><span class='ocrx_word' id='word_1_281' title='bbox 401 3934 475 3998; x_wconf 89' lang='lat' dir='ltr'>Hac</span> <span class='ocrx_word' id='word_1_282' title='bbox 490 3955 549 3998; x_wconf 87' lang='lat' dir='ltr'>vos</span> <span class='ocrx_word' id='word_1_283' title='bbox 573 3932 797 4018; x_wconf 88' lang='lat' dir='ltr'>digredientes</span> <span class='ocrx_word' id='word_1_284' title='bbox 821 3933 885 3998; x_wconf 87' lang='lat' dir='ltr'>ianr</span> <span class='ocrx_word' id='word_1_285' title='bbox 908 3932 1075 3997; x_wconf 88' lang='lat' dir='ltr'>institutos</span> <span class='ocrx_word' id='word_1_286' title='bbox 1098 3931 1269 3997; x_wconf 90' lang='lat' dir='ltr'>rhetoricis</span> <span class='ocrx_word' id='word_1_287' title='bbox 1292 3930 1381 3994; x_wconf 90' lang='lat' dir='ltr'>lituis</span> <span class='ocrx_word' id='word_1_288' title='bbox 1404 3935 1522 3995; x_wconf 82' lang='lat' dir='ltr'>evocat</span> <span class='ocrx_word' id='word_1_289' title='bbox 1538 3928 1669 3993; x_wconf 76' lang='lat' dir='ltr'>Mavors</span> <span class='ocrx_word' id='word_1_290' title='bbox 1685 3928 1893 4013; x_wconf 86' lang='lat' dir='ltr'>eloquentiae</span> <span class='ocrx_word' id='word_1_291' title='bbox 1916 3934 1951 3994; x_wconf 92' lang='lat' dir='ltr'>et</span> <span class='ocrx_word' id='word_1_292' title='bbox 1966 3939 2004 4000; x_wconf 76' lang='lat' dir='ltr'>lt</span> 
     </span>
     <span class='ocr_line' id='line_1_39' title="bbox 295 4030 1950 4123; baseline -0.004 -22"><span class='ocrx_word' id='word_1_293' title='bbox 295 4037 388 4123; x_wconf 91' lang='lat' dir='ltr'>qnasi</span> <span class='ocrx_word' id='word_1_294' title='bbox 418 4037 553 4101; x_wconf 89' lang='lat' dir='ltr'>loricam</span> <span class='ocrx_word' id='word_1_295' title='bbox 582 4037 697 4115; x_wconf 89' lang='lat' dir='ltr'>hamis,</span> <span class='ocrx_word' id='word_1_296' title='bbox 726 4036 772 4100; x_wconf 88' lang='lat' dir='ltr'>ita</span> <span class='ocrx_word' id='word_1_297' title='bbox 799 4037 952 4122; x_wconf 90' lang='lat' dir='ltr'>conponit</span> <span class='ocrx_word' id='word_1_298' title='bbox 981 4036 1080 4100; x_wconf 85' lang='lat' dir='ltr'>variis</span> <span class='ocrx_word' id='word_1_299' title='bbox 1110 4042 1144 4100; x_wconf 91' lang='lat' dir='ltr'>et</span> <span class='ocrx_word' id='word_1_300' title='bbox 1172 4033 1308 4099; x_wconf 85' lang='lat' dir='ltr'>conexis</span> <span class='ocrx_word' id='word_1_301' title='bbox 1338 4054 1511 4097; x_wconf 87' lang='lat' dir='ltr'>causarum</span> <span class='ocrx_word' id='word_1_302' title='bbox 1540 4030 1743 4095; x_wconf 88' lang='lat' dir='ltr'>munimenta</span> <span class='ocrx_word' id='word_1_303' title='bbox 1770 4031 1950 4116; x_wconf 86' lang='lat' dir='ltr'>particulis.</span> 
     </span>
     <span class='ocr_line' id='line_1_40' title="bbox 294 4134 1951 4226; baseline -0.004 -22"><span class='ocrx_word' id='word_1_304' title='bbox 294 4161 370 4204; x_wconf 91' lang='lat' dir='ltr'>nam</span> <span class='ocrx_word' id='word_1_305' title='bbox 393 4139 523 4205; x_wconf 90' lang='lat' dir='ltr'>nodosis</span> <span class='ocrx_word' id='word_1_306' title='bbox 547 4141 704 4205; x_wconf 89' lang='lat' dir='ltr'>orationis</span> <span class='ocrx_word' id='word_1_307' title='bbox 727 4140 864 4205; x_wconf 88' lang='lat' dir='ltr'>artubus</span> <span class='ocrx_word' id='word_1_308' title='bbox 886 4142 920 4205; x_wconf 94' lang='lat' dir='ltr'>in</span> <span class='ocrx_word' id='word_1_309' title='bbox 943 4140 1080 4205; x_wconf 90' lang='lat' dir='ltr'>solidam</span> <span class='ocrx_word' id='word_1_310' title='bbox 1103 4147 1136 4206; x_wconf 93' lang='lat' dir='ltr'>et</span> <span class='ocrx_word' id='word_1_311' title='bbox 1158 4139 1340 4226; x_wconf 88' lang='lat' dir='ltr'>simplicem</span> <span class='ocrx_word' id='word_1_312' title='bbox 1358 4137 1494 4201; x_wconf 82' lang='lat' dir='ltr'>formam</span> <span class='ocrx_word' id='word_1_313' title='bbox 1511 4134 1633 4199; x_wconf 90' lang='lat' dir='ltr'>coactis</span> <span class='ocrx_word' id='word_1_314' title='bbox 1651 4153 1749 4197; x_wconf 91' lang='lat' dir='ltr'>unam</span> <span class='ocrx_word' id='word_1_315' title='bbox 1766 4154 1951 4199; x_wconf 91' lang='lat' dir='ltr'>sermonum</span> 
     </span>
     <span class='ocr_line' id='line_1_41' title="bbox 294 4235 1952 4330; baseline -0.004 -23"><span class='ocrx_word' id='word_1_316' title='bbox 294 4243 401 4329; x_wconf 89' lang='lat' dir='ltr'>pingit</span> <span class='ocrx_word' id='word_1_317' title='bbox 423 4242 576 4328; x_wconf 86' lang='lat' dir='ltr'>effigiem,</span> <span class='ocrx_word' id='word_1_318' title='bbox 600 4244 633 4307; x_wconf 91' lang='lat' dir='ltr'>in</span> <span class='ocrx_word' id='word_1_319' title='bbox 657 4264 721 4328; x_wconf 94' lang='lat' dir='ltr'>qua</span> <span class='ocrx_word' id='word_1_320' title='bbox 742 4244 789 4308; x_wconf 87' lang='lat' dir='ltr'>ita</span> <span class='ocrx_word' id='word_1_321' title='bbox 811 4242 978 4330; x_wconf 88' lang='lat' dir='ltr'>quadratis</span> <span class='ocrx_word' id='word_1_322' title='bbox 1003 4245 1172 4309; x_wconf 88' lang='lat' dir='ltr'>sociantur</span> <span class='ocrx_word' id='word_1_323' title='bbox 1194 4243 1327 4307; x_wconf 85' lang='lat' dir='ltr'>diversa</span> <span class='ocrx_word' id='word_1_324' title='bbox 1349 4240 1522 4319; x_wconf 90' lang='lat' dir='ltr'>mensuris,</span> <span class='ocrx_word' id='word_1_325' title='bbox 1546 4243 1583 4302; x_wconf 91' lang='lat' dir='ltr'>ut</span> <span class='ocrx_word' id='word_1_326' title='bbox 1603 4257 1663 4301; x_wconf 91' lang='lat' dir='ltr'>nec</span> <span class='ocrx_word' id='word_1_327' title='bbox 1684 4235 1800 4302; x_wconf 83' lang='lat' dir='ltr'>divisio</span> <span class='ocrx_word' id='word_1_328' title='bbox 1814 4236 1952 4323; x_wconf 90' lang='lat' dir='ltr'>deroget</span> 
     </span>
     <span class='ocr_line' id='line_1_42' title="bbox 295 4340 2004 4433; baseline -0.001 -20"><span class='ocrx_word' id='word_1_329' title='bbox 295 4346 517 4413; x_wconf 86' lang='lat' dir='ltr'>coniunctioni</span> <span class='ocrx_word' id='word_1_330' title='bbox 545 4368 606 4413; x_wconf 87' lang='lat' dir='ltr'>nec</span> <span class='ocrx_word' id='word_1_331' title='bbox 632 4347 753 4412; x_wconf 86' lang='lat' dir='ltr'>viritim</span> <span class='ocrx_word' id='word_1_332' title='bbox 782 4347 993 4433; x_wconf 85' lang='lat' dir='ltr'>adgregando</span> <span class='ocrx_word' id='word_1_333' title='bbox 1026 4350 1145 4428; x_wconf 84' lang='lat' dir='ltr'>valeat,</span> <span class='ocrx_word' id='word_1_334' title='bbox 1180 4369 1254 4412; x_wconf 92' lang='lat' dir='ltr'>cum</span> <span class='ocrx_word' id='word_1_335' title='bbox 1285 4367 1368 4433; x_wconf 93' lang='lat' dir='ltr'>opus</span> <span class='ocrx_word' id='word_1_336' title='bbox 1397 4349 1459 4420; x_wconf 91' lang='lat' dir='ltr'>cst,</span> <span class='ocrx_word' id='word_1_337' title='bbox 1493 4361 1671 4427; x_wconf 89' lang='lat' dir='ltr'>segregare</span> <span class='ocrx_word' id='word_1_338' title='bbox 1700 4340 1846 4427; x_wconf 86' lang='lat' dir='ltr'>partitio.</span> <span class='ocrx_word' id='word_1_339' title='bbox 1890 4361 1950 4406; x_wconf 85' lang='lat' dir='ltr'>vos</span> <span class='ocrx_word' id='word_1_340' title='bbox 1965 4349 2004 4412; x_wconf 80' lang='lat'>15</span> 
     </span>
     <span class='ocr_line' id='line_1_43' title="bbox 294 4445 1951 4537; baseline -0.002 -23"><span class='ocrx_word' id='word_1_341' title='bbox 294 4449 476 4535; x_wconf 87' lang='lat' dir='ltr'>praemisso</span> <span class='ocrx_word' id='word_1_342' title='bbox 507 4450 613 4515; x_wconf 90' lang='lat' dir='ltr'>laudis</span> <span class='ocrx_word' id='word_1_343' title='bbox 642 4472 759 4537; x_wconf 87' lang='lat' dir='ltr'>sapore</span> <span class='ocrx_word' id='word_1_344' title='bbox 787 4452 934 4516; x_wconf 90' lang='lat' dir='ltr'>mascula</span> <span class='ocrx_word' id='word_1_345' title='bbox 961 4450 1061 4518; x_wconf 92' lang='lat' dir='ltr'>dictio</span> <span class='ocrx_word' id='word_1_346' title='bbox 1090 4458 1125 4517; x_wconf 99' lang='lat' dir='ltr'>et</span> <span class='ocrx_word' id='word_1_347' title='bbox 1153 4451 1288 4516; x_wconf 91' lang='lat' dir='ltr'>humani</span> <span class='ocrx_word' id='word_1_348' title='bbox 1319 4447 1477 4514; x_wconf 90' lang='lat' dir='ltr'>sermonis</span> <span class='ocrx_word' id='word_1_349' title='bbox 1500 4445 1633 4511; x_wconf 87' lang='lat' dir='ltr'>Latiare</span> <span class='ocrx_word' id='word_1_350' title='bbox 1663 4445 1875 4532; x_wconf 90' lang='lat' dir='ltr'>supercilium</span> <span class='ocrx_word' id='word_1_351' title='bbox 1903 4445 1951 4510; x_wconf 93' lang='lat' dir='ltr'>sic</span> 
     </span>
     <span class='ocr_line' id='line_1_44' title="bbox 295 4548 1953 4642; baseline -0.002 -25"><span class='ocrx_word' id='word_1_352' title='bbox 295 4551 502 4618; x_wconf 87' lang='lat' dir='ltr'>adhortatur:</span> <span class='ocrx_word' id='word_1_353' title='bbox 527 4557 617 4639; x_wconf 87' lang='lat' dir='ltr'>‘post</span> <span class='ocrx_word' id='word_1_354' title='bbox 638 4555 765 4640; x_wconf 87' lang='lat' dir='ltr'>apicem</span> <span class='ocrx_word' id='word_1_355' title='bbox 789 4554 967 4621; x_wconf 84' lang='lat' dir='ltr'>divinitatis</span> <span class='ocrx_word' id='word_1_356' title='bbox 992 4577 1053 4642; x_wconf 87' lang='lat' dir='ltr'>ego</span> <span class='ocrx_word' id='word_1_357' title='bbox 1079 4555 1136 4620; x_wconf 86' lang='lat' dir='ltr'>illa</span> <span class='ocrx_word' id='word_1_358' title='bbox 1158 4576 1241 4637; x_wconf 90' lang='lat' dir='ltr'>sum,</span> <span class='ocrx_word' id='word_1_359' title='bbox 1265 4574 1349 4641; x_wconf 91' lang='lat' dir='ltr'>quae</span> <span class='ocrx_word' id='word_1_360' title='bbox 1373 4553 1426 4618; x_wconf 80' lang='lat' dir='ltr'>vel</span> <span class='ocrx_word' id='word_1_361' title='bbox 1450 4556 1615 4616; x_wconf 91' lang='lat' dir='ltr'>commuto</span> <span class='ocrx_word' id='word_1_362' title='bbox 1640 4551 1667 4615; x_wconf 91' lang='lat' dir='ltr'>si</span> <span class='ocrx_word' id='word_1_363' title='bbox 1689 4558 1766 4615; x_wconf 90' lang='lat' dir='ltr'>sunt</span> <span class='ocrx_word' id='word_1_364' title='bbox 1787 4550 1876 4615; x_wconf 86' lang='lat' dir='ltr'>lacta</span> <span class='ocrx_word' id='word_1_365' title='bbox 1900 4548 1953 4615; x_wconf 86' lang='lat' dir='ltr'>vel</span> 
     </span>
    </p>
   </div>
   <div class='ocr_carea' id='block_1_11' title="bbox 293 4808 1957 5740">
    <p class='ocr_par' dir='ltr' id='par_1_18' title="bbox 293 4808 1957 5660">
     <span class='ocr_line' id='line_1_45' title="bbox 396 4808 1957 4883; baseline -0.004 -18"><span class='ocrx_word' id='word_1_366' title='bbox 396 4811 413 4864; x_wconf 73' lang='grc'><strong>3</strong></span> <span class='ocrx_word' id='word_1_367' title='bbox 431 4812 534 4882; x_wconf 82' lang='lat' dir='ltr'>ditium]</span> <span class='ocrx_word' id='word_1_368' title='bbox 557 4816 668 4868; x_wconf 87' lang='lat' dir='ltr'>diuitum</span> <span class='ocrx_word' id='word_1_369' title='bbox 684 4817 699 4866; x_wconf 79' lang='grc' dir='ltr'><em>ὂ</em></span> <span class='ocrx_word' id='word_1_370' title='bbox 803 4817 866 4868; x_wconf 89' lang='lat' dir='ltr'>tutis</span> <span class='ocrx_word' id='word_1_371' title='bbox 883 4813 962 4867; x_wconf 58' lang='grc' dir='ltr'><strong>δίκη.</strong></span> <span class='ocrx_word' id='word_1_372' title='bbox 1100 4812 1118 4865; x_wconf 87' lang='lat'><strong>3</strong></span> <span class='ocrx_word' id='word_1_373' title='bbox 1138 4815 1269 4883; x_wconf 84' lang='lat' dir='ltr'>sepulchri</span> <span class='ocrx_word' id='word_1_374' title='bbox 1285 4812 1310 4862; x_wconf 86' lang='lat' dir='ltr'><em>V</em></span> <span class='ocrx_word' id='word_1_375' title='bbox 1445 4810 1463 4862; x_wconf 83' lang='lat'>5</span> <span class='ocrx_word' id='word_1_376' title='bbox 1484 4812 1587 4863; x_wconf 68' lang='lat' dir='ltr'>decusa</span> <span class='ocrx_word' id='word_1_377' title='bbox 1604 4809 1630 4860; x_wconf 98' lang='grc' dir='ltr'><em>Β</em></span> <span class='ocrx_word' id='word_1_378' title='bbox 1732 4810 1866 4878; x_wconf 80' lang='lat' dir='ltr'>diligentia</span> <span class='ocrx_word' id='word_1_379' title='bbox 1881 4808 1957 4859; x_wconf 78' lang='lat' dir='ltr'>VLT</span> 
     </span>
     <span class='ocr_line' id='line_1_46' title="bbox 294 4894 1952 4954; baseline -0.002 -4"><span class='ocrx_word' id='word_1_380' title='bbox 294 4897 311 4950; x_wconf 89' lang='lat'>6</span> <span class='ocrx_word' id='word_1_381' title='bbox 334 4901 472 4953; x_wconf 81' lang='lat' dir='ltr'>diunarum</span> <span class='ocrx_word' id='word_1_382' title='bbox 487 4902 532 4953; x_wconf 73' lang='lat'>13⁰</span> <span class='ocrx_word' id='word_1_383' title='bbox 636 4902 741 4953; x_wconf 78' lang='lat' dir='ltr'>munilia</span> <span class='ocrx_word' id='word_1_384' title='bbox 756 4898 904 4954; x_wconf 80' lang='lat' dir='ltr'><em>VLT¹0P¹</em></span> <span class='ocrx_word' id='word_1_385' title='bbox 1008 4902 1148 4954; x_wconf 84' lang='lat' dir='ltr'>subliment</span> <span class='ocrx_word' id='word_1_386' title='bbox 1167 4902 1193 4953; x_wconf 90' lang='lat' dir='ltr'><em>B</em></span> <span class='ocrx_word' id='word_1_387' title='bbox 1330 4897 1348 4951; x_wconf 89' lang='lat'>8</span> <span class='ocrx_word' id='word_1_388' title='bbox 1370 4900 1473 4951; x_wconf 83' lang='lat' dir='ltr'>infirma</span> <span class='ocrx_word' id='word_1_389' title='bbox 1488 4895 1531 4950; x_wconf 82' lang='lat'>13¹</span> <span class='ocrx_word' id='word_1_390' title='bbox 1669 4894 1686 4946; x_wconf 88' lang='lat'><strong>9</strong></span> <span class='ocrx_word' id='word_1_391' title='bbox 1706 4896 1910 4949; x_wconf 80' lang='lat' dir='ltr'>aduliscancium</span> <span class='ocrx_word' id='word_1_392' title='bbox 1926 4895 1952 4947; x_wconf 90' lang='lat' dir='ltr'><em>B</em></span> 
     </span>
     <span class='ocr_line' id='line_1_47' title="bbox 295 4982 1951 5055; baseline 0 -20"><span class='ocrx_word' id='word_1_393' title='bbox 295 4984 329 5036; x_wconf 88' lang='lat'>10</span> <span class='ocrx_word' id='word_1_394' title='bbox 346 4988 426 5055; x_wconf 81' lang='lat' dir='ltr'>plana</span> <span class='ocrx_word' id='word_1_395' title='bbox 440 4987 520 5051; x_wconf 75' lang='lat' dir='ltr'>VLT,</span> <span class='ocrx_word' id='word_1_396' title='bbox 542 4989 618 5040; x_wconf 83' lang='lat' dir='ltr'>lanae</span> <span class='ocrx_word' id='word_1_397' title='bbox 633 4987 659 5039; x_wconf 95' lang='grc' dir='ltr'><em>Β</em></span> <span class='ocrx_word' id='word_1_398' title='bbox 750 4987 888 5040; x_wconf 88' lang='lat' dir='ltr'>locutionis</span> <span class='ocrx_word' id='word_1_399' title='bbox 902 4987 960 5040; x_wconf 81' lang='lat' dir='ltr'>OPb</span> <span class='ocrx_word' id='word_1_400' title='bbox 1053 4988 1148 5039; x_wconf 83' lang='lat' dir='ltr'>illiceat</span> <span class='ocrx_word' id='word_1_401' title='bbox 1166 4987 1191 5053; x_wconf 90' lang='lat' dir='ltr'>(s</span> <span class='ocrx_word' id='word_1_402' title='bbox 1209 4989 1237 5039; x_wconf 84' lang='lat' dir='ltr'>in</span> <span class='ocrx_word' id='word_1_403' title='bbox 1254 4989 1263 5039; x_wconf 91' lang='lat' dir='ltr'>i</span> <span class='ocrx_word' id='word_1_404' title='bbox 1281 4985 1360 5051; x_wconf 86' lang='lat' dir='ltr'>corr.)</span> <span class='ocrx_word' id='word_1_405' title='bbox 1377 4985 1401 5034; x_wconf 87' lang='lat' dir='ltr'><strong><em>V</em></strong></span> <span class='ocrx_word' id='word_1_406' title='bbox 1489 4985 1601 5037; x_wconf 87' lang='lat' dir='ltr'>colorem</span> <span class='ocrx_word' id='word_1_407' title='bbox 1618 4982 1644 5033; x_wconf 98' lang='grc' dir='ltr'><em>Β</em></span> <span class='ocrx_word' id='word_1_408' title='bbox 1734 4983 1859 5035; x_wconf 75' lang='lat' dir='ltr'>scintillas</span> <span class='ocrx_word' id='word_1_409' title='bbox 1872 4982 1951 5035; x_wconf 67' lang='lat' dir='ltr'>Sim</span> 
     </span>
     <span class='ocr_line' id='line_1_48' title="bbox 295 5066 1951 5142; baseline -0.004 -17"><span class='ocrx_word' id='word_1_410' title='bbox 295 5072 329 5125; x_wconf 75' lang='lat'>12</span> <span class='ocrx_word' id='word_1_411' title='bbox 350 5076 480 5141; x_wconf 86' lang='lat' dir='ltr'>retorquid</span> <span class='ocrx_word' id='word_1_412' title='bbox 497 5075 522 5125; x_wconf 91' lang='lat' dir='ltr'><em>B</em></span> <span class='ocrx_word' id='word_1_413' title='bbox 647 5073 680 5126; x_wconf 93' lang='grc'>13</span> <span class='ocrx_word' id='word_1_414' title='bbox 702 5076 849 5142; x_wconf 82' lang='lat' dir='ltr'>grandiscet</span> <span class='ocrx_word' id='word_1_415' title='bbox 865 5074 891 5124; x_wconf 92' lang='grc' dir='ltr'><em>Β</em></span> <span class='ocrx_word' id='word_1_416' title='bbox 1017 5072 1050 5125; x_wconf 83' lang='grc'>15</span> <span class='ocrx_word' id='word_1_417' title='bbox 1071 5076 1203 5128; x_wconf 83' lang='lat' dir='ltr'>rethorum</span> <span class='ocrx_word' id='word_1_418' title='bbox 1220 5075 1318 5127; x_wconf 76' lang='lat' dir='ltr'>codices</span> <span class='ocrx_word' id='word_1_419' title='bbox 1446 5069 1479 5123; x_wconf 75' lang='lat'>17</span> <span class='ocrx_word' id='word_1_420' title='bbox 1502 5089 1577 5139; x_wconf 84' lang='lat' dir='ltr'>mago</span> <span class='ocrx_word' id='word_1_421' title='bbox 1593 5069 1620 5120; x_wconf 92' lang='grc' dir='ltr'><em>Β</em></span> <span class='ocrx_word' id='word_1_422' title='bbox 1747 5066 1781 5120; x_wconf 88' lang='grc'>18</span> <span class='ocrx_word' id='word_1_423' title='bbox 1803 5069 1901 5121; x_wconf 75' lang='lat' dir='ltr'>indicta</span> <span class='ocrx_word' id='word_1_424' title='bbox 1918 5095 1951 5107; x_wconf 93' lang='lat'>-</span> 
     </span>
     <span class='ocr_line' id='line_1_49' title="bbox 294 5151 1953 5229; baseline -0.004 -16"><span class='ocrx_word' id='word_1_425' title='bbox 294 5161 416 5213; x_wconf 87' lang='lat' dir='ltr'>continua</span> <span class='ocrx_word' id='word_1_426' title='bbox 433 5170 601 5228; x_wconf 56' lang='lat' dir='ltr'>conponere</span> <span class='ocrx_word' id='word_1_427' title='bbox 619 5162 708 5213; x_wconf 81' lang='lat' dir='ltr'>malim</span> <span class='ocrx_word' id='word_1_428' title='bbox 778 5162 927 5229; x_wconf 85' lang='lat' dir='ltr'>pedagogus</span> <span class='ocrx_word' id='word_1_429' title='bbox 939 5161 965 5212; x_wconf 92' lang='lat' dir='ltr'><em>B</em></span> <span class='ocrx_word' id='word_1_430' title='bbox 1070 5160 1103 5213; x_wconf 85' lang='lat'>19</span> <span class='ocrx_word' id='word_1_431' title='bbox 1120 5179 1148 5214; x_wconf 90' lang='lat' dir='ltr'>se</span> <span class='ocrx_word' id='word_1_432' title='bbox 1165 5163 1326 5214; x_wconf 84' lang='lat' dir='ltr'>uoluntatem</span> <span class='ocrx_word' id='word_1_433' title='bbox 1338 5160 1373 5224; x_wconf 89' lang='lat' dir='ltr'>B,</span> <span class='ocrx_word' id='word_1_434' title='bbox 1391 5160 1553 5212; x_wconf 82' lang='lat' dir='ltr'>uoluntatem</span> <span class='ocrx_word' id='word_1_435' title='bbox 1570 5173 1597 5209; x_wconf 86' lang='lat' dir='ltr'>ss</span> <span class='ocrx_word' id='word_1_436' title='bbox 1610 5157 1686 5208; x_wconf 82' lang='lat' dir='ltr'>ceteri</span> <span class='ocrx_word' id='word_1_437' title='bbox 1788 5151 1824 5207; x_wconf 82' lang='grc'><strong>30</strong></span> <span class='ocrx_word' id='word_1_438' title='bbox 1839 5161 1916 5223; x_wconf 72' lang='lat' dir='ltr'>cogat</span> <span class='ocrx_word' id='word_1_439' title='bbox 1927 5154 1953 5206; x_wconf 95' lang='grc' dir='ltr'><em>Β</em></span> 
     </span>
     <span class='ocr_line' id='line_1_50' title="bbox 294 5241 1953 5317; baseline -0.002 -19"><span class='ocrx_word' id='word_1_440' title='bbox 294 5245 329 5299; x_wconf 79' lang='grc'>33</span> <span class='ocrx_word' id='word_1_441' title='bbox 346 5245 418 5314; x_wconf 88' lang='lat' dir='ltr'>duur]</span> <span class='ocrx_word' id='word_1_442' title='bbox 438 5248 497 5300; x_wconf 88' lang='lat' dir='ltr'>dom</span> <span class='ocrx_word' id='word_1_443' title='bbox 512 5247 538 5298; x_wconf 89' lang='lat' dir='ltr'><em>B</em></span> <span class='ocrx_word' id='word_1_444' title='bbox 632 5245 667 5298; x_wconf 74' lang='lat' dir='ltr'>al</span> <span class='ocrx_word' id='word_1_445' title='bbox 684 5248 806 5314; x_wconf 85' lang='lat' dir='ltr'>paruolus</span> <span class='ocrx_word' id='word_1_446' title='bbox 818 5246 844 5297; x_wconf 90' lang='lat' dir='ltr'><em>B</em></span> <span class='ocrx_word' id='word_1_447' title='bbox 942 5245 977 5299; x_wconf 75' lang='lat'>26</span> <span class='ocrx_word' id='word_1_448' title='bbox 994 5247 1047 5317; x_wconf 86' lang='lat' dir='ltr'>ars]</span> <span class='ocrx_word' id='word_1_449' title='bbox 1065 5250 1113 5301; x_wconf 83' lang='lat' dir='ltr'>abr</span> <span class='ocrx_word' id='word_1_450' title='bbox 1124 5248 1150 5300; x_wconf 90' lang='grc' dir='ltr'><em>Β</em></span> <span class='ocrx_word' id='word_1_451' title='bbox 1154 5257 1169 5287; x_wconf 76' lang='lat'><em>⁰</em></span> <span class='ocrx_word' id='word_1_452' title='bbox 1230 5245 1320 5315; x_wconf 86' lang='lat' dir='ltr'>habet]</span> <span class='ocrx_word' id='word_1_453' title='bbox 1339 5255 1401 5299; x_wconf 79' lang='lat' dir='ltr'>suet</span> <span class='ocrx_word' id='word_1_454' title='bbox 1414 5245 1439 5297; x_wconf 91' lang='lat' dir='ltr'><em>B</em></span> <span class='ocrx_word' id='word_1_455' title='bbox 1500 5251 1624 5312; x_wconf 86' lang='lat' dir='ltr'>temporat</span> <span class='ocrx_word' id='word_1_456' title='bbox 1633 5243 1659 5294; x_wconf 91' lang='lat' dir='ltr'><em>B</em></span> <span class='ocrx_word' id='word_1_457' title='bbox 1756 5241 1791 5296; x_wconf 78' lang='grc'><strong>38</strong></span> <span class='ocrx_word' id='word_1_458' title='bbox 1808 5243 1916 5312; x_wconf 73' lang='lat' dir='ltr'>magiter</span> <span class='ocrx_word' id='word_1_459' title='bbox 1927 5241 1953 5294; x_wconf 90' lang='grc' dir='ltr'><em>Β</em></span> 
     </span>
     <span class='ocr_line' id='line_1_51' title="bbox 294 5330 1954 5401; baseline -0.001 -17"><span class='ocrx_word' id='word_1_460' title='bbox 294 5330 329 5384; x_wconf 80' lang='lat'>29</span> <span class='ocrx_word' id='word_1_461' title='bbox 346 5335 459 5401; x_wconf 87' lang='lat' dir='ltr'>optimus</span> <span class='ocrx_word' id='word_1_462' title='bbox 471 5333 497 5384; x_wconf 89' lang='lat' dir='ltr'><em>B</em></span> <span class='ocrx_word' id='word_1_463' title='bbox 617 5331 650 5385; x_wconf 89' lang='grc'>31</span> <span class='ocrx_word' id='word_1_464' title='bbox 671 5336 812 5387; x_wconf 88' lang='lat' dir='ltr'>tumiseens</span> <span class='ocrx_word' id='word_1_465' title='bbox 828 5334 855 5385; x_wconf 92' lang='grc' dir='ltr'><em>Β</em></span> <span class='ocrx_word' id='word_1_466' title='bbox 940 5337 1039 5388; x_wconf 78' lang='lat' dir='ltr'>niminis</span> <span class='ocrx_word' id='word_1_467' title='bbox 1057 5334 1099 5387; x_wconf 82' lang='lat'>13¹</span> <span class='ocrx_word' id='word_1_468' title='bbox 1220 5333 1255 5387; x_wconf 90' lang='grc'>33</span> <span class='ocrx_word' id='word_1_469' title='bbox 1272 5337 1321 5387; x_wconf 95' lang='lat' dir='ltr'>hoc</span> <span class='ocrx_word' id='word_1_470' title='bbox 1338 5335 1397 5387; x_wconf 70' lang='lat' dir='ltr'>eat.</span> <span class='ocrx_word' id='word_1_471' title='bbox 1485 5334 1618 5386; x_wconf 81' lang='lat' dir='ltr'>institutos</span> <span class='ocrx_word' id='word_1_472' title='bbox 1634 5331 1734 5398; x_wconf 72' lang='grc' dir='ltr'>ιονὶριί,</span> <span class='ocrx_word' id='word_1_473' title='bbox 1757 5332 1875 5384; x_wconf 81' lang='lat' dir='ltr'>instituto</span> <span class='ocrx_word' id='word_1_474' title='bbox 1893 5331 1954 5383; x_wconf 69' lang='lat' dir='ltr'>tort</span> 
     </span>
     <span class='ocr_line' id='line_1_52' title="bbox 294 5413 1954 5489; baseline -0.001 -18"><span class='ocrx_word' id='word_1_475' title='bbox 294 5420 427 5472; x_wconf 86' lang='lat' dir='ltr'>rethoricis</span> <span class='ocrx_word' id='word_1_476' title='bbox 444 5420 542 5473; x_wconf 72' lang='lat' dir='ltr'>codices</span> <span class='ocrx_word' id='word_1_477' title='bbox 645 5438 767 5474; x_wconf 83' lang='lat' dir='ltr'>manners</span> <span class='ocrx_word' id='word_1_478' title='bbox 783 5420 809 5472; x_wconf 94' lang='grc' dir='ltr'><em>Β</em></span> <span class='ocrx_word' id='word_1_479' title='bbox 947 5419 983 5474; x_wconf 86' lang='grc'><strong>34</strong></span> <span class='ocrx_word' id='word_1_480' title='bbox 1003 5422 1110 5474; x_wconf 75' lang='lat' dir='ltr'>luricam</span> <span class='ocrx_word' id='word_1_481' title='bbox 1126 5420 1204 5474; x_wconf 83' lang='lat' dir='ltr'>BVL</span> <span class='ocrx_word' id='word_1_482' title='bbox 1345 5418 1380 5472; x_wconf 89' lang='grc'>36</span> <span class='ocrx_word' id='word_1_483' title='bbox 1405 5422 1495 5489; x_wconf 83' lang='lat' dir='ltr'>pinget</span> <span class='ocrx_word' id='word_1_484' title='bbox 1509 5418 1535 5470; x_wconf 90' lang='grc' dir='ltr'><em>Β</em></span> <span class='ocrx_word' id='word_1_485' title='bbox 1671 5413 1706 5469; x_wconf 78' lang='grc'><strong>37</strong></span> <span class='ocrx_word' id='word_1_486' title='bbox 1729 5418 1889 5471; x_wconf 88' lang='lat' dir='ltr'>coninntioni</span> <span class='ocrx_word' id='word_1_487' title='bbox 1907 5416 1954 5469; x_wconf 79' lang='lat' dir='ltr'>B·</span> 
     </span>
     <span class='ocr_line' id='line_1_53' title="bbox 293 5501 1954 5577; baseline -0.001 -20"><span class='ocrx_word' id='word_1_488' title='bbox 293 5505 460 5572; x_wconf 78' lang='lat' dir='ltr'>aggreganda</span> <span class='ocrx_word' id='word_1_489' title='bbox 475 5505 500 5555; x_wconf 86' lang='lat' dir='ltr'><em>V</em></span> <span class='ocrx_word' id='word_1_490' title='bbox 598 5504 742 5575; x_wconf 58' lang='lat' dir='ltr'>segregmd</span> <span class='ocrx_word' id='word_1_491' title='bbox 766 5524 891 5576; x_wconf 74' lang='lat' dir='ltr'>megara</span> <span class='ocrx_word' id='word_1_492' title='bbox 902 5508 928 5560; x_wconf 89' lang='grc' dir='ltr'><em>Β</em></span> <span class='ocrx_word' id='word_1_493' title='bbox 1065 5506 1100 5560; x_wconf 87' lang='grc'><strong>38</strong></span> <span class='ocrx_word' id='word_1_494' title='bbox 1120 5506 1257 5575; x_wconf 85' lang='lat' dir='ltr'>sermonis]</span> <span class='ocrx_word' id='word_1_495' title='bbox 1279 5509 1379 5577; x_wconf 80' lang='lat' dir='ltr'>saporis</span> <span class='ocrx_word' id='word_1_496' title='bbox 1394 5507 1430 5559; x_wconf 80' lang='lat' dir='ltr'>ct</span> <span class='ocrx_word' id='word_1_497' title='bbox 1567 5502 1603 5556; x_wconf 87' lang='grc'><strong>39</strong></span> <span class='ocrx_word' id='word_1_498' title='bbox 1619 5501 1778 5572; x_wconf 70' lang='lat' dir='ltr'>adhomtnr]</span> <span class='ocrx_word' id='word_1_499' title='bbox 1795 5505 1916 5558; x_wconf 75' lang='lat' dir='ltr'>adorator</span> <span class='ocrx_word' id='word_1_500' title='bbox 1927 5502 1954 5556; x_wconf 89' lang='lat' dir='ltr'><em>B</em></span> 
     </span>
     <span class='ocr_line' id='line_1_54' title="bbox 293 5591 1278 5660; baseline 0.003 -17"><span class='ocrx_word' id='word_1_501' title='bbox 293 5591 337 5644; x_wconf 86' lang='lat' dir='ltr'>uel</span> <span class='ocrx_word' id='word_1_502' title='bbox 354 5607 411 5658; x_wconf 77' lang='lat' dir='ltr'>sup.</span> <span class='ocrx_word' id='word_1_503' title='bbox 424 5592 470 5642; x_wconf 83' lang='lat' dir='ltr'>lin.</span> <span class='ocrx_word' id='word_1_504' title='bbox 483 5591 509 5642; x_wconf 94' lang='grc' dir='ltr'><em>Β</em></span> <span class='ocrx_word' id='word_1_505' title='bbox 576 5593 705 5645; x_wconf 81' lang='lat' dir='ltr'>committo</span> <span class='ocrx_word' id='word_1_506' title='bbox 720 5594 808 5659; x_wconf 70' lang='lat' dir='ltr'>portae</span> <span class='ocrx_word' id='word_1_507' title='bbox 823 5610 902 5660; x_wconf 78' lang='lat' dir='ltr'>qrsam</span> <span class='ocrx_word' id='word_1_508' title='bbox 918 5601 1048 5647; x_wconf 87' lang='lat' dir='ltr'>commuto</span> <span class='ocrx_word' id='word_1_509' title='bbox 1060 5594 1086 5645; x_wconf 89' lang='lat' dir='ltr'><em>B</em></span> <span class='ocrx_word' id='word_1_510' title='bbox 1154 5596 1207 5648; x_wconf 81' lang='lat' dir='ltr'>sint</span> <span class='ocrx_word' id='word_1_511' title='bbox 1220 5593 1278 5647; x_wconf 71' lang='lat'>01²⁶</span> 
     </span>
    </p>

    <p class='ocr_par' dir='ltr' id='par_1_19' title="bbox 398 5680 1747 5740">
     <span class='ocr_line' id='line_1_55' title="bbox 398 5680 1747 5740; baseline -0.001 0"><span class='ocrx_word' id='word_1_512' title='bbox 398 5682 536 5740; x_wconf 62' lang='lat' dir='ltr'>morus.</span> <span class='ocrx_word' id='word_1_513' title='bbox 1709 5680 1747 5738; x_wconf 77' lang='grc'>40</span> 
     </span>
    </p>
   </div>
   <div class='ocr_carea' id='block_1_12' title="bbox 0 0 2254 6229">
    <p class='ocr_par' dir='ltr' id='par_1_20' title="bbox 0 0 2254 6229">
     <span class='ocr_line' id='line_1_56' title="bbox 0 0 2254 6229; baseline 0 0"><span class='ocrx_word' id='word_1_514' title='bbox 0 0 2254 6229; x_wconf 95' lang='lat' dir='ltr'> </span> 
     </span>
    </p>
   </div>
  </div>
 </body>
</html>
