4500 6232
280 264 320 324 70
445 258 507 313 LIII
526 257 649 326 (EPIS'l'.
667 258 692 320 2,
711 258 766 324 16),
785 256 847 310 LIV
866 256 988 325 (EPIST.
1007 257 1032 317 2,
1051 256 1103 322 17),
1123 254 1170 307 LV
1189 254 1312 323 (EPIST.
1330 255 1355 317 2,
1376 254 1766 325 18),LVI(1aP18'r.u,1a).
1828 316 1833 327 Ι

277 433 366 495 tione
389 430 589 496 roborantes,
636 430 793 515 quidquid
817 452 874 515 spe
903 429 1062 514 praecipit
1091 429 1251 507 inveniat,
1283 434 1319 491 ut
1341 428 1367 491 si
1391 428 1581 492 meritorum
1611 448 1745 493 suonam
1775 435 1937 515 augustus

245 535 467 599 ‹laestimator
496 541 563 609 est,
595 532 636 596 ad
664 554 717 596 me
745 532 866 596 referat
893 531 1047 616 quidquid
1072 531 1169 594 fuerit
1192 537 1397 596 consecutus.
1442 529 1634 616 obsequium
1657 531 1864 596 salutationis
1886 531 1937 595 in·

277 637 423 724 pendens
456 637 620 723 supplico,
655 644 692 700 ut
719 636 842 700 crebris
873 657 925 699 me
962 633 1170 699 relevandum
1202 633 1328 697 ducatis
1359 633 1539 711 adfatibus,
1574 633 1626 698 cui
1660 632 1746 697 inter
1778 634 1938 697 macroris

278 741 425 805 sarcinas
449 741 574 804 nullum
598 747 730 825 practer
754 740 817 802 raris
840 739 942 803 vestri
966 738 1088 802 solacia
1111 744 1317 822 potestesse
1340 736 1528 799 subsidium.

936 1028 1015 1094 LIV
1038 1029 1148 1114 (rrrsr.
1165 1030 1194 1109 2,
1214 1029 1278 1113 17).

816 1205 1053 1280 ENNODIVS
1081 1204 1397 1279 CONSTANTIO.

391 1335 511 1430 Nemo
543 1366 692 1451 peritiam
726 1385 885 1451 pomposa
919 1364 1104 1428 elocutione
1139 1362 1336 1427 condemnat
1366 1383 1427 1428 nec
1457 1361 1678 1449 spernendum
1707 1382 1782 1427 cum
1811 1362 1938 1449 pudore

279 1470 368 1534 ducit
392 1491 465 1534 cssc
489 1468 575 1554 quod
599 1470 759 1553 sequitur:
795 1469 846 1532 sui
870 1469 1070 1552 inpugnator
1092 1473 1154 1547 est,
1178 1466 1325 1552 quisquis
1349 1466 1550 1531 elucubratis
1574 1467 1781 1531 sermonibus
1804 1467 1938 1553 linguae

280 1574 400 1637 cultum
429 1569 598 1657 praedicat
627 1572 780 1636 abiurari.
827 1592 889 1655 ego
920 1577 1030 1633 tamen
1062 1569 1095 1632 in
1126 1569 1277 1655 epistulis
1311 1567 1544 1654 magnitudinis
1572 1575 1702 1635 vestrae
1732 1568 1938 1655 diligentiam

279 1699 418 1763 semper,
450 1697 515 1740 non
537 1675 640 1740 verba
671 1676 807 1760 pensari
838 1696 899 1739 nco
927 1672 1120 1737 adiutricem
1143 1672 1287 1736 malitiae
1310 1671 1496 1737 facundiam
1520 1673 1625 1738 maius
1647 1673 1938 1759 pretiumhaberc

279 1779 392 1844 censui
423 1799 520 1863 quam
551 1779 809 1864 simplicitatem,
841 1797 923 1862 quac
953 1776 1097 1840 infucata
1124 1775 1231 1840 fronte
1264 1784 1427 1840 secretum
1459 1777 1578 1841 mentis
1610 1777 1768 1843 enuntiat.
1812 1777 1875 1842 hoc
1903 1778 1937 1842 in

249 1880 401 1948 2sanotis
432 1882 617 1947 homiuibus
646 1890 680 1946 ct
709 1883 814 1946 amavi
847 1901 978 1967 semper
1006 1888 1039 1943 ct
1069 1881 1164 1944 colui.
1209 1900 1271 1964 ago
1299 1900 1385 1943 nuno
1415 1886 1513 1964 atque
1542 1879 1649 1945 habeo
1678 1881 1817 1966 gratias,
1852 1880 1939 1966 quod

280 1987 474 2071 parvitatem
504 2007 612 2049 meam
642 1985 791 2049 litterarii
815 1985 975 2049 sermonis
998 1984 1139 2047 visitatis
1168 1984 1269 2047 affatu
1292 1989 1326 2046 et
1349 1984 1435 2047 iuter
1458 1983 1690 2069 occupationes
1713 1991 1748 2050 ct
1771 1983 1940 2065 excubias,

281 2091 397 2175 quibus
427 2090 599 2153 univorsos
622 2089 781 2154 Ravenna
811 2088 989 2173 distringit,
1020 2089 1084 2152 mei
1112 2107 1191 2151 cura
1213 2108 1278 2150 non
1302 2087 1444 2172 ponitur.
1490 2086 1591 2151 reddo
1615 2108 1693 2172 ergo
1717 2088 1940 2154 effusissimae

282 2194 487 2258 salutationis
512 2193 620 2256 officia
648 2213 801 2278 sperans,
834 2198 869 2255 ut
892 2192 1112 2278 praesentiam
1137 2212 1244 2255 meam
1268 2190 1354 2276 apud
1378 2190 1526 2254 dominos
1550 2213 1640 2255 meos
1663 2199 1812 2256 amantes
1836 2193 1940 2257 vestri

282 2319 339 2383 pro
363 2297 564 2382 dignatione,
590 2318 653 2382 qua
676 2295 864 2360 credentem
888 2297 1019 2374 fovetis,
1042 2295 1172 2360 faciatis
1196 2295 1386 2381 optabilem.

250 1343 261 1400 l

946 2586 1003 2652 LV
1028 2590 1140 2673 (orror.
1158 2591 1188 2660 2,
1207 2585 1270 2671 18).

870 2764 1107 2838 ENNODIVS
1135 2762 1350 2837 IOHANNI.

253 2915 264 2972 i
395 2895 601 2988 probabiles
625 2944 741 2988 causas
758 2924 876 2996 habeo,
899 2923 1018 3007 quibua
1034 2923 1293 2988 unianimitatem
1309 2928 1454 2987 vestram
1478 2922 1543 2986 stili
1566 2923 1633 2987 mei
1656 2943 1768 2989 morsu
1791 2925 1941 3010 quamvis

280 3027 431 3113 rubigine
448 3028 611 3093 sordentis
627 3029 801 3102 incessam,
826 3049 917 3113 quas,
936 3049 1008 3092 cum
1027 3029 1072 3092 sis
1089 3027 1260 3093 abundans
1277 3033 1413 3091 naturae
1429 3027 1525 3092 bonis
1541 3035 1575 3092 ct
1590 3028 1714 3114 ingenii
1729 3028 1941 3094 facultatibus

280 3131 441 3216 locuples,
476 3153 617 3217 purgare
652 3152 717 3195 non
749 3133 867 3216 possis.
919 3151 980 3215 ego
1008 3152 1162 3216 umquam
1193 3130 1318 3196 credidi
1349 3130 1390 3195 ad
1419 3130 1519 3195 alium
1554 3130 1678 3197 reditus
1710 3131 1812 3198 vestri
1843 3133 1942 3199 citius

282 3232 403 3298 indicia
424 3254 524 3321 posse
548 3234 709 3321 perferri?
755 3256 817 3320 ogo
842 3256 951 3299 curam
975 3235 1041 3299 mei
1064 3235 1150 3300 inter
1172 3235 1303 3320 quasvis
1328 3234 1561 3321 occupationes
1584 3233 1665 3298 illud
1689 3236 1801 3300 amicis
1825 3236 1940 3302 censui

250 3335 509 3403 tconsecratum
532 3343 648 3423 pectus
673 3337 834 3403 excedere
843 3345 857 3400 ‘t
896 3360 973 3404 acce
998 3346 1073 3403 ante
1098 3339 1210 3402 oculos
1234 3358 1326 3402 meos
1343 3336 1523 3402 redduntur
1539 3338 1612 3403 aliis
1628 3338 1770 3425 paginae
1786 3345 1821 3406 et
1834 3340 1942 3406 amica

282 3442 470 3527 expectatio
502 3441 563 3505 sub
594 3441 681 3504 omni
718 3441 921 3506 credulitatis
957 3463 1052 3507 meae
1084 3441 1294 3528 despectione
1324 3440 1509 3505 frustratur.
1559 3442 1635 3507 nolo
1669 3442 1796 3509 litteras
1826 3444 1941 3510 maiori

282 3544 518 3630 obiurgationis
549 3545 627 3609 felle
659 3546 830 3630 conplere:
869 3546 989 3610 sufficit
1022 3546 1170 3611 tristibus
1204 3546 1317 3611 stricta
1345 3545 1497 3610 narratio.
1549 3546 1582 3609 in
1611 3567 1650 3612 eo
1678 3546 1786 3614 adhuc
1813 3548 1941 3614 animus

281 3667 390 3728 meus,
423 3669 487 3733 quo
516 3646 774 3733 magnitudinem
802 3656 891 3713 tuam
915 3648 1137 3715 discedentem
1161 3650 1302 3730 monuit,
1332 3649 1481 3735 persistit
1508 3655 1610 3715 statu:
1644 3656 1789 3716 restrum
1813 3657 1883 3733 est,
1911 3651 1941 3716 si

251 3746 467 3838 3tcmporum
498 3751 585 3814 nrala
614 3751 836 3831 contomnitis,
866 3753 1058 3838 promissam
1090 3773 1222 3818 serrare
1252 3753 1469 3819 concordiam.
1515 3753 1621 3834 salve,
1650 3755 1695 3819 mi
1726 3753 1876 3838 domine,
1905 3762 1940 3822 ct
2004 3794 2017 3817 s

283 3863 445 3922 amantem
468 3856 516 3918 tui
542 3855 654 3920 relcva
678 3856 903 3921 communione
932 3856 1105 3937 sermonis,
1138 3864 1172 3919 ut
1197 3855 1369 3921 scribendo
1393 3856 1505 3921 deleas
1528 3857 1693 3935 dolorem,
1725 3879 1821 3943 quem
1846 3859 1939 3925 vides

286 3959 390 4022 amico
413 3958 677 4044 perscriptionis
702 3958 935 4024 abstinentiam
959 3961 1146 4045 contigisse.

941 4251 1020 4317 LVI
1044 4250 1154 4337 (nrrsr.
1171 4256 1200 4332 2,
1221 4252 1285 4335 la).

820 4428 1058 4501 ENNODIVS
1086 4429 1404 4504 CONSTANTIO.

256 4588 268 4647 1
395 4561 551 4654 Abunde
575 4590 693 4674 gaudio
718 4610 778 4653 nec
802 4587 920 4653 clauda
943 4589 1089 4654 laetitiae
1113 4612 1206 4655 meac
1229 4591 1311 4654 fides
1335 4595 1404 4670 est,
1434 4588 1508 4654 ideo
1531 4590 1641 4676 aliqua
1662 4612 1723 4678 per
1743 4590 1940 4659 diabolicam

163 4696 246 4801 w
284 4692 530 4777 inspirationem
559 4695 649 4758 nasci
677 4693 868 4759 certamina,
899 4699 933 4756 ut
957 4700 1008 4773 tu,
1039 4695 1092 4778 qui
1122 4702 1154 4758 te
1184 4696 1271 4759 ultra
1299 4692 1563 4759 emendationem
1592 4696 1735 4761 omnium
1767 4696 1940 4782 protulisti,

389 4983 403 5035 l
422 4992 445 5035 ct
462 4981 480 5034 2
497 4986 618 5052 quicquid
638 4985 663 5034 V
763 4985 779 5035 3
800 4987 967 5039 releuaudum
987 4985 1024 5050 (re
1042 5004 1098 5052 sup.
1117 4986 1211 5051 truta

388 5085 470 5154 [LIV]
506 5087 744 5141 telucutionsrra
854 5088 947 5140 idicit
960 5089 999 5139 Pb
1072 5091 1226 5143 elocubratis
1239 5092 1263 5142 Β
1375 5090 1404 5142 ll
1424 5093 1507 5158 adque
1522 5091 1548 5142 B
1659 5090 1692 5144 12
1709 5096 1884 5162 occupationis
1896 5095 1943 5147 Β·

287 5172 319 5223 13
331 5175 470 5226 uniuersus
481 5173 543 5224 l'1L
596 5175 739 5241 porroturft
791 5177 942 5227 effusissimo
955 5176 1052 5226 codices
1141 5174 1538 5240 14‹10m.nosr⁷,d0mnosnr
1584 5179 1774 5245 amantislidri,
1790 5181 1888 5233 mend
1903 5179 1943 5233 Τ)

389 5274 457 5343 {LV}
488 5278 519 5328 lli
533 5280 617 5330 ioauui
634 5279 673 5329 Tc
774 5274 805 5327 l'l
819 5279 1021 5331 unianimitatem
1032 5278 1064 5343 Β,
1082 5282 1275 5333 rmauimitatem
1288 5282 1332 5332 Vl,
1339 5281 1406 5333 ΊῸΡ
1503 5280 1536 5333 18
1546 5283 1678 5335 sordentes
1687 5283 1712 5334 B
1717 5292 1732 5322 ⁰
1784 5294 1811 5338 ct
1821 5303 1872 5337 cm.
1883 5284 1944 5339 0st

286 5358 322 5411 20
339 5362 405 5413 iuter
422 5382 470 5414 cur.
489 5366 524 5416 (Β
603 5366 663 5417 illut
674 5364 699 5415 B
816 5362 851 5413 Β)
869 5366 1026 5417 crudelitatis
1043 5364 1132 5428 l'1T1,
1154 5369 1307 5420 credelitatis
1323 5366 1387 5419 V²L
1466 5370 1622 5436 dispectione
1636 5369 1661 5419 Β
1737 5373 1827 5425 maiori
1843 5390 1893 5423 om.
1907 5373 1943 5425 Ob

287 5444 321 5496 ‘25
339 5451 507 5503 contemnetis
515 5451 541 5502 B
643 5448 677 5502 26
695 5450 762 5501 nidis
771 5449 797 5499 B
900 5448 933 5501 ‘Z‘l
951 5452 1096 5502 scribtiouis
1109 5451 1134 5500 Β

391 5549 472 5617 [arr]
507 5551 654 5603 rancun
