4500 6232
905 281 1170 337 uersentur.
1825 287 1866 349 95

213 459 369 520 evocatur
396 474 440 518 ex
466 460 612 540 tempore
644 455 714 539 regi
741 455 1001 540 praesentandus
1029 455 1183 531 antistes,
1215 454 1255 518 ad
1285 475 1381 539 quem
1409 455 1483 519 ilico
1512 464 1547 520 ut
1574 458 1757 541 ingressus,
1787 456 1921 521 vidisse

213 557 366 623 salutavit
394 555 570 642 adgressus
598 564 664 623 est:
701 558 859 641 ‘quamvis
886 564 934 631 to,
964 557 1125 644 stupende
1156 564 1315 621 terrarum
1339 558 1507 644 princeps,
1538 560 1712 623 multorum
1736 559 1869 623 auribus

215 660 333 727 reddat
354 660 482 724 uirtutis
511 661 598 724 fama
625 661 820 740 terribilem,
852 668 885 725 ct
914 661 1029 745 gladii,
1061 661 1180 745 quibus
1209 661 1362 725 finitimos
1387 663 1541 726 contiuua
1564 663 1715 727 vastitate
1740 663 1870 746 premis,

216 768 363 849 segetem
386 763 550 848 quandam
574 764 694 829 inimici
716 765 871 849 germinis
895 771 1030 841 metant,
1054 765 1178 828 nullam
1202 764 1261 827 tibi
1285 771 1393 827 tamen
1417 767 1548 850 superni
1572 766 1711 849 gratiam
1728 765 1870 829 numinis

151 888 163 921 ³
216 867 286 933 dira
309 866 453 933 bellandi
480 874 626 952 praestat
654 868 787 932 ambitio
817 889 877 932 uec
907 868 1027 930 ferrum
1058 867 1140 931 finos
1168 873 1278 931 tuetur
1307 867 1451 953 imperii,
1482 869 1508 931 si
1537 869 1690 933 caelestis
1722 869 1869 932 dominus

215 970 408 1037 offendatur.
454 992 566 1055 regem
590 977 622 1035 te
645 971 768 1035 habere
792 977 972 1048 memento,
996 971 1049 1057 cui
1072 977 1200 1056 oportet
1223 970 1428 1034 considerare
1452 971 1526 1055 quid
1551 972 1696 1056 placeat,
1720 972 1774 1056 qui
1797 993 1869 1036 cum
1882 973 1923 1034 87

216 1084 406 1162 susceptum
438 1074 601 1139 hominem
636 1081 781 1160 portaret
811 1074 852 1138 nd
886 1075 1028 1153 caelum,
1067 1096 1125 1159 pro
1158 1073 1326 1137 inmensae
1363 1073 1554 1138 hereditatis
1592 1096 1726 1139 munere
1756 1096 1871 1159 pacem

215 1178 384 1263 discipulis
408 1178 528 1243 iterata
551 1179 683 1264 saepius
706 1177 925 1242 admonitione
949 1177 1165 1249 commendat,
1189 1177 1281 1240 cuius
1306 1198 1363 1239 nos
1387 1178 1554 1263 praecepti
1578 1199 1715 1243 necesse
1732 1184 1872 1241 estesse

218 1281 383 1361 custodes,
404 1282 581 1368 praecipua
604 1303 678 1346 cum
701 1282 888 1346 noverimus
903 1280 1007 1345 virurn
1023 1281 1140 1345 fortem
1156 1279 1222 1343 dici
1239 1301 1302 1343 non
1317 1302 1416 1364 posse
1433 1302 1528 1365 quern
1546 1280 1661 1345 vicerit
1682 1279 1872 1365 indignatio.

141 1403 167 1441 1⁰
218 1385 338 1451 deinde
354 1385 557 1471 perpendere
574 1406 634 1448 nos
655 1386 816 1465 convenit,
839 1384 925 1471 quod
948 1406 1042 1449 nemo
1066 1384 1255 1468 diligentius
1279 1385 1411 1469 propria
1434 1390 1544 1449 tuetur
1567 1406 1665 1470 quam
1688 1385 1741 1469 qui
1765 1384 1874 1449 aliena

218 1510 282 1554 non
305 1487 442 1574 adpetit.
487 1488 639 1574 quocirca
660 1487 788 1574 Nepos,
816 1489 866 1552 oui
892 1488 1036 1572 regimen
1060 1486 1176 1552 ltaliae
1200 1486 1361 1552 ordinatio
1384 1487 1493 1552 divina
1517 1488 1696 1564 commisit,
1723 1486 1765 1551 ad
1788 1487 1870 1551 haec
1884 1489 1924 1550 88

125 1614 147 1657 n·
160 1607 199 1647 ⁸⁸⁴
218 1614 277 1657 nos
302 1591 508 1678 impetranda
530 1591 717 1672 destinavit,
739 1600 776 1655 ut
793 1593 935 1656 reductis
952 1592 992 1656 ad
1008 1592 1106 1656 fidem
1122 1590 1287 1655 mentibus
1303 1599 1410 1655 torrae
1427 1592 1488 1655 sibi
1504 1612 1668 1655 convenae
1689 1590 1872 1654 dilectionis

218 1697 290 1763 iure
314 1697 490 1763 socientur.
536 1697 591 1782 qui
614 1696 692 1761 licet
714 1697 893 1761 cortamina
915 1718 978 1759 non
1003 1695 1167 1767 formidet,
1200 1693 1405 1759 concordiam
1435 1694 1558 1780 primus
1581 1700 1726 1779 exoptat.
1771 1693 1872 1757 nostis

218 1802 251 1865 in
275 1822 460 1881 commune,
490 1821 554 1886 quo
581 1802 623 1864 sit
654 1801 869 1865 dominiorum
892 1801 1070 1885 antiquitas
1093 1799 1232 1862 limitata
1255 1798 1408 1876 confinio,
1440 1818 1504 1882 qun
1526 1797 1739 1861 sustinuerint
1760 1801 1871 1882 partes

139 1921 164 1959 ¹³
218 1905 301 1969 istae
331 1904 459 1968 illarum
495 1910 638 1970 rectores
673 1904 852 1969 famulandi
888 1904 1057 1990 patientia.
1108 1902 1262 1977 sufficiat,
1298 1901 1384 1986 quod
1414 1901 1516 1985 elegit
1544 1906 1601 1963 aut
1629 1905 1718 1964 certo
1749 1900 1872 1985 patitur

218 2008 343 2073 amicus
365 2006 441 2088 dici,
464 2007 520 2093 qui
542 2008 663 2072 meruit
685 2007 833 2072 dominus
856 2005 1038 2093 appellari'.
1083 2006 1165 2070 haec
1191 2006 1238 2068 vir
1261 2005 1502 2089 insignissimus
1524 2004 1707 2090 Epifanius.

325 2110 370 2176 At
392 2110 550 2191 Eurinus,
573 2112 697 2196 gentile
721 2112 833 2176 nescio
857 2111 941 2197 quod
965 2131 1109 2175 murmur
1132 2109 1327 2193 infringens,
1352 2108 1510 2172 mollitum
1534 2130 1569 2171 se
1593 2106 1872 2171 adhortationibus
1884 2112 1926 2174 89

218 2216 289 2280 eius
312 2216 421 2280 vultus
444 2216 494 2278 sui
524 2216 701 2281 serenitate
730 2215 904 2299 significat.
948 2213 1016 2277 Leo
1039 2235 1116 2278 vcro
1148 2213 1331 2277 nominatus
1361 2211 1511 2296 superius
1540 2218 1630 2275 tauto
1661 2196 1873 2276 adlocutionis

219 2318 319 2405 ipsius
343 2320 517 2384 tenebatur
537 2319 713 2396 miraculo,
742 2324 777 2382 ut
800 2319 950 2383 crederet
974 2318 1082 2382 vorbis
1106 2315 1329 2381 huiuscemodi
1354 2314 1537 2400 expugnari
1560 2335 1656 2398 posse
1678 2320 1821 2393 mentes,
1846 2313 1874 2377 si

139 2438 166 2477 2⁰
220 2421 269 2487 fas
292 2428 343 2487 est
366 2421 447 2502 dici,
480 2423 578 2487 etiam
602 2422 629 2487 si
652 2427 766 2486 contra
787 2420 942 2486 iustitiam
968 2421 1158 2507 postularet.
1204 2418 1314 2482 taliter
1336 2424 1445 2481 tamen
1469 2415 1573 2480 fertur
1596 2415 1636 2480 ad
1662 2416 1872 2502 interpretem
1885 2418 1926 2479 90

216 2547 277 2591 rex
306 2527 449 2591 loeutus:
487 2527 575 2591 ‘licet
602 2533 718 2612 peetus
747 2546 855 2589 meum
884 2526 987 2589 lorica
1010 2524 1064 2588 vix
1096 2524 1229 2588 deserat
1257 2527 1291 2587 et
1317 2518 1455 2584 adsidue
1479 2540 1610 2583 manum
1633 2518 1718 2582 orbis
1742 2524 1874 2583 aeratus

217 2628 362 2695 includat
393 2650 521 2695 necnon
551 2636 584 2694 et
613 2630 701 2694 latus
732 2629 858 2693 muniat
889 2628 967 2692 ferri
997 2626 1211 2713 praesidium,
1245 2625 1355 2690 inveni
1384 2630 1494 2687 tamen
1525 2621 1704 2699 hominem,
1740 2620 1796 2706 qui
1822 2642 1873 2685 me

219 2738 380 2797 annatum
407 2733 512 2818 possit
535 2754 726 2819 expugnare
749 2729 963 2796 sermonibus.
1007 2730 1125 2793 fallunt
1148 2729 1203 2814 qui
1225 2729 1337 2793 dieunt
1360 2727 1525 2792 Romanos
1549 2725 1581 2789 in
1603 2725 1723 2809 linguis
1748 2730 1874 2787 scutum

221 2837 274 2901 vel
297 2837 425 2922 spicula
448 2858 511 2901 uon
534 2835 668 2901 habere.
714 2841 833 2900 norunt
856 2835 942 2898 onim
970 2840 1004 2897 ct
1031 2834 1087 2897 illa
1115 2854 1200 2916 quae
1228 2854 1286 2896 nos
1315 2832 1500 2897 miserimus
1523 2829 1625 2894 verba
1652 2829 1811 2913 repellere
1840 2833 1874 2891 et

140 2958 166 2996 ‘2⁵
219 2960 304 3026 quas
321 2962 341 3005 a
357 2962 393 3005 se
416 2940 600 3024 diriguntur
623 2939 664 3004 ad
688 2940 795 3003 cordis
819 2938 1001 3024 penetralia
1023 2937 1201 3001 destinare.
1243 2936 1325 2999 facio
1349 2956 1437 3021 ergo,
1461 2932 1647 2998 venerande
1671 2954 1768 3017 papa,
1791 2933 1923 3016 quae9l

218 3045 340 3129 poscis,
374 3045 452 3130 quia
480 3043 633 3128 grandior
661 3050 713 3107 ost
741 3043 828 3129 apud
858 3063 909 3105 mo
939 3042 1041 3125 legati
1063 3061 1205 3127 persona
1228 3059 1324 3123 quam
1347 3040 1491 3124 potentia
1514 3036 1720 3102 destinantis.
1765 3035 1877 3118 accipe

219 3167 306 3212 nuno
330 3147 428 3213 fidem
451 3153 486 3212 et
508 3168 567 3233 pro
590 3146 720 3233 Nepote
743 3145 911 3232 pollicere,
935 3143 1019 3230 quod
1044 3149 1153 3209 servet
1177 3143 1405 3206 intemeratam
1429 3140 1646 3215 concordiam,
1669 3138 1822 3224 quoniam
1845 3144 1877 3200 tc

220 3251 410 3337 promisisse
433 3251 561 3316 iurasse
584 3248 656 3316 est’.
696 3251 745 3314 his
768 3249 864 3314 dictis
888 3249 967 3313 inito
991 3249 1088 3313 otiam
1113 3246 1274 3333 pactionis
1298 3244 1425 3309 vinculo
1449 3245 1611 3310 verendus
1633 3243 1781 3330 pontifex
1805 3240 1878 3305 vale

128 3376 150 3419 s·
163 3370 203 3409 ³⁸³
220 3354 306 3419 dicto
329 3353 494 3419 discessit.
532 3352 574 3417 ad
597 3374 694 3439 quern
718 3354 830 3417 statim
852 3359 1060 3438 precatorum
1083 3349 1179 3414 turba
1197 3348 1356 3431 dirigitur,
1379 3355 1415 3412 ut
1430 3355 1582 3414 secuturo
1598 3347 1650 3412 dic
1665 3346 1755 3431 regis
1770 3344 1875 3431 opulis
1889 3346 1930 3405 92

143 3476 170 3515 ω
222 3458 406 3537 interesset,
430 3478 528 3543 quem
544 3457 601 3521 ille
616 3457 679 3521 iam
696 3462 890 3542 conpererat
907 3456 1027 3538 iugiter
1041 3475 1101 3540 per
1116 3451 1304 3518 sacerdotes
1325 3472 1403 3516 suos
1426 3452 1550 3538 polluta
1572 3450 1696 3515 habere
1719 3446 1877 3512 convivia.

220 3562 273 3627 cui
301 3561 473 3627 excusarit
495 3560 644 3645 dixitque
668 3559 730 3625 sibi
754 3579 819 3622 non
843 3581 916 3623 esso
941 3560 972 3622 in
995 3579 1084 3622 moro
1108 3557 1247 3642 positum
1271 3555 1388 3618 alicnis
1411 3554 1585 3639 aliquando
1608 3551 1753 3638 prandiis
1777 3549 1878 3627 vesci,

220 3664 377 3754 perendie
406 3686 442 3729 se
474 3664 581 3749 magis
608 3663 696 3728 selle
726 3661 897 3749 proficisci.
942 3644 1026 3745 quod
1058 3660 1270 3723 constitutum
1302 3658 1476 3722 maturavit
1504 3657 1641 3743 implere
1668 3662 1701 3721 et
1723 3654 1876 3718 Tolosam

220 3768 321 3833 tantis
352 3766 586 3832 comitantibus
616 3786 771 3851 egressus
801 3769 864 3844 est,
896 3770 933 3827 ut
958 3784 1064 3848 paene
1095 3763 1227 3828 deserta
1257 3762 1335 3825 urbs
1365 3759 1553 3826 discedente
1584 3765 1696 3824 nostro
1724 3756 1876 3844 pontifice

222 3876 422 3937 cerneretur.
474 3876 583 3935 tantos
613 3869 701 3934 enim
731 3868 762 3932 in
793 3866 885 3932 brevi
917 3866 1112 3932 devinxerat
1141 3865 1205 3930 sibi
1241 3866 1378 3929 caritate
1411 3864 1550 3940 sincera,
1587 3870 1624 3927 ut
1651 3860 1874 3949 captivitatem

223 3976 340 4041 flerent
367 3995 449 4061 quos
477 3973 563 4061 apud
595 3973 735 4060 patriam
758 3992 927 4037 remancre
953 3970 1135 4036 necessitas
1158 3965 1413 4052 constringebat.
1458 3966 1532 4031 indo
1557 3974 1666 4031 tamen
1689 3962 1878 4048 regrediens
1891 3963 1931 4023 93

224 4079 354 4165 singula
384 4085 570 4144 sanctarum
600 4074 840 4141 habitationum
869 4077 941 4139 loca
968 4075 1128 4138 visitavit:
1163 4072 1331 4136 medianas
1359 4070 1496 4143 insulas,
1526 4067 1729 4134 Stoechadas
1756 4067 1878 4131 herum

222 4183 392 4270 ipsamque
426 4183 586 4247 nutricem
619 4201 820 4246 summorum
847 4178 1005 4243 montium
1037 4179 1167 4263 planam
1190 4175 1344 4241 Lerinum
1373 4172 1467 4248 adiit,
1499 4171 1584 4237 undc
1615 4170 1761 4255 singulos
1790 4163 2033 4269 Vitaefflgflfg

223 4286 374 4351 flosculos
398 4284 565 4371 decerpsit
588 4305 631 4348 ex
654 4284 814 4360 omnibus,
837 4304 917 4368 quos
940 4283 973 4346 in
997 4303 1033 4347 se
1058 4281 1135 4345 boni
1158 4281 1313 4365 genuinis
1338 4279 1442 4343 fomes
1459 4279 1620 4341 insereret
1636 4281 1670 4339 ct
1686 4273 1726 4337 ad
1743 4272 1878 4337 maturi·

211 4390 303 4459 ,tatis
333 4396 461 4475 tempus
492 4385 628 4472 gravida
660 4387 766 4474 pomis
796 4386 996 4451 caelestibus
1028 4384 1125 4448 arbor
1153 4382 1342 4447 adduceret.
1392 4382 1518 4445 interea
1547 4383 1758 4465 expectatum
1787 4375 1933 4440 ltelisol

225 4495 335 4558 lumen
364 4490 510 4557 redditur
536 4496 570 4555 et
597 4496 783 4555 reuertente
815 4490 973 4573 singulari
1003 4487 1173 4553 sacerdote
1203 4508 1264 4573 pcr
1291 4484 1407 4549 sudum
1435 4486 1573 4549 rutilans
1602 4482 1697 4546 iubar
1724 4470 1879 4567 aperitin.

232 4686 389 4695 ——.-—-
412 4686 450 4690 .-
465 4685 483 4689 -.
501 4685 507 4689 .

330 4837 343 4889 1
368 4838 470 4889 antistis
484 4835 510 4888 B
647 4832 664 4884 3
686 4834 795 4901 praemis
816 4832 839 4897 (s
856 4831 920 4898 dcl.)
935 4831 960 4883 B
1099 4829 1117 4882 4
1138 4831 1248 4882 nominis
1273 4830 1371 4881 codices
1507 4826 1536 4878 11
1560 4828 1657 4894 adpitct
1674 4824 1724 4889 131,
1746 4824 1884 4892 appetitV

224 4943 307 4994 nepus
318 4925 344 4976 B
412 4924 546 4991 regimen·
558 4921 583 4973 B
601 4920 678 4985 (cras.
691 4921 711 4983 i)
824 4918 856 4971 13
873 4917 981 4988 primus]
1000 4920 1072 4986 prius
1085 4918 1163 4969 Sim.
1277 4914 1309 4967 14
1327 4916 1353 4966 in
1371 4931 1506 4966 commune
1518 4914 1618 4979 scripsi,
1635 4914 1662 4962 in
1678 4912 1807 4962 communi
1822 4911 1881 4962 libri

224 5013 384 5064 dominorum
399 5006 552 5071 anc,
576 5007 745 5059 dominiorum
763 5004 810 5070 Tf,
834 5025 903 5058 naon.
927 5024 976 5058 rec.
993 5007 1021 5058 in
1035 5005 1073 5069 B,
1094 5003 1183 5057 Sclrott
1278 5002 1447 5053 dominiorum
1468 5001 1611 5065 antiquitus
1632 4999 1752 5050 uicinitas
1774 4997 1881 5048 limitata

226 5098 321 5151 Hartcl
426 5094 459 5148 15
476 5097 549 5163 eligit
559 5095 585 5146 B
689 5092 721 5144 16
739 5095 831 5145 metuit
842 5093 867 5144 Β
974 5090 1005 5143 lt
1024 5108 1128 5143 mumur
1139 5089 1165 5140 B
1234 5089 1359 5154 infringes
1371 5084 1412 5137 15¹
1482 5083 1521 5152 se]
1539 5085 1584 5136 sed
1596 5084 1622 5134 B
1627 5081 1637 5120 ¹
1744 5082 1775 5132 18
1792 5083 1880 5133 scrini-

225 5192 276 5238 tste
287 5181 328 5235 Β1
405 5183 567 5235 allocutionis
583 5180 607 5230 V
714 5177 750 5230 20
767 5181 843 5231 stiam
860 5188 949 5231 contra
968 5186 1035 5245 (sap.
1054 5179 1100 5228 lin.
1118 5177 1141 5228 si
1157 5193 1227 5226 omn.
1240 5174 1266 5239 2)
1286 5175 1311 5225 B
1428 5171 1460 5223 21
1479 5172 1561 5224 lurica
1577 5168 1617 5221 Β1
1732 5166 1768 5219 25
1785 5166 1879 5235 cordis]

225 5272 310 5324 enodis
327 5269 407 5323 sam.
484 5267 618 5337 pauitraliu
629 5266 655 5317 B
727 5266 889 5318 usnorsndse
901 5265 934 5329 B,
951 5265 1098 5318 ueneranda
1114 5263 1159 5313 VL
1280 5259 1312 5311 ‘ll
1331 5261 1452 5326 qnoniam
1464 5258 1496 5321 B,
1514 5258 1565 5325 qri‘o
1581 5254 1634 5319 VL,
1652 5256 1687 5322 qr'r
1705 5254 1733 5320 T,
1750 5261 1846 5322 quomo
1862 5254 1885 5305 C

226 5354 261 5409 28
278 5357 401 5425 promissa
411 5355 437 5406 B
501 5351 553 5420 his]
572 5354 615 5404 hic
627 5350 667 5402 B!
771 5349 806 5401 29
823 5351 926 5404 dienB
994 5358 1111 5403 secutoro
1123 5349 1149 5400 B
1252 5344 1287 5398 30
1305 5348 1405 5414 pulluta
1417 5345 1442 5396 B
1505 5345 1597 5396 conuia
1609 5342 1684 5393 BVa
1786 5339 1819 5392 31
1838 5358 1882 5394 cx-

225 5445 341 5496 cnnsuit
352 5442 378 5494 B
450 5438 532 5508 uesci]
551 5457 598 5492 uss
609 5439 635 5490 B
755 5437 790 5489 34
808 5439 975 5490 deuiucxsrat
986 5436 1088 5488 BVLO
1206 5432 1241 5486 36
1258 5441 1403 5484 mutarum
1417 5429 1456 5481 13¹
1533 5429 1688 5481 Stoechadas
1709 5428 1773 5480 coni.
1793 5424 1883 5490 sam,

226 5528 345 5601 cycladas
361 5526 460 5583 codices
563 5522 597 5576 37
615 5526 684 5579 uitae
702 5542 751 5579 ons.
770 5523 816 5591 1¹¹,
833 5526 886 5581 uite
904 5542 960 5590 sup.
980 5524 1025 5574 lia.
1042 5520 1083 5571 Va
1185 5518 1220 5573 38
1238 5520 1311 5570 fomis
1324 5518 1349 5569 B
