4500 6232
295 265 372 321 XXX
879 265 913 321 ll.
940 264 988 322 DE
1006 265 1194 325 eonleraes
1212 265 1361 323 sanem.

293 439 333 504 ab
355 439 425 526 ipso
440 438 580 503 libellum
602 462 641 504 ex
663 439 851 505 carminibus
872 430 937 505 suis
960 440 1097 505 collectis
1120 450 1261 529 paratum
1285 449 1316 505 et
1338 438 1456 504 editum
1478 461 1553 504 esse.
1588 439 1742 518 nimirum,
1765 448 1801 504 ut
1822 440 1948 528 saepius

293 541 378 630 apud
400 541 581 607 Ennodium
611 543 757 629 legimus,
786 544 826 609 ab
855 545 963 609 amicis
993 545 1054 608 sibi
1083 544 1235 609 dictiones
1257 544 1306 608 vel
1337 545 1474 608 earmina
1497 544 1593 609 missa
1615 566 1683 608 esse
1705 583 1745 590 —
1769 543 1828 608 boc
1851 541 1946 609 modo

293 647 403 711 Fausti
430 656 461 711 et
488 646 644 712 Messalae
672 669 780 712 versus
810 652 856 733 (p.
878 651 941 715 266
964 657 996 710 et
1024 650 1103 725 269)
1133 648 1278 734 operibus
1308 645 1433 711 Ennodi
1467 646 1573 710 inserti
1607 654 1679 709 sunt
1702 686 1759 724 -,
1794 647 1839 711 ita
1868 670 1949 733 quac

294 751 372 837 ipse.
393 751 582 836 composuit,
617 773 688 816 eum
723 751 831 815 amieis
865 751 931 814 suis
967 750 1216 815 communicavit.
1275 749 1362 815 velut
1392 749 1528 835 Agnello
1560 749 1713 835 quaedam
1746 749 1873 815 miserat
1907 749 1949 815 ad

293 853 468 938 legendum,
490 862 521 917 et
542 852 762 934 admonitione,
784 875 878 939 quarn
900 851 1032 931 addidit,
1054 873 1093 922 ne
1115 852 1405 932 transcriberentur,
1427 850 1603 921 ostenditur
1623 850 1657 922 id
1679 851 1829 917 usitatum
1844 852 1949 919 fuisse

293 966 334 1042 tp.
353 959 423 1036 199,
435 962 474 1037 5).
518 955 573 1020 sed
597 957 741 1042 quamvis
764 957 870 1020 creber
892 956 986 1020 suerit
1007 978 1082 1021 usus
1105 956 1227 1020 libellos
1249 955 1357 1020 amicis
1386 955 1426 1020 ab
1449 956 1556 1019 amieis
1585 956 1698 1019 missos
1720 955 1949 1021 transcribendi

293 1081 393 1146 nsque
416 1060 493 1145 ipsis
516 1059 898 1145 auennbuspleramque
920 1060 1062 1145 ingratus
1085 1066 1125 1146 (p.
1140 1063 1191 1139 21,
1203 1063 1231 1125 2.
1254 1063 1305 1138 45,
1321 1061 1367 1125 ll.
1395 1061 1464 1138 179,
1475 1062 1504 1124 3.
1527 1062 1599 1136 260,
1609 1063 1654 1137 6),
1680 1069 1784 1122 tamen
1806 1058 1866 1124 boc
1889 1082 1948 1125 usu

293 1164 421 1229 minime
442 1163 492 1226 ius
514 1185 609 1249 opera
623 1163 755 1227 aliorum
777 1162 818 1227 ad
840 1162 1005 1248 legendum
1028 1162 1143 1228 tradita
1165 1160 1390 1227 transcribendi
1413 1171 1468 1226 aut
1481 1160 1632 1246 vulgandi
1647 1163 1850 1228 constitutum
1873 1173 1949 1231 erat.

293 1267 353 1330 hoc
375 1275 506 1332 testatur
520 1264 695 1343 Ennodius,
718 1288 789 1329 eum
804 1264 844 1329 ab
859 1264 979 1329 Fausto
997 1265 1193 1330 vehementer
1207 1264 1376 1350 increpitus
1396 1263 1446 1328 his
1463 1263 1566 1329 verbis
1582 1286 1616 1328 se
1631 1263 1771 1331 defendit
1784 1271 1825 1353 (p.
1838 1271 1890 1346 46,
1902 1270 1948 1348 3l:

295 1381 467 1457 ,aceeptrun
489 1370 723 1456 quaternionem
738 1369 798 1433 sub
820 1369 931 1433 maiori
953 1392 1047 1456 quam
1063 1369 1198 1453 ingenio
1210 1391 1279 1433 meo
1294 1365 1515 1433 commodabat
1529 1367 1684 1433 eeleritate
1700 1367 1949 1438 reddideram

294 1474 371 1539 nihil
392 1473 477 1560 apud
504 1495 554 1537 me
581 1470 819 1537 deveneranda
846 1481 921 1537 tunc
948 1471 1084 1537 dictione
1106 1481 1309 1551 remanserat,
1337 1472 1397 1535 nisi
1425 1469 1509 1556 quod
1604 1473 1776 1557 reposcenti
1799 1476 1950 1543 memoria

293 1576 415 1642 limante
426 1576 634 1642 subduxeram
652 1598 754 1639 ....a
775 1597 825 1639 me
847 1574 999 1641 dictiones
1016 1585 1144 1655 vestras,
1166 1575 1251 1662 quod
1266 1574 1358 1639 eredo
1380 1575 1503 1639 inscitia
1526 1597 1595 1640 mea
1617 1577 1691 1656 fieri,
1713 1577 1858 1664 cuiquam
1880 1578 1948 1647 dna·

293 1702 350 1744 nec
379 1690 533 1745 tormenta
562 1681 770 1767 compellunt‘.
796 1721 835 1727 -
858 1680 984 1746 Maiora
1011 1703 1106 1766 opera
1134 1681 1174 1745 ab
1200 1679 1348 1745 Eunodio
1377 1702 1414 1744 eo
1444 1680 1574 1743 oonsilio
1601 1681 1717 1766 scripta
1738 1703 1819 1763 esse,
1839 1693 1882 1748 'ut
1908 1684 1949 1751 ab

292 1784 472 1855 bominibus
487 1809 579 1870 quarn
596 1785 739 1872 plurimis
755 1785 936 1870 legerentur,
952 1785 1039 1849 velut
1053 1784 1150 1849 vitam
1166 1783 1334 1871 Epiphani,
1348 1782 1488 1847 libellum
1504 1806 1561 1868 pro
1576 1783 1707 1868 synodo,
1728 1787 1949 1871 panegyricum

293 1889 424 1974 aliaque,
445 1911 501 1975 >per
516 1912 549 1953 se
569 1887 758 1973 intellegitur
765 1912 773 1965 ;
795 1897 888 1973 atque
910 1888 1004 1952 etiam
1026 1888 1143 1973 scripta
1158 1888 1277 1952 minora
1299 1897 1330 1950 et
1352 1886 1481 1951 minima
1503 1909 1565 1951 nou
1587 1886 1632 1950 eis
1654 1896 1784 1967 atatim,
1805 1889 1847 1955 ad
1868 1915 1949 1979 ques

294 1990 395 2071 dedit,
425 1992 475 2059 vel
503 1992 611 2077 paucis
639 2014 745 2056 eorum
776 1991 884 2055 amicis
907 1990 1132 2069 destinaverat,
1159 1990 1214 2054 sed
1237 1992 1326 2055 utin
1349 1991 1487 2055 omnium
1516 2013 1626 2055 manus
1651 1992 1791 2057 venirent
1813 1997 1949 2081 optabat.

294 2093 327 2157 id
351 2095 532 2180 pronuntiat
558 2092 739 2160 huiusmodi
768 2094 872 2158 verbis
895 2095 972 2159 satis
999 2095 1159 2179 gloriosis:
1188 2119 1218 2181 p.
1234 2097 1338 2172 306,7
1362 2094 1464 2172 ,latius
1492 2105 1564 2180 post
1592 2118 1776 2181 responsum
1805 2100 1949 2184 paginale

294 2198 380 2274 eritis
405 2197 521 2262 mundo
544 2219 665 2262 mecum
687 2196 862 2262 adtestante
889 2197 1007 2261 lecturi‘
1030 2237 1070 2246 ·-
1094 2222 1124 2283 p.
1140 2201 1213 2277 307,
1227 2201 1266 2264 19
1289 2198 1330 2277 ,in
1354 2221 1442 2262 aures
1466 2197 1573 2263 mundi
1601 2199 1682 2264 itura
1703 2199 1885 2267 fonnantur‘
1907 2243 1949 2252 -

294 2304 443 2386 pacat
472 2300 647 2387 ,expendite
674 2301 820 2386 legentes‘
843 2340 884 2348 —
907 2324 936 2387 p.
956 2304 1078 2382 lonae
1101 2301 1183 2380 ‚ltine
1210 2302 1307 2366 lector
1328 2307 1470 2386 agnosee‘
1495 2342 1534 2349 -
1558 2327 1587 2387 p.
1603 2306 1675 2381 285,
1692 2305 1729 2369 le
1752 2303 1864 2382 ,efficio
1886 2330 1951 2373 ser-

205 2482 207 2486 *
295 2404 397 2468 monis
419 2404 451 2467 in
474 2403 575 2467 lucem
596 2403 680 2467 exire
702 2403 858 2489 publicam
882 2426 944 2468 non
967 2402 1111 2468 detestor
1133 2403 1182 2484 (ef.
1198 2406 1271 2482 310,
1282 2408 1343 2483 35).

399 2506 572 2592 Complura
594 2507 688 2592 igitur
709 2530 803 2593 opera
821 2506 985 2571 Emrodius
1008 2508 1076 2594 ipse
1098 2508 1160 2572 iam
1175 2506 1315 2573 ediderat
1336 2517 1366 2571 et
1389 2508 1580 2588 omniafere,
1602 2532 1680 2594 quae
1695 2510 1788 2575 hodie
1810 2510 1843 2575 in
1865 2511 1951 2577 eodi-

296 2611 384 2676 eibus
407 2611 613 2690 eontinentur,
635 2610 773 2675 editurus
796 2621 870 2675 erat
908 2634 979 2676 nam
995 2612 1117 2676 etiamsi
1139 2634 1200 2676 non
1224 2610 1336 2675 desunt
1356 2612 1459 2691 verba,
1481 2612 1594 2697 quibus
1618 2613 1767 2678 iudicium
1790 2614 1950 2701 publicum

296 2736 329 2778 se
351 2715 459 2778 timere
478 2714 611 2793 simulet,
633 2722 736 2777 tamen
752 2736 791 2777 ne
813 2714 875 2778 illis
899 2736 1043 2798 maguam
1064 2713 1155 2779 fidem
1177 2714 1356 2794 habeamus,
1379 2715 1506 2779 obstant
1521 2715 1574 2779 alii
1589 2715 1659 2795 loci,
1682 2717 1733 2781 ubi
1748 2717 1809 2781 sibi
1824 2718 1951 2804 suisque

297 2817 442 2902 operibus
462 2817 727 2882 immortalitatem
743 2816 924 2897 vindicavit,
946 2818 1046 2883 velut:
1070 2841 1120 2905 op.
1135 2817 1426 2885 onxxxvnla
1449 2818 1597 2897 ‚carmina
1618 2819 1747 2899 sulcavi,
1769 2821 1890 2885 tumulo
1912 2844 1951 2887 ne

295 2928 401 2984 tenear
415 2920 558 2985 moriens‘
576 2961 616 2968 -
632 2945 661 3007 p.
677 2923 778 2999 east)
800 2921 896 2999 ,volui
912 2919 1079 3007 scriptione
1094 2921 1211 3000 testari,
1233 2944 1271 2985 ne
1293 2921 1325 2984 in
1340 2943 1403 2987 una
1417 2929 1517 2985 aetate
1539 2921 1772 3007 interciperetur
1793 2924 1952 2990 memoria‘

298 3062 339 3071 —
363 3047 391 3109 p.
408 3026 506 3102 77‚26
529 3047 671 3110 ,persona
693 3033 800 3089 nostra
821 3046 945 3111 quoque
967 3024 1219 3089 confabulatione
1244 3025 1422 3089 reviviseat‘
1450 3063 1485 3070 —
1508 3048 1539 3110 p.
1554 3028 1605 3103 85,
1621 3027 1656 3090 ll
1681 3024 1811 3103 ,tradam
1835 3026 1950 3110 chartis

297 3126 427 3192 victuris
454 3128 485 3191 in
512 3129 645 3192 saecula‘
667 3168 707 3175 -
731 3152 760 3214 p.
782 3131 886 3206 1725
915 3128 1079 3208 ,mansuris
1111 3128 1144 3192 in
1173 3137 1332 3214 posterum
1357 3127 1484 3206 litteris,
1518 3137 1669 3213 quatenus
1697 3128 1833 3214 gaudeat
1865 3141 1951 3197 aetas

297 3240 455 3311 secutura,
482 3239 659 3297 serventur.
681 3272 723 3279 —
745 3232 838 3318 Ipsas
861 3232 1024 3318 epistulas,
1053 3253 1132 3318 quae
1161 3231 1334 3296 mehercule
1359 3231 1510 3317 plurimae
1533 3231 1681 3297 inanitate
1708 3229 1843 3310 tument,
1871 3236 1952 3301 tanti

297 3334 416 3415 babuit,
439 3344 472 3399 ut
486 3346 650 3421 antequam
666 3336 828 3416 emitteret,
837 3337 981 3417 propriis
996 3335 1106 3400 libellis
1122 3335 1284 3401 insereret:
1308 3359 1337 3422 p.
1346 3337 1418 3414 246,
1434 3337 1470 3400 17
1494 3333 1701 3413 ,scribendum
1717 3336 1824 3401 sciatis
1838 3360 1952 3403 nornen

299 3449 437 3505 vestrum
460 3437 500 3503 ad
522 3439 605 3524 genii
626 3439 686 3503 mei
710 3462 879 3526 purpuram
901 3448 932 3503 et
953 3439 1067 3504 libellis
1083 3439 1218 3525 propriis
1241 3438 1448 3518 inserendum,
1471 3448 1505 3503 ut
1527 3439 1649 3507 etiamsi
1671 3439 1747 3504 nibil
1771 3440 1889 3507 tribues
1912 3440 1953 3527 de

297 3565 461 3629 responso,
489 3565 547 3629 ego
569 3551 672 3608 tamen
695 3565 796 3607 arcem
819 3552 954 3622 teneam,
983 3542 1068 3628 quod
1095 3541 1135 3606 ad
1158 3541 1267 3608 doctos
1292 3543 1376 3607 vires
1400 3542 1501 3628 dirigo
1530 3543 1597 3606 sine
1618 3542 1825 3628 trepidatione
1847 3544 1952 3631 aliqua

298 3646 382 3733 quod
405 3648 542 3733 legatur.

293 3794 342 3829 ,-,
401 3751 472 3816 Hos
492 3760 597 3833 autent
620 3750 762 3830 libellos,
786 3773 805 3814 a
824 3750 960 3815 librariis
988 3752 1107 3819 seilicet
1128 3751 1300 3830 confectos,
1331 3748 1496 3815 Ennodius
1519 3750 1586 3837 ipse
1613 3748 1689 3835 legit
1717 3760 1748 3814 et
1769 3751 1954 3836 emendavit,

300 3855 391 3920 euius
413 3855 456 3919 rei
480 3855 585 3939 aliqua
608 3855 742 3939 vestigia
764 3855 795 3919 in
819 3854 936 3921 nostrie
957 3877 1081 3941 quoque
1103 3854 1263 3920 ordinibus
1287 3855 1488 3940 reperiuntur.
1533 3875 1639 3918 omnes
1667 3854 1750 3918 enim
1771 3854 1844 3920 libri
1865 3879 1955 3941 prac-

298 3957 372 4021 bcnt·
394 3969 466 4042 pest
493 3981 542 4043 ep.
559 3957 737 4024 CCXLIV
759 3957 963 4022 vocabulum:
993 3958 1116 4037 LEGI,
1144 3968 1175 4023 et
1202 3957 1415 4022 Bruxellensis
1443 3966 1516 4043 post
1538 3956 1706 4021 dictionem
1729 3957 1954 4025 CCCLXIH:

300 4060 360 4124 EN
363 4061 394 4125 N
396 4060 541 4126 ODIVS
557 4058 809 4126 EMENDAVI
825 4060 964 4125 MEAM
978 4061 1074 4125 DEO
1091 4061 1190 4126 MEO
1212 4060 1434 4128 IUVANTE.
1449 4100 1488 4107 -
1506 4060 1641 4126 Constat
1663 4061 1758 4146 igitur
1771 4061 1954 4147 Ennodium

299 4163 424 4249 quidem
448 4186 541 4248 opera
564 4187 621 4228 sua
643 4163 809 4250 mlligenrli
833 4163 1022 4249 collectaque
1043 4163 1155 4228 edendi
1179 4165 1342 4229 eonsilium
1365 4164 1485 4250 cepisse
1506 4174 1537 4229 et·
1559 4162 1644 4250 quod
1665 4163 1726 4228 sibi
1749 4179 1954 4252 proposuerat

299 4268 477 4347 incohasse,
505 4265 560 4333 sed
583 4268 785 4354 inperfectum
808 4269 978 4353 reliquisse.
1022 4290 1122 4355 neque
1152 4269 1196 4333 ita
1217 4268 1344 4334 difficile
1367 4268 1492 4334 videtur
1513 4269 1684 4347 intellectu,
1715 4291 1770 4332 cur
1797 4269 1850 4334 ille
1871 4271 1955 4357 epis·

300 4394 397 4458 copim
424 4371 527 4436 Ticini
556 4373 656 4437 faetus
686 4381 779 4458 atque
807 4371 1016 4456 legationibus
1046 4383 1215 4458 occupatus
1248 4374 1327 4438 illud
1355 4372 1520 4437 eonsilium
1548 4373 1692 4458 perficere
1719 4395 1781 4437 non
1808 4376 1954 4460 potuerit,

300 4485 409 4561 postea
435 4484 538 4539 autern
566 4476 734 4540 errabitione
760 4475 822 4540 iam
852 4475 987 4560 relegata
1015 4476 1166 4555 noluerit;
1196 4476 1228 4541 id
1250 4486 1354 4542 tamen
1376 4477 1511 4543 maxime
1534 4477 1644 4541 mirum
1667 4486 1731 4557 est,
1758 4500 1814 4542 cur
1841 4478 1868 4543 is
1900 4479 1953 4566 qui

300 4588 401 4641 cetera
423 4576 549 4642 Eunodi
572 4603 666 4665 opera
688 4580 854 4658 recensuit,
881 4602 988 4644 onrnes
1016 4603 1173 4645 sennense
1196 4590 1321 4645 sanctos
1348 4591 1379 4644 et
1400 4581 1566 4667 epistulas,
1593 4602 1673 4665 quae
1696 4579 1862 4646 Ennodius
1885 4583 1953 4648 sine

300 4681 397 4745 dnbio
420 4681 500 4746 inter
521 4705 619 4747 atratis
636 4687 804 4752 stt-521
822 4684 920 4748 multa
940 4685 1123 4770 composuit,
1145 4684 1322 4768 neglexerit
1356 4682 1490 4748 nmxime
1505 4682 1717 4748 desideramus
1734 4685 1803 4749 illas
1826 4686 1954 4766 litteras,

300 4807 378 4870 (piros
400 4785 521 4871 legatus
544 4808 580 4850 cx
603 4788 718 4851 edente
734 4787 866 4852 Ibimam
890 4788 1011 4852 mittere
1026 4787 1135 4853 debuit
1149 4787 1328 4853 admonitus
1351 4788 1391 4852 ab
1407 4786 1581 4852 Hormisda
1603 4810 1686 4873 papa
1707 4786 1832 4853 disertis
1849 4789 1953 4855 verbis

299 4891 420 4969 scripte
442 4890 568 4970 ‹liriyite
590 4900 619 4954 et
642 4892 769 4971 seriptis
790 4892 937 4955 ercalinde
959 4891 1059 4971 (Tlriel
1081 4893 1170 4978 epist.
1192 4892 1299 4978 pontif.
1322 4915 1352 4977 p.
1370 4894 1431 4957 153
1446 4901 1478 4956 et
1492 4894 1579 4968 seat:
1603 4913 1656 4956 eae
1678 4913 1777 4977 neque
1799 4892 1830 4956 in
1854 4893 1953 4980 ipsius

300 4992 446 5079 operibus
470 4993 670 5057 inveniuntur
691 5016 790 5079 neque
813 4995 846 5058 in
860 4993 1051 5060 Hormisdae
1066 4996 1200 5082 seriptis,
1224 4996 1303 5060 inter
1324 5017 1403 5081 quae
1425 4994 1577 5080 epistulae
1596 4994 1769 5079 legatonmi
1793 5019 1875 5075 anno
1890 5001 1953 5064 ale

301 5096 608 5183 Constantinopolim
630 5098 795 5161 missorum
819 5108 959 5184 receptae
981 5111 1053 5164 sunt
1080 5099 1181 5180 (Tbiel
1204 5121 1251 5185 cp.
1274 5097 1385 5163 Herm.
1409 5103 1458 5163 se.
1482 5102 1532 5164 60.
1555 5100 1606 5165 (il.
1630 5101 1679 5166 76.
1704 5101 1753 5166 li.
1780 5103 1848 5166 lde.
1873 5103 1953 5181 lle).

404 5201 515 5287 Itaque
537 5202 691 5287 quaestio,
718 5224 797 5287 (prae
819 5202 949 5266 existere
978 5212 1094 5289 potest,
1123 5227 1197 5268 num
1221 5202 1381 5267 codicibus
1405 5203 1519 5267 nostris
1549 5203 1654 5267 ‹rmnia
1683 5226 1762 5289 iprae
1789 5203 1953 5268 Euuodius

300 5303 425 5390 scripsit
449 5305 678 5384 contineantur,
705 5328 818 5391 magna
844 5328 883 5369 cx
911 5315 999 5392 parte
1027 5307 1087 5372 iarn
1115 5307 1218 5372 soluta
1243 5317 1300 5371 est.
1349 5305 1405 5370 sed
1432 5328 1619 5386 emarernus,
1652 5308 1680 5372 si
1709 5307 1756 5373 vel
1780 5330 1845 5387 eas,
1874 5331 1952 5394 quas

301 5429 400 5494 risque
422 5407 460 5474 ad
484 5431 599 5474 annum
616 5413 679 5478 514
701 5409 836 5498 scripsit,
859 5409 1009 5497 epistulas
1032 5434 1138 5477 omnes
1161 5410 1252 5477 nobis
1276 5408 1406 5476 traditas
1429 5432 1497 5474 csse
1519 5408 1721 5479 crederemus.
1766 5411 1861 5477 imme
1883 5413 1954 5499 plu-

299 5512 404 5592 rimae,
432 5534 509 5599 quas
533 5513 608 5580 dicit
637 5515 813 5603 negotiosas
841 5536 980 5601 (piasque
1008 5538 1099 5581 ntrsse
1129 5526 1235 5581 nostra
1263 5515 1334 5604 plus
1357 5515 1518 5580 interesset
1547 5536 1641 5601 quam
1664 5525 1781 5582 ceteras
1809 5513 1859 5594 ,ad
1884 5516 1950 5583 stili
