4500 6232
974 289 1027 350 VII
1045 291 1167 365 (EHST.
1186 296 1210 362 1,
1228 296 1266 365 4).

955 570 1028 639 vll
1051 573 1160 658 (arrsr.
1186 576 1213 648 1,
1237 574 1283 659 4).

886 766 1075 841 FAVSTO
1102 767 1351 842 ENNODIVS.

402 887 633 999 Anagnostici
662 910 759 975 fidem
788 916 919 975 secutus
943 918 976 975 et
1004 909 1126 975 suadae
1160 911 1316 974 orationis
1343 931 1459 997 sapore
1486 918 1683 998 provocatus
1705 933 1811 998 paene
1833 912 1977 989 vitium1

296 1040 369 1083 esse
393 1017 516 1083 credidi
543 1038 614 1082 rem
637 1016 765 1080 virtutis
789 1019 839 1093 et,
871 1014 947 1077 dum
974 1014 1049 1099 plus
1072 1034 1259 1078 sermonum
1281 1013 1470 1079 diademata
1493 1015 1589 1079 credo
1613 1016 1724 1080 valere
1748 1036 1846 1100 quam
1870 1036 1947 1079 con-

296 1123 476 1202 scientiam,
500 1121 628 1205 culpam
650 1140 747 1205 quam
769 1138 861 1181 mens
883 1138 948 1180 nou
972 1117 1203 1201 agnoscebat
1195 1117 1324 1183 incurri.
1362 1138 1428 1182 non
1451 1119 1496 1182 sie
1520 1119 1626 1183 cervis
1649 1119 1745 1182 sibilo
1770 1118 1947 1183 artificibus

230 1249 243 1287 s
295 1225 421 1290 insidiis
438 1223 577 1289 blandus
592 1228 728 1287 venator
743 1219 870 1300 inludit,
894 1241 959 1285 non
975 1221 1021 1284 ita
1043 1221 1215 1306 pinnarum
1237 1222 1374 1285 mentita
1396 1220 1601 1286 formidinem
1624 1221 1840 1287 discoloribus
1862 1223 1946 1288 fucis
1961 1231 2051 1328 Sspm
2053 1241 2091 1325 ιι

294 1330 380 1394 ultro
403 1325 590 1414 expetenda
612 1325 696 1390 retia
717 1345 833 1388 manus
860 1325 1020 1409 magistra
1047 1324 1215 1409 conponit,
1244 1323 1516 1408 quemadmodum
1543 1346 1596 1389 me
1619 1332 1748 1411 captum
1771 1332 1805 1392 et
1830 1333 1947 1414 sponte
1992 1288 2051 1334 ω’

295 1431 443 1519 capistris
473 1451 530 1495 ora
557 1429 780 1516 porrigentem
805 1427 1040 1512 magnitudinis
1068 1433 1140 1490 vest
1142 1447 1198 1490 rae
1226 1433 1364 1493 tenuere
1394 1449 1570 1492 sermones
1617 1429 1781 1494 commissi
1814 1431 1982 1505 nescius2

294 1533 389 1599 robis
412 1532 668 1620 inpugnantibus
691 1531 747 1596 diu
769 1538 877 1595 utrum
901 1551 1006 1596 essem
1028 1531 1185 1595 innocens
1207 1531 1370 1616 inquisivi.
1416 1531 1504 1595 aliud
1534 1529 1717 1596 sentiebam
1740 1532 1781 1598 de
1805 1534 2047 1639 epistolatum
2056 1553 2092 1597 or

294 1644 415 1719 vestra,
439 1636 526 1702 aliud
548 1635 590 1700 de
612 1635 777 1721 proposito
801 1654 885 1698 meo.
923 1634 996 1718 quis
1020 1654 1100 1718 rogo
1122 1633 1186 1697 fuit
1209 1634 1361 1720 patrandi
1378 1635 1512 1699 sceleris
1527 1640 1595 1698 tam
1610 1642 1762 1700 vetustus
1777 1636 1949 1719 admissor,

217 1764 243 1801 ιι
296 1741 351 1827 qui
372 1740 601 1828 purgationem
624 1738 786 1820 crederet,
817 1738 844 1801 si
866 1737 973 1801 alieno
996 1758 1032 1801 se
1055 1737 1215 1802 fateretur
1241 1744 1418 1824 praecepto
1446 1758 1504 1801 suo
1533 1737 1617 1802 milit
1603 1745 1674 1803 tare
1704 1739 1843 1824 flagitio,
1877 1761 1950 1804 cum

294 1864 391 1909 nemo
413 1843 454 1908 de
477 1864 513 1908 se
542 1842 691 1907 confesso
720 1842 807 1905 iuste
838 1839 972 1904 credere
995 1840 1099 1925 possit
1122 1841 1243 1905 crimen
1267 1841 1433 1905 alienum?
1479 1841 1537 1905 sed
1560 1841 1689 1907 credo
1680 1843 1758 1906 ruris
1781 1848 1815 1908 et
1830 1835 2022 1962 legum

295 1953 465 2034 expertem
486 1946 588 2010 fuisse
610 1965 784 2030 personam
807 1950 840 2008 et
826 1942 926 2007 taola
942 1942 1122 2007 calliditate
1139 1944 1354 2028 conpositam,
1375 1944 1428 2008 cui
1445 1944 1546 2010 etiarn
1561 1944 1734 2010 imitandi
1725 1967 1759 2010 ιιι
1775 1947 1876 2032 script
1878 1948 1951 2013 ione

295 2049 404 2115 aliena
425 2048 601 2135 imaginem
624 2048 772 2113 veritatis
795 2068 873 2112 usus
897 2045 1068 2130 indulgeat
1091 2052 1125 2108 ct
1147 2046 1356 2131 proprietatis
1380 2047 1589 2113 simulacrum
1611 2049 1775 2114 lenocinia
1796 2050 1951 2136 pudenda

297 2153 479 2218 concilient.
522 2151 597 2216 nolo
621 2152 810 2236 cuiusquam
833 2170 952 2214 nomen
974 2149 1139 2214 incessere
1162 2169 1223 2214 nec
1248 2156 1359 2215 contra
1382 2152 1614 2217 conscientiam
1636 2155 1821 2218 accusantis
1842 2154 1983 2228 subire3

217 2278 242 2316 ιι
295 2277 479 2343 personam.
518 2255 639 2320 sufficit
655 2254 809 2341 pudorem
834 2274 943 2318 meum
965 2254 999 2316 in
1022 2254 1162 2318 statione
1186 2254 1353 2317 constitui:
1378 2255 1459 2319 alios
1481 2256 1605 2321 iactent
1628 2256 1754 2321 incerta
1771 2264 1953 2322 ventorum.

295 2379 356 2445 ego
378 2365 504 2440 tamen,
528 2358 590 2422 etsi
614 2359 765 2443 inperare
789 2357 869 2420 talia
892 2356 1074 2421 calcaribus
1098 2363 1227 2421 amatae
1251 2357 1401 2422 lectionis
1426 2358 1593 2444 adigerer,
1617 2359 1877 2445 patriarcharum
1899 2381 1951 2425 me

293 2462 474 2527 imitatione
497 2460 719 2528 defenderem.
764 2458 851 2523 furto
872 2457 972 2522 Iacob
1001 2459 1207 2544 primogeniti
1235 2458 1346 2524 fratris
1369 2461 1448 2525 vicit
1476 2466 1637 2543 aetatem,
1671 2462 1764 2526 cuius
1795 2462 1954 2527 beneficio

293 2566 512 2653 principatum
538 2563 692 2642 obtinuit,
724 2584 821 2649 quem
847 2569 965 2627 natura
982 2584 1060 2642 ,non
1091 2561 1238 2628 dederat.
1290 2562 1398 2627 David
1427 2563 1503 2629 dum
1531 2564 1686 2630 lustraret
1718 2564 1815 2630 deria
1845 2564 1984 2640 studi04

293 2669 391 2755 fugae
415 2674 449 2732 et
471 2673 612 2752 angusta
634 2674 809 2747 terrarum,
833 2665 1060 2753 propositionis
1083 2664 1223 2752 panibus
1246 2665 1368 2731 famem
1392 2666 1519 2752 depulit
1542 2674 1576 2732 et
1599 2675 1712 2732 contra
1734 2667 1816 2753 legis
1839 2667 1952 2746 vetita,

214 2792 242 2832 so
295 2792 380 2857 quae
402 2771 542 2835 minores
565 2769 666 2835 babet
688 2771 831 2850 aculeos,
856 2768 998 2834 esuriem
1021 2769 1164 2854 corporis
1188 2770 1357 2854 effugavit.
1396 2792 1457 2856 ego
1473 2768 1626 2853 inediam,
1650 2792 1747 2857 quam
1769 2771 1810 2837 de
1833 2770 1951 2836 divinis

293 2874 385 2940 libris
414 2876 522 2941 anima
550 2876 698 2960 inpastus
728 2893 958 2959 conceperam,
992 2872 1214 2938 marcentibus
1242 2872 1299 2937 diu
1327 2873 1426 2939 debui
1453 2875 1593 2938 tolerare
1620 2875 1818 2956 visceribus,
1849 2875 1953 2940 donec

294 2985 452 3067 concepta
474 2979 544 3043 lues
567 2978 607 3044 ad
629 2978 743 3043 vitalia
771 2982 901 3042 secreta
922 2983 1148 3063 percurreret?
1192 2975 1313 3042 Daniel
1343 2977 1504 3063 propheta
1532 2975 1642 3041 divina
1669 2976 1823 3063 dogmma
1853 2978 1952 3064 regiis

294 3081 451 3147 subduxit
464 3080 700 3169 penetralibus,
724 3101 807 3165 quae
824 3079 865 3143 ad
881 3080 1130 3145 instructionem
1146 3102 1239 3145 suam
1254 3080 1393 3166 pudicus
1410 3086 1443 3146 et
1457 3079 1633 3145 imitandus
1657 3086 1768 3166 raptor
1790 3081 1949 3149 adiunxit.

294 3185 372 3271 qnid
393 3185 484 3250 iurat
505 3185 553 3250 ire
576 3206 636 3272 per
657 3184 795 3269 singula,
820 3204 893 3248 cum
916 3184 958 3248 ad
981 3185 1147 3249 munimen
1169 3185 1370 3270 inpugnatae
1393 3206 1458 3250 una
1475 3183 1615 3249 sufficiat
1630 3184 1671 3248 de
1689 3185 1981 3259 commemoratis5

215 3308 242 3347 ιι
294 3309 435 3375 persona
464 3287 699 3368 conscientiae,
731 3308 814 3372 quae
842 3292 953 3351 tamen
976 3286 1194 3352 verecundiae
1218 3308 1298 3351 suae
1322 3293 1356 3352 et
1377 3287 1519 3351 naturali
1541 3293 1578 3351 ut
1601 3287 1647 3352 ita
1669 3287 1808 3352 dixerim
1831 3286 1950 3352 debili-

293 3392 353 3456 tati
376 3398 453 3456 ante
476 3391 665 3458 neccssaria
687 3390 843 3478 petitione
865 3391 1059 3476 prospexit.
1098 3411 1173 3455 nam
1190 3397 1223 3455 et
1239 3392 1266 3454 si
1283 3411 1354 3454 sum
1370 3397 1445 3476 post
1467 3391 1687 3508 negationem,
1710 3391 1766 3476 qui
1790 3411 1843 3455 me
1860 3411 1951 3455 reum

293 3495 443 3575 fecerim,
482 3495 665 3561 aestimate
716 3493 792 3558 doct
778 3500 881 3558 torem
910 3492 1071 3579 Libycum
1105 3494 1258 3559 adseritis
1297 3494 1426 3559 sublata
1454 3515 1474 3558 a
1502 3514 1538 3558 se
1571 3494 1634 3581 piri
1669 3514 1766 3580 poma
1803 3494 1946 3559 flevisse.
1958 3500 2105 3607 gennep.

292 3598 409 3664 merito
437 3598 590 3664 lamentis
624 3596 823 3684 expiandum
853 3604 919 3676 est,
956 3597 1041 3682 quod
1076 3617 1149 3661 cum
1178 3596 1311 3683 pudoris
1340 3594 1510 3684 dispendio
1537 3603 1653 3661 venter
1679 3596 1830 3682 adquirit.
1874 3596 1950 3660 vilia
2098 3583 2105 3598 ’

292 3701 414 3767 fuerint
434 3701 519 3767 forte
542 3721 626 3788 quae
649 3700 780 3765 sustulit
802 3705 859 3764 aut
880 3699 1093 3785 neglegentia
1121 3705 1178 3764 aut
1204 3721 1266 3764 usu
1298 3706 1355 3765 aut
1382 3704 1579 3786 tempestate
1606 3699 1769 3785 peritura,
1799 3720 1863 3763 non
1889 3699 1951 3762 fuit

294 3805 392 3890 culpa
406 3825 529 3870 vacuus
552 3810 663 3869 tamen
686 3805 779 3869 iuxta
801 3803 984 3890 apostolum
1001 3810 1125 3889 raptor:
1150 3824 1280 3868 caruem
1298 3823 1395 3888 quam
1411 3803 1552 3867 animam
1567 3802 1642 3888 plus
1659 3802 1788 3866 amavit.
1828 3801 1981 3874 Tobias'l

291 3907 452 3994 propheta
474 3906 658 3972 huiusmodi
682 3906 945 3971 commissoribus
969 3907 1107 3971 occurrit
1130 3914 1163 3972 et
1190 3906 1301 3971 divina
1324 3927 1403 3971 voce
1432 3911 1575 3971 testatur
1603 3905 1729 3970 dicans:
1766 3908 1841 3971 ‘non
1870 3907 2011 3974 licetroo.
2026 3935 2047 3985 ι,
2060 3936 2095 3976 ιι.

291 4011 386 4077 nobis
400 4011 522 4098 aliquid
539 4011 736 4076 manducare
751 4008 929 4075 furtivum’
968 4031 1041 4074 cum
1057 4009 1199 4076 dixisset
1220 4010 1429 4088 manducare,
1453 4030 1518 4073 non
1539 4008 1640 4073 dixit:
1664 4030 1728 4074 non
1751 4009 1829 4075 licet
1851 4009 1946 4074 nobis

292 4114 416 4201 aliquid
438 4116 588 4180 lectitare
610 4114 774 4178 furtivum.
812 4112 943 4194 Iosiam,
966 4120 1003 4178 ut
1025 4121 1137 4179 narrat
1159 4114 1305 4197 historia,
1330 4115 1487 4200 subrepta
1510 4134 1653 4200 papyrus
1676 4114 1842 4180 instruxit.
1888 4135 1949 4199 ego

291 4218 464 4283 homuncio
486 4217 548 4283 hoc
570 4237 635 4283 non
666 4217 825 4297 facerem,
860 4238 956 4302 quem
982 4237 1041 4282 vos
1074 4223 1186 4282 contra
1213 4219 1336 4303 ingenii
1367 4219 1452 4281 viras
1480 4216 1521 4281 ad
1551 4217 1723 4281 scientiam
1750 4217 1949 4304 diligendam
1969 4204 2087 4303 Em,

293 4320 467 4387 verboram
491 4321 631 4386 stimulis
646 4319 776 4386 foditis?
814 4319 873 4384 sed
895 4328 1043 4386 revertor
1065 4321 1228 4386 advirum
1252 4323 1419 4408 optimum,
1441 4320 1592 4409 praefati,
1616 4328 1773 4406 quantum
1797 4323 1983 4404 scribitis,8

294 4423 429 4490 sceleris
459 4423 685 4506 admissorem,
716 4423 771 4509 qui
800 4422 834 4486 in
862 4428 1001 4510 unaque
1029 4432 1123 4510 parte
1154 4422 1253 4490 fidem
1276 4425 1402 4490 violans
1430 4446 1491 4489 nac
1515 4444 1571 4488 vos
1604 4426 1782 4491 securitate
1813 4447 1874 4492 nec
1900 4447 1953 4491 me

293 4527 383 4611 iacti,
405 4529 433 4592 si
456 4528 583 4615 scripsi,
606 4527 811 4614 perfectione
835 4526 976 4594 donavit.
1023 4531 1191 4616 contingat
1212 4531 1309 4613 mihi,
1333 4533 1424 4597 salva
1446 4531 1671 4617 magnitudine
1694 4537 1820 4614 restra,
1845 4550 1954 4596 coram

293 4630 400 4716 posito
422 4630 601 4696 secundum
624 4630 778 4695 mandata
800 4629 854 4697 dei
878 4633 960 4697 tanti
984 4633 1057 4714 viri,
1080 4640 1176 4720 prout
1198 4633 1300 4700 habet
1323 4636 1450 4700 animus
1472 4655 1577 4717 meus,
1602 4640 1698 4720 terga
1720 4636 1879 4700 mulcare.

397 4924 464 4994 [vn]
501 4926 666 4979 lEnnodins
684 4927 807 4979 Faustob
911 4926 1099 4995 2ansgnistici
1117 4930 1222 4994 codices,
1241 4930 1338 4982 entend.
1351 4928 1430 4981 Siros.
1501 4930 1580 4982 suade
1596 4928 1628 4993 B,
1644 4945 1742 4981 sununs
1758 4927 1811 4992 VL,
1828 4929 1904 4981 suani
1917 4928 1952 4980 Ob

292 5010 311 5066 3
327 5030 384 5066 esse
400 5014 497 5066 credidi
514 5030 568 5066 rem
580 5014 614 5078 B,
631 5031 687 5066 esse
699 5014 848 5065 crediderim
865 5014 943 5078 VLT,
961 5015 1112 5067 crediderim
1128 5032 1184 5068 asse
1196 5013 1264 5080 OPb,
1281 5017 1377 5069 credidi
1388 5033 1442 5068 rem
1454 5033 1510 5067 esse
1524 5015 1602 5068 Sina.
1707 5013 1725 5066 b
1742 5016 1876 5067 formidine
1891 5011 1952 5066 CPb

293 5098 419 5152 &manus
435 5117 484 5152 om.
503 5099 529 5151 B
604 5107 731 5168 conponat
746 5099 772 5150 B
885 5099 995 5153 duobis
1017 5119 1066 5153 om.
1086 5101 1111 5152 B
1232 5100 1249 5153 9
1271 5105 1406 5169 patrandae
1430 5104 1520 5155 celeris
1537 5102 1580 5153 13¹
1675 5099 1802 5168 vetustus]
1827 5110 1953 5153 venustus

294 5185 382 5250 dina,
399 5194 520 5239 versutus
530 5188 598 5253 sort.
710 5184 743 5236 12
760 5186 897 5238 scribtione
914 5186 940 5239 B
1052 5186 1085 5238 13
1103 5205 1167 5240 usus
1179 5187 1212 5251 Β,
1230 5206 1278 5240 oos.
1292 5189 1367 5241 ceteri
1436 5187 1595 5242 linociniaB
1699 5185 1732 5239 16
1750 5197 1860 5240 mursae
1873 5186 1952 5241 Siros.

292 5272 461 5340 ιιιὶςιιιιιΙια
565 5270 601 5323 20
619 5272 773 5324 enodismB
876 5272 911 5325 22
928 5274 1120 5329 danihelBVL
1218 5272 1252 5325 23
1270 5275 1433 5341 pedicusB¹
1487 5314 1495 5328 .
1530 5272 1565 5326 24
1583 5271 1794 5340 commemoratis]
1813 5277 1953 5328 numeratis

294 5357 374 5411 aim.
482 5355 516 5409 27
534 5359 583 5427 piri
601 5357 686 5426 poma]
704 5361 833 5427 peripoma
845 5361 951 5425 codices,
968 5361 1066 5414 rasead.
1079 5360 1168 5425 Sirra,
1187 5378 1265 5429 puero
1285 5380 1359 5429 poma
1371 5360 1460 5414 Sebott
1571 5356 1607 5410 30
1624 5361 1720 5411 amabit
1731 5359 1837 5424 codices,
1855 5360 1953 5412 eamd.

294 5443 373 5495 Sim
494 5442 528 5495 31
552 5446 801 5498 commessoribusB
921 5445 956 5499 34
973 5448 1092 5500 homucio
1108 5447 1187 5498 BVL
1305 5446 1341 5499 35
1365 5449 1450 5500 foditis
1468 5447 1562 5510 Sina,
1588 5446 1679 5498 sodalis
1696 5445 1736 5509 B,
1762 5447 1855 5498 fauetis
1879 5447 1955 5499 ceteri

291 5527 327 5581 36
343 5530 552 5583 admossoremB
654 5529 970 5586 alternamento
1074 5531 1109 5586 38
1127 5535 1237 5588 multare
1256 5530 1315 5585 GPb
1422 5586 1427 5593 ,

1711 5674 1750 5730 2*
