4500 6232
322 280 384 341 236
713 275 845 332 CCCXVI
862 274 986 343 (uulsa.
1004 274 1029 339 ยนl,
1047 276 1092 340 11)
1111 302 1143 311 -
1161 269 1321 326 CCCXVIII
1339 272 1463 338 (EPIS'I'.
1482 272 1506 336 7,
1524 273 1578 340 13).

321 448 421 511 animi
451 449 514 511 mei
548 448 692 512 remedia
721 449 949 514 incunctanter
980 446 1148 520 adhibete,
1182 451 1219 507 ut
1248 447 1393 529 quamvis
1425 444 1590 510 defuerint
1621 446 1777 512 hacteuus
1808 450 1987 515 affectioni

322 551 444 637 pabula
473 574 547 633 sua,
575 554 607 616 in
632 554 775 618 statione
800 576 872 618 esse
896 562 1006 617 tamen
1030 550 1191 636 promissa
1215 549 1333 613 caritas
1356 547 1548 612 innoteseat.
1593 548 1723 615 domiue
1746 552 1806 632 mi,
1833 553 1985 619 salutem

321 655 546 741 plenissimam
576 654 690 720 dicens
720 677 860 740 quaeso.
894 665 930 720 ut
960 653 1197 741 exspectationi
1224 673 1318 716 meac
1346 651 1431 737 quod
1455 651 1577 717 suflicit
1598 653 1751 740 loquendi
1775 657 1985 742 peritissimo

322 779 386 821 non
411 764 560 843 negetur.

926 962 1109 1032 CCCXVII
1132 962 1242 1045 (sessu.
1262 966 1290 1043 7,
1307 961 1374 1059 12).

749 1159 985 1233 euuoorvs
1012 1157 1295 1233 uoaursnae
1322 1129 1547 1230 elaeone.

295 1314 305 1371 ยน
432 1306 567 1401 Nullus
599 1344 784 1401 remaneret
813 1337 974 1422 imperitis
1007 1337 1098 1400 locus
1127 1334 1257 1409 veniae,
1292 1333 1319 1397 si
1347 1333 1441 1418 plura
1467 1333 1693 1418 loquerentur:
1729 1335 1798 1397 sola
1829 1334 1982 1398 brevitas

323 1439 530 1503 commendat
565 1438 721 1504 indoctos.
774 1461 871 1527 supra
909 1462 1053 1505 errorem
1086 1446 1138 1504 est
1174 1438 1301 1524 prolixa
1337 1436 1480 1500 narratio
1516 1437 1713 1500 rusticantis.
1767 1436 1898 1521 quando
1934 1437 1982 1502 ab

323 1543 437 1625 ignaro
468 1550 634 1607 extortum
664 1544 764 1608 fucrit
793 1544 879 1629 quod
907 1543 962 1606 diu
989 1545 1129 1627 legatur,
1157 1540 1219 1605 sibi
1246 1561 1414 1605 rancorem
1444 1560 1538 1603 suum
1567 1539 1666 1604 debet
1697 1547 1839 1604 exactor.
1885 1541 1982 1626 quis-

323 1666 462 1730 quamne
488 1645 651 1710 hominum
675 1647 707 1710 in
729 1647 861 1732 longum
883 1648 953 1711 vult
975 1645 1173 1711 fastidienda
1194 1643 1372 1731 procedere
1397 1648 1430 1707 et
1451 1642 1540 1705 nulle
1563 1663 1680 1729 sapore
1704 1641 1834 1706 condita
1857 1641 1982 1707 breves

323 1750 479 1813 terminos
503 1771 568 1813 non
592 1749 736 1814 habere?
775 1749 925 1815 Romana
948 1751 1021 1822 hoe,
1044 1750 1156 1829 frater,
1179 1754 1212 1812 et
1234 1748 1368 1812 nimium
1385 1747 1500 1811 artifici
1522 1741 1703 1811 subtilitate
1720 1747 1892 1831 flagitasti:
1916 1746 1981 1811 sed

293 1854 384 1916 2nos
408 1859 520 1917 contra
543 1854 721 1918 fabricatos
746 1855 851 1917 munit
874 1855 1064 1939 simplicitas
1088 1853 1186 1917 nullis
1210 1852 1356 1915 colorata
1378 1850 1574 1936 praestigiis.
1613 1851 1734 1915 etenim
1758 1850 1907 1936 quamvis
1923 1869 1981 1914 me

322 1955 496 2020 delenifica
519 1957 678 2041 epistolae
703 1962 780 2020 tuae
804 1957 951 2020 oratione
975 1955 1180 2041 produxeris,
1203 1955 1267 2017 mei
1290 1955 1513 2017 immemorem
1537 1974 1602 2017 non
1626 1953 1744 2018 iecisti.
1780 1954 1846 2017 seio
1868 1959 1983 2017 artare

322 2059 489 2143 peginam,
519 2061 611 2124 cuius
640 2061 780 2144 pretium
811 2060 1035 2144 promulgator
1062 2058 1229 2143 intellego.
1275 2057 1405 2120 noveris
1427 2078 1479 2121 me
1503 2063 1612 2120 tamen
1635 2057 1716 2120 meis
1738 2055 1887 2141 partibus
1912 2076 1982 2121 nou

322 2160 451 2237 deesse,
476 2161 625 2245 quamvis
649 2164 799 2225 vocatia
824 2162 966 2227 medium
990 2168 1024 2227 et
1045 2162 1190 2226 urbanus
1214 2168 1247 2225 et
1270 2161 1418 2225 clericus.
1463 2160 1520 2224 sed
1544 2159 1621 2245 quid
1644 2159 1789 2245 produco
1812 2163 1982 2246 paginam,

323 2264 414 2327 euius
438 2265 588 2349 superius
612 2266 794 2348 angustiam
818 2266 1016 2350 pollicebar?
1055 2266 1137 2330 haec
1160 2264 1239 2328 mihi
1264 2285 1336 2327 euru
1360 2270 1490 2328 amante
1514 2265 1727 2332 concertatio.
1751 2265 1826 2329 talis
1849 2263 1980 2327 fructus

294 2368 378 2430 3est
400 2367 593 2434 litterarum.
631 2368 760 2433 domine
776 2371 831 2445 mi,
856 2371 996 2434 salutem
1013 2369 1211 2435 uberrimam
1228 2368 1341 2433 dicens
1358 2389 1480 2453 precor,
1503 2374 1539 2432 ut
1555 2368 1675 2432 Christi
1692 2369 1794 2433 nostri
1811 2369 1982 2432 tribuente

326 2469 547 2534 misericordia
564 2469 677 2533 crebro
695 2473 834 2536 salutem
847 2480 990 2537 vestram
1005 2474 1124 2537 votivis
1141 2473 1229 2551 mibi,
1246 2472 1321 2536 dum
1336 2493 1443 2536 meam
1456 2473 1623 2556 quaeritis,
1640 2473 1797 2535 nuntietis
1811 2471 1981 2535 affatibus.

915 2760 1120 2830 CCCXVIII
1144 2762 1255 2848 (uersu.
1273 2767 1301 2844 7,
1321 2764 1386 2846 13).

925 2957 1161 3032 ENNODIVS
1188 2957 1378 3033 BOETIO.

296 3112 307 3171 ยน
447 3101 491 3196 Si
514 3131 655 3196 liberum
685 3141 774 3197 cssct
803 3135 963 3219 imperata
988 3135 1126 3211 differri,
1159 3134 1394 3199 concederetur
1414 3133 1492 3197 mihi
1517 3132 1622 3196 adhuc
1646 3142 1834 3196 ornamenta
1856 3134 1981 3199 silentii

324 3257 388 3299 non
420 3236 539 3321 perire.
593 3258 666 3300 narn
700 3237 931 3300 taciturnitatis
967 3258 1083 3302 munus
1117 3245 1182 3308 est,
1218 3237 1301 3322 quod
1339 3258 1403 3301 non
1435 3235 1645 3299 inhumanum
1679 3236 1767 3321 loqui
1795 3257 1846 3299 mc
1879 3259 1979 3322 posse

324 3337 518 3402 credidistis.
565 3340 673 3405 videte
704 3346 859 3425 quantum
889 3341 1020 3425 linguae
1044 3342 1176 3425 genium
1199 3363 1264 3404 vox
1287 3361 1400 3427 pressa
1423 3340 1607 3403 contulerit.
1654 3338 1712 3402 sed
1735 3360 1786 3402 res
1810 3348 1860 3404 est
1883 3343 1981 3406 vacui

325 3444 468 3526 pectoris
497 3442 683 3528 periclitata
712 3442 855 3507 remedia
877 3464 942 3506 non
967 3450 1089 3507 tenere.
1135 3444 1204 3527 agit
1227 3444 1385 3507 sermonis
1409 3462 1500 3518 cura,
1532 3463 1573 3505 ne
1597 3443 1830 3527 promulgantis
1853 3444 1982 3508 ecletur

327 3547 467 3626 inscitia,
491 3546 620 3631 quando
644 3548 700 3610 etii
724 3548 818 3611 labor
841 3547 976 3631 gloriam
1000 3546 1174 3632 intercipit.
1214 3568 1291 3611 ecce
1316 3567 1377 3630 ego
1401 3545 1457 3609 ille
1480 3551 1556 3609 ante
1579 3545 1804 3629 probationem
1827 3546 1980 3611 laudatus

327 3648 448 3712 subdor
477 3649 621 3712 examini
651 3655 684 3712 ct
706 3650 806 3714 ferias
830 3672 937 3723 meas,
968 3672 1008 3713 ne
1032 3649 1145 3714 videar
1168 3649 1411 3736 praedieatione
1436 3648 1567 3732 dignus,
1598 3649 1757 3736 inrumpo.
1803 3672 1875 3715 nam
1900 3651 1978 3715 dum

294 3753 492 3817 2humilitas
517 3752 623 3817 reddit
646 3752 853 3838 obsequium,
882 3755 1057 3840 impetrata
1080 3775 1140 3841 per
1162 3754 1327 3818 silentium
1350 3774 1414 3817 non
1439 3753 1608 3816 habemus.
1653 3759 1687 3816 tu
1712 3754 1744 3817 in
1768 3776 1834 3833 mc,
1863 3775 1977 3820 emen-

325 3855 493 3919 datissime
517 3854 695 3935 hominum,
719 3856 864 3940 dignaris
887 3857 1078 3941 praedicare
1102 3858 1252 3937 virtutes,
1276 3877 1371 3941 quem
1396 3856 1428 3919 in
1452 3857 1546 3919 annis
1569 3855 1748 3941 puerilibus
1772 3857 1842 3920 sine
1858 3858 1978 3922 aetatis

323 3959 523 4044 praeiudicio
555 3959 715 4024 Industria
744 3960 822 4025 fecit
852 3961 1036 4045 antiquum,
1067 3961 1121 4045 qui
1149 3982 1208 4048 per
1236 3959 1437 4045 diligentiam
1469 3959 1585 4044 imples
1609 3980 1705 4022 omne
1729 3960 1815 4044 quod
1840 3961 1977 4046 cogitur,

325 4063 376 4125 cui
400 4063 486 4127 inter
501 4063 591 4126 vitea
617 4061 755 4126 exordia
779 4062 873 4126 ludus
897 4072 947 4128 cst
971 4065 1121 4128 lectionis
1146 4063 1320 4128 assiduitas
1344 4072 1377 4127 ct
1401 4062 1549 4126 deliciae
1562 4061 1661 4125 sudor
1677 4064 1814 4137 alienus,
1838 4065 1870 4126 in
1887 4064 1978 4128 cuius

325 4165 474 4228 manibus
504 4165 672 4250 duplicato
702 4167 778 4249 igue
812 4169 922 4232 rutilet
952 4189 1016 4253 qua
1040 4175 1169 4232 veteres
1200 4168 1272 4230 lace
1302 4166 1474 4230 fulserunt.
1519 4186 1593 4228 nam
1617 4165 1702 4250 quod
1724 4167 1779 4230 vin
1802 4165 1978 4231 maioribus

296 4269 414 4332 3cirea
442 4269 684 4333 extremitatem
714 4271 801 4333 vitae
832 4272 983 4356 contigit,
1016 4271 1077 4335 hoc
1106 4270 1165 4335 tibi
1195 4269 1341 4333 abundat
1367 4269 1399 4331 in
1430 4269 1552 4332 limine.
1597 4290 1674 4333 vere
1697 4269 1816 4335 dedisti
1838 4270 1977 4357 pretium

326 4372 516 4455 loquacitati
546 4393 656 4452 meac,
686 4373 762 4437 dum
793 4374 1033 4438 desiderantem
1061 4374 1232 4459 conloquia
1261 4373 1386 4457 primus
1410 4371 1610 4456 aggrederis.
1656 4375 1792 4458 contigit
1820 4395 1902 4439 nova
1927 4397 1979 4439 res

327 4475 470 4558 garrulo,
493 4482 530 4537 ut
554 4496 657 4560 usquc
680 4475 763 4540 adeo
786 4478 1030 4564 produceretur,
1055 4479 1160 4543 donce
1184 4479 1356 4563 exigerent
1378 4477 1498 4561 scripta
1522 4498 1723 4563 responsum.
1760 4478 1821 4544 deo
1845 4480 1978 4564 gratias,

327 4578 382 4662 qui
405 4578 541 4642 occultis
567 4579 739 4643 itineribus
764 4579 804 4645 de
827 4582 1001 4667 propinqui
1016 4604 1075 4647 vos
1091 4583 1280 4646 neccssaria
1294 4581 1467 4645 affectione
1487 4582 1696 4646 commonuit.
1734 4602 1811 4646 ecee
1827 4582 1977 4666 geminae

328 4701 444 4745 causas
476 4681 615 4746 iniuriae
650 4684 714 4747 iam
751 4686 884 4748 tenetis:
922 4707 996 4749 uam
1029 4692 1203 4771 postquam
1234 4685 1375 4769 agrestis
1404 4684 1545 4764 innotui,
1580 4706 1753 4772 praesumo
1784 4685 1893 4749 dicere
1924 4706 1977 4749 me

295 4789 506 4871 tparcntcm.
552 4785 682 4851 domine
705 4789 764 4859 mi,
800 4789 1002 4852 salutationis
1033 4790 1173 4853 officium
1202 4787 1314 4853 dicens
1343 4809 1454 4875 spero,
1491 4795 1526 4852 ut
1551 4790 1637 4853 cirea
1660 4790 1841 4853 litteramnr
1864 4789 1975 4852 munia

327 4889 545 4974 frequentiam
571 4887 793 4961 commodetis,
818 4893 850 4954 in
874 4912 938 4976 quo
962 4913 1062 4976 opere
1086 4891 1316 4956 adsiduitatem
1340 4899 1372 4957 et
1398 4913 1511 4956 amans
1535 4893 1672 4957 exhibet
1695 4901 1728 4957 et
1750 4892 1917 4957 facundus.

429 5097 446 5147 2
463 5096 507 5162 mi}
526 5099 589 5148 mihi
606 5098 649 5147 VL

431 5197 589 5267 [CCCXVII]
629 5200 660 5250 lb
679 5201 740 5250 milri
758 5200 807 5263 ฮคฮ,
825 5201 859 5250 uri
876 5199 904 5263 V,
922 5200 1011 5251 rniฮ11
1134 5199 1165 5251 Iti
1183 5200 1227 5267 mi]
1246 5204 1307 5253 milri
1325 5202 1369 5252 VI.
1451 5205 1539 5255 diceus
1556 5223 1604 5254 om.
1618 5203 1642 5254 L
1721 5202 1825 5271 Cluisti]
1844 5205 1884 5255 dei
1899 5204 1979 5255 Sir-ra.

329 5285 359 5337 lI
378 5288 550 5340 misericordia
568 5298 596 5339 ut
614 5289 703 5339 crebro
723 5286 765 5337 Vl.

432 5389 605 5457 [CCCXVIII]
635 5390 667 5440 19
685 5392 771 5443 adhue
788 5392 851 5442 mibi
864 5391 943 5443 Sina.
1039 5389 1073 5441 ab
1092 5393 1146 5442 fuce
1161 5391 1189 5454 0,
1207 5393 1274 5442 fasce
1290 5390 1364 5441 VLT
1456 5391 1490 5443 33
1503 5392 1513 5456 ฮฮ
1525 5395 1643 5460 genuinae
1661 5411 1751 5446 causas
1768 5396 1844 5460 incip.
1858 5394 1942 5445 denuo
1954 5394 1981 5444 B

327 5474 361 5525 34
379 5486 493 5542 agrestes
505 5477 530 5527 B
615 5478 697 5528 dicere
715 5494 755 5529 rrrc
768 5477 801 5539 B,
819 5494 859 5528 mc
877 5479 960 5530 โนlicorc
977 5479 1052 5529 ceteri
1176 5474 1210 5527 35
1227 5475 1271 5542 mi]
1290 5480 1351 5529 mibi
1362 5479 1440 5532 BVL
1524 5481 1686 5532 salutatiouis
1702 5482 1801 5547 scripsi,
1818 5481 1934 5532 emutatis
1946 5480 1980 5546 B,

327 5563 419 5613 salutis
436 5563 458 5611 V
459 5562 480 5613 ฮ,
487 5563 536 5626 Tu,
554 5564 656 5615 salertati
675 5565 739 5615 coni.
753 5564 849 5615 Horat
952 5563 986 5616 36
1003 5565 1187 5616 adsiduetutem
1199 5562 1233 5626 B,
1249 5565 1425 5617 assiduitatem
1440 5566 1464 5615 1โท
1527 5567 1626 5619 exbibit
1637 5565 1663 5615 B

2039 3266 2068 3303 :ยณโฐ
