4500 6232
788 279 809 334 1.
836 277 883 335 ult
903 277 991 334 VITA
1010 276 1058 333 ΕΤ
1077 277 1238 339 scelests
1256 281 1407 340 ENNODI.
1818 287 1923 344 XXVII

534 487 537 490 ·
579 455 767 522 Euhodiae:
1353 514 1395 549 Ι.
1458 456 1600 524 Paulus:

272 578 499 669 perachino
535 578 692 663 utrimque
729 576 821 659 {inter
854 573 1009 659 Nepotem
1043 585 1074 638 et
1127 573 1237 641 XV5
1282 598 1353 639 cum
1380 577 1460 640 inter
1481 577 1636 665 Nepotem
1664 589 1696 643 et
1717 579 1867 646 Euricunr
1890 582 1929 647 li·

427 681 588 765 Euricuml
616 680 716 744 litium
744 687 913 764 coeperunt
937 678 1073 740 fomenta
1282 679 1360 742 tium
1383 680 1520 744 fomenta
1542 682 1713 746 crevissent

427 805 614 868 consurgere

272 910 380 997 psas
425 905 568 968 Orestem
598 901 638 967 ad
666 925 735 966 eam
762 900 930 984 {Ticinuml
960 899 1076 966 fiducia
1126 899 1238 965 xva
1284 901 1413 967 Orestes
1434 903 1516 968 intra
1531 903 1675 969 Ticinum
1697 928 1730 970 se
1745 906 1928 972 munitionis

428 1007 610 1072 munitionis
634 1005 745 1069 inritat
1282 1004 1396 1071 fiducia
1418 1006 1576 1071 concludit

272 1157 303 1222 p.
311 1133 404 1211 asto
427 1127 568 1194 dediticii
590 1126 742 1190 exereitus
767 1175 842 1188 ....
866 1125 947 1188 Tufa
1040 1147 1073 1187 se
1126 1124 1197 1190 XV
1221 1129 1259 1192 lli
1283 1125 1447 1193 dediticius
1470 1128 1622 1192 exercit-us
1643 1128 1737 1195 'luffa
1761 1129 1929 1214 instigante

427 1231 599 1318 desperatis
616 1227 826 1315 [Odovacrisl'
840 1229 982 1314 partibus
1005 1226 1074 1291 red-
1282 1229 1459 1294 Orlovacris
1484 1253 1517 1294 se
1539 1230 1681 1319 partibus
1704 1230 1842 1296 reddidit

428 1335 515 1401 deret

273 1478 322 1545 his
350 1475 471 1540 collatis
500 1473 561 1538 iam
590 1480 713 1536 constat
739 1471 872 1535 Paulum
902 1493 959 1534 sua
987 1468 1097 1532 delere
1129 1481 1181 1535 aut
1212 1471 1407 1557 compilatori
1435 1469 1559 1535 cuidam
1587 1472 1713 1538 Ennodi
1742 1483 1810 1551 atu,
1842 1472 1928 1558 quod

273 1580 415 1670 equidem
438 1576 540 1655 credo,
564 1577 624 1663 ipsi
648 1575 804 1641 Eanodio.

375 1683 470 1747 Nono
492 1682 616 1745 saeculo
644 1678 769 1744 Ennodi
796 1679 895 1763 gloria
923 1688 1084 1764 tantopere
1107 1688 1198 1743 aucta
1220 1690 1280 1758 est,
1307 1689 1340 1743 ut
1368 1680 1427 1765 ipsi
1455 1702 1553 1765 papae
1582 1702 1651 1744 cum
1676 1688 1836 1767 tamquam
1858 1702 1928 1764 gra·

274 1789 437 1853 vissimum
460 1793 615 1849 auctorem
640 1784 831 1870 appellarent
854 1783 939 1846 velut
961 1782 1111 1846 Nicolaus
1133 1783 1150 1844 l
1175 1784 1204 1845 in
1228 1783 1317 1868 epist.
1338 1785 1379 1848 86
1403 1782 1522 1866 (Migne
1541 1795 1619 1869 patr.
1638 1783 1689 1847 lat.
1708 1782 1825 1847 CXIX
1838 1786 1927 1860 9421:

479 1904 578 1983 ,Sicut
607 1925 737 1988 magnus
766 1902 882 1967 Christi
911 1902 1071 1965 consessor
1100 1901 1264 1966 Ennodius
1287 1902 1462 1972 Ticinensis
1486 1904 1665 1990 episcopus,
1692 1903 1746 1991 qui
1774 1903 1814 1967 ab
1843 1903 1928 1967 Hor·

428 2007 530 2073 misda
552 2007 741 2093 apostolieae
768 2006 932 2070 memoriae
956 2004 1262 2091 Constantinopolim
1287 2008 1402 2070 missus
1426 2007 1601 2070 innumerus
1625 2008 1766 2071 miserias
1789 2030 1808 2071 a
1830 2005 1928 2071 Grae-

428 2135 535 2176 corum
563 2111 689 2176 vesania
711 2133 768 2196 pro
791 2109 910 2173 Christi
932 2107 993 2173 lide
1014 2119 1046 2172 et
1068 2119 1149 2172 statu
1173 2110 1320 2173 eeclesiae
1343 2133 1404 2173 non
1428 2109 1521 2173 semel
1546 2110 1688 2195 pertulit,
1715 2133 1753 2175 cx
1776 2109 1927 2196 propheta

427 2215 466 2280 de
488 2215 536 2278 his
560 2215 714 2279 meminit:
747 2211 909 2297 Numquid
935 2212 1121 2296 gloriabitur
1147 2215 1262 2278 securis
1286 2223 1393 2279 cauum
1420 2238 1490 2279 eum
1520 2214 1571 2299 qui
1602 2222 1688 2277 secat
1717 2215 1746 2276 in
1775 2216 1832 2277 ca?
1876 2223 1928 2276 aut

427 2317 617 2382 exaltabitur
638 2339 722 2381 serra
744 2324 850 2378 cont-ra
873 2336 943 2378 eum
967 2316 1020 2399 qui
1043 2315 1138 2378 trahit
1160 2319 1258 2381 earnt‘
1281 2318 1328 2393 (cl'.
1352 2343 1381 2404 p.
1398 2322 1519 2396 satta

377 2439 532 2503 lohannes
556 2436 590 2502 V
592 2435 646 2498 ΙΙΙ
670 2437 701 2498 in
725 2434 859 2520 epistula
882 2432 922 2497 ad
945 2434 1122 2498 Berrarium
1146 2436 1288 2500 abbatem
1313 2437 1432 2521 (Mignc
1454 2461 1483 2523 p.
1500 2437 1519 2501 l.
1543 2436 1698 2502 CXXVI
1720 2439 1808 2514 seli:

479 2555 584 2636 ,Absit
609 2577 627 2618 a
654 2555 715 2641 piis
744 2554 900 2618 mentibus
929 2553 1005 2639 quid
1039 2554 1078 2619 de
1105 2554 1238 2620 Romani
1269 2558 1413 2621 culminis
1441 2558 1586 2643 pontifice
1616 2558 1777 2622 sinistrum
1805 2556 1927 2633 sentire,

429 2683 499 2724 curn
522 2659 614 2723 beato
637 2657 783 2722 Eunorlio
806 2657 982 2721 confessore
1004 2658 1178 2722 'l'icineusis
1202 2659 1287 2722 urbis
1312 2660 1449 2724 antistite
1472 2660 1624 2725 scribente
1647 2658 1827 2736 doceamur,
1854 2657 1927 2744 quia

428 2761 504 2826 deus
528 2762 724 2848 omnipotens
748 2769 803 2824 aut
825 2761 925 2824 claros
948 2760 987 2825 ad
1011 2771 1098 2825 tanta
1120 2761 1243 2845 fastigia
1267 2762 1356 2845 erigit
1385 2773 1438 2826 aut
1465 2774 1545 2826 (erte
1567 2786 1645 2849 quos
1668 2763 1761 2846 elegit
1784 2761 1928 2826 illustrat‘

429 2866 477 2945 (cl.
500 2889 530 2952 p.
546 2868 596 2943 52,
612 2867 669 2941 19).

377 2988 471 3051 Hanc
484 2984 608 3053 laudem
623 2984 732 3049 debuit
746 2983 911 3048 Eunodius
922 2983 1120 3069 potissimum
1135 2984 1240 3049 libello
1256 2984 1459 3071 apologetico,
1478 2985 1529 3070 qui
1548 3007 1644 3071 usque
1660 2983 1700 3049 ad
1712 2982 1791 3049 illud
1806 2992 1927 3069 tempus

273 3091 437 3179 perpaucis
460 3088 586 3155 Ennodi
608 3087 768 3154 codicibus
792 3088 925 3152 insertus
949 3096 980 3151 ct
1001 3087 1080 3152 iuter·
1106 3088 1168 3152 alia
1190 3088 1257 3151 eius
1281 3110 1374 3174 opera
1397 3087 1523 3152 abditus
1546 3111 1565 3154 a
1586 3086 1852 3152 Pseudo-Isidoro
1875 3084 1928 3149 de-

272 3219 373 3273 mum,
395 3195 447 3281 qui
471 3217 541 3258 eum
565 3191 770 3257 decretalibus
794 3191 859 3256 suis
883 3191 1029 3269 iniunxit,
1054 3214 1071 3255 e
1093 3192 1351 3256 bibliothecamm
1374 3191 1509 3256 tenebris
1533 3191 1563 3255 in
1587 3191 1687 3256 lucem
1711 3191 1849 3277 pmlatus
1872 3199 1928 3254 est.

272 3298 387 3363 Isidori
402 3297 537 3384 gratiam
552 3295 716 3361 Ennodius
739 3318 776 3359 eo
796 3296 855 3360 sibi
872 3295 1100 3374 conciliaverat,
1122 3293 1206 3380 quod
1230 3294 1374 3358 omuibus
1392 3294 1511 3359 virilius
1535 3293 1749 3358 auctoritatem
1772 3292 1929 3380 pontilicis

273 3401 408 3468 Romani
435 3424 547 3487 augere
575 3410 806 3485 ceterorumque
832 3398 1050 3486 episcoporum
1077 3408 1259 3485 potestatem
1289 3397 1508 3463 circumcidere
1537 3399 1628 3462 nixus
1656 3407 1734 3464 erat:
1763 3393 1929 3461 Eunodius

272 3491 540 3591 primustitulum
562 3526 662 3591 papae
686 3504 739 3567 uni
761 3503 909 3589 episcopo
925 3502 1069 3567 Romano
1091 3512 1269 3571 constanter
1290 3503 1439 3587 attribuit,
1461 3525 1576 3590 papam
1599 3525 1618 3568 a
1639 3501 1772 3567 concilio
1788 3499 1928 3564 damnari

272 3629 366 3695 posse
388 3607 514 3691 negavit
535 3607 650 3693 apertis
666 3606 769 3671 verbis
793 3629 887 3670 ausus
904 3606 1057 3671 affirmare
1079 3609 1265 3692 (p.52,18):
1288 3607 1330 3685 ,in
1353 3630 1416 3692 quo
1431 3607 1590 3693 (episcopo
1606 3606 1759 3682 Romano)
1783 3603 1808 3667 si
1826 3601 1930 3666 ‹lesint

274 3710 356 3774 bona
376 3709 534 3796 adquisita
556 3735 610 3798 per
633 3712 785 3790 meritum,
807 3710 966 3779 sufficiunt
986 3732 1065 3795 quae
1087 3734 1106 3775 a
1128 3710 1188 3774 loci
1210 3710 1372 3777 ‹ieressore
1394 3720 1599 3798 praestantur.
1648 3720 1702 3774 aut
1723 3708 1804 3797 enim
1828 3706 1929 3770 claros

274 3811 314 3878 ad
336 3813 412 3879 haec
434 3813 560 3900 fastigia
583 3815 675 3900 erigit
696 3825 751 3880 aut
772 3816 826 3901 qui
848 3816 1008 3901 eriguntur
1029 3814 1193 3879 inlustrat‘.

377 3918 509 3983 Saeculo
537 3941 620 3983 nono
646 3929 677 3984 et
704 3919 826 3984 decimo
858 3918 982 3984 Eunodi
1018 3942 1112 4006 opera
1138 3918 1302 4005 diligenter
1328 3920 1409 3984 lecta
1434 3929 1465 3983 et
1494 3918 1651 4005 descripta
1679 3937 1748 3981 esse
1780 3937 1818 3980 cx
1849 3915 1929 3979 anti·

274 4045 405 4109 quanrm
434 4022 692 4089 bibliothecarum
721 4024 872 4110 catalogis
902 4034 933 4088 et
959 4022 1119 4089 codicibus
1151 4022 1192 4089 ad
1221 4025 1300 4088 banc
1329 4034 1462 4090 aetatem
1485 4023 1611 4111 perlatis
1634 4020 1715 4087 infra
1736 4018 1930 4085 demonstra·

274 4126 367 4191 bitur.
411 4135 477 4189 tum
500 4127 680 4192 Ennodium
703 4138 862 4215 tamquam
885 4127 1042 4213 exemplar
1064 4125 1249 4192 imitandum
1277 4127 1369 4214 elegit
1397 4136 1507 4193 auctor
1528 4125 1625 4191 libelli
1648 4123 1687 4190 de
1709 4124 1771 4189 situ
1793 4122 1929 4188 civitatis

275 4229 462 4308 Mediolani,
496 4252 588 4315 quem
625 4231 749 4295 saeculo
776 4230 829 4294 IX
859 4230 909 4294 vel
932 4229 967 4294 X
996 4235 1073 4311 (non
1101 4228 1172 4306 VI)
1207 4228 1446 4294 adscribendum
1480 4251 1547 4293 esse
1580 4226 1775 4293 Muratorius
1806 4230 1930 4306 (contra

274 4333 539 4420 Papcbrochium)
566 4334 781 4420 comprobavit
809 4333 980 4414 (Muratori
1010 4333 1115 4418 script
1143 4355 1200 4396 rer.
1228 4332 1299 4397 Ital.
1321 4332 1378 4398 12
1406 4356 1436 4419 p.
1457 4334 1650 4410 ltu-218).
1700 4330 1731 4393 iu
1760 4351 1797 4392 co
1823 4327 1930 4391 libello

275 4447 397 4524 practer
425 4438 597 4502 locutiones
624 4435 775 4523 quasdam
797 4436 874 4502 haec
896 4458 933 4500 ex
956 4434 1104 4499 Ennodie
1130 4436 1243 4500 hausta
1265 4436 1470 4522 reperiuntur:
1500 4434 1616 4498 hlurat.
1639 4433 1658 4498 l.
1673 4457 1699 4498 c.
1722 4457 1752 4519 p.
1767 4431 1872 4497 203ss
1888 4463 1928 4485 =

276 4540 399 4606 Eanod.
419 4565 450 4627 p.
466 4544 517 4620 85,
539 4543 638 4619 3--8;
660 4540 744 4604 Mur.
767 4564 796 4626 p.
812 4542 875 4605 204
888 4537 917 4602 E
931 4570 970 4593 =
988 4537 1112 4602 Ennod.
1135 4562 1164 4624 p.
1180 4541 1231 4617 86,
1243 4542 1359 4605 5-13.

379 4643 558 4710 Ennodiuru
588 4645 682 4708 etiam
710 4643 933 4729 posterioribus
961 4641 1092 4706 saeculis
1122 4642 1153 4705 in
1180 4641 1298 4705 honore
1320 4641 1417 4706 fuisse
1444 4650 1475 4705 et
1502 4640 1673 4725 Gregorius
1697 4638 1786 4717 VII,
1814 4637 1866 4724 qui
1898 4637 1929 4699 in

276 4747 395 4813 dictatu
416 4770 475 4813 suo
497 4747 537 4813 ad
561 4746 687 4812 Ennodi
709 4747 848 4812 libellum
870 4746 1097 4834 apologeticum
1121 4746 1313 4832 provocavit,
1335 4754 1367 4809 et
1389 4744 1511 4810 codices
1534 4745 1623 4809 multi
1646 4745 1727 4808 inter
1741 4738 1929 4805 XII-XV

276 4853 400 4917 saecula
421 4852 529 4938 scripti
551 4851 719 4936 locupletes
742 4861 816 4915 suut
837 4860 941 4916 testes.
974 4848 1030 4914 sed
1052 4872 1090 4913 nc
1113 4871 1219 4913 omnes
1242 4849 1330 4935 quasi
1347 4871 1455 4914 caecos
1472 4859 1624 4913 mnamres
1648 4846 1734 4912 vitiis
1750 4842 1928 4908 Ennodiani

276 4956 340 5020 stili
363 4964 394 5020 et
416 4955 532 5041 ingenii
555 4955 702 5041 deceptos
725 4964 756 5019 et
771 4953 939 5019 delectatos
963 4976 1032 5017 esse
1053 4953 1221 5032 existimes,
1243 4953 1324 5017 infra
1346 4953 1511 5040 epistulam
1535 4952 1575 5016 ab
1590 4949 1724 5015 Arnulfo
1740 4945 1928 5011 Iexosiensi

276 5059 424 5146 episcopo
438 5083 521 5124 anno
537 5063 618 5128 lltitl
630 5061 778 5147 scriptam
793 5057 955 5144 proferam,
972 5080 1035 5144 quo
1047 5056 1113 5121 viro
1130 5055 1278 5143 perdocto
1294 5056 1377 5122 haud
1393 5057 1459 5121 scio
1475 5079 1514 5120 an
1531 5078 1621 5120 nemo
1637 5075 1772 5139 unquam
1789 5048 1929 5114 acerbius

276 5172 307 5225 et
335 5163 448 5226 rectius
477 5163 516 5227 de
544 5163 669 5228 Ennodi
701 5162 848 5250 operibus
879 5159 1069 5226 iudicaverit.
1093 5200 1132 5207 -
1156 5159 1236 5225 Inde
1267 5161 1306 5225 ab
1330 5161 1400 5228 XV
1429 5159 1553 5225 sacculo
1582 5155 1746 5221 Ennodius
1778 5177 1795 5217 a
1824 5152 1929 5215 multis

278 5265 353 5329 viris
377 5265 494 5346 ‹loctis,
516 5268 660 5354 quamvis
683 5267 774 5354 pauci
798 5267 864 5330 eius
887 5288 1014 5352 opuum
1038 5287 1110 5329 vere
1132 5265 1223 5351 periti
1246 5265 1375 5344 fuerint,
1398 5272 1594 5339 merncratur,
1616 5281 1747 5346 (prorum
1771 5265 1930 5342 praestan-

277 5370 415 5435 tissimos
439 5371 607 5436 nominabo
630 5370 793 5457 disputans
817 5370 856 5434 dc
878 5368 1038 5455 codicibus
1062 5377 1093 5432 et
1114 5369 1312 5434 editionibus.
