4500 6232
723 269 850 325 cccxnl
868 269 988 338 (CARM.
1009 272 1032 335 l,
1052 272 1103 337 10),
1121 270 1263 325 occxall
1280 271 1402 337 (clu-M.
1422 274 1447 336 1,
1465 270 1518 339 11).

551 442 624 507 Lux
648 442 778 507 Christo
802 442 868 506 vita
892 443 1024 519 veritas,
1274 442 1388 509 Hostis
1412 443 1526 528 procul
1549 444 1591 508 sit
1613 442 1774 509 callidus:

421 560 446 597 ¹⁰
504 546 554 609 Ne
577 546 671 609 lusca
694 546 800 609 somni
824 552 982 630 tempora,
1227 544 1322 618 Quod
1345 545 1457 626 laedit,
1481 544 1561 610 illud
1585 545 1734 610 dormiat.

502 647 610 713 'Petris
635 655 749 734 parata
772 647 982 721 umbraculis,
1227 646 1289 722 Qui
1314 646 1411 712 dente
1436 669 1536 712 saevo
1558 648 1715 714 mandere

502 749 571 815 Nos
595 751 637 814 ad
661 752 815 816 tenebras
839 757 986 816 evocent.
1227 749 1341 815 Certat
1364 751 1523 815 cubantes
1546 751 1685 831 lectulis,

551 921 626 986 Nox
649 923 820 987 nullanus
844 921 963 987 subdat
986 922 1048 987 sibi
1145 938 1169 976 2⁵
1275 922 1338 986 Hic
1362 921 1509 985 membra
1531 922 1658 987 vinetus
1681 924 1802 1009 lugeat

502 1025 540 1089 ln
564 1025 669 1089 noctis
693 1032 783 1090 atrae
807 1027 965 1110 tcgmino3
1224 1025 1361 1089 Pulsate
1385 1045 1460 1088 sese
1483 1045 1563 1108 quos
1586 1025 1688 1092 foves.

433 1143 444 1175 ³¹
504 1128 569 1192 Sed
594 1150 653 1192 noc
678 1128 794 1192 caloris
818 1128 900 1192 ebrii
1227 1127 1383 1193 Madentc
1404 1141 1503 1193 'earne
1528 1128 1660 1213 spiritus

504 1231 642 1296 Montita
666 1232 779 1317 pingat
802 1253 949 1316 corpora,
1230 1231 1303 1296 Non
1328 1237 1486 1296 enecetur
1507 1231 1697 1318 naufragus.

550 1403 674 1467 Verum
700 1410 825 1467 reatum
848 1404 969 1467 nesciis
1275 1402 1379 1467 Ornet
1403 1402 1510 1467 cubile
1533 1404 1676 1477 castitas,

504 1506 593 1570 Falci
617 1506 804 1569 ministrans
829 1507 982 1570 criminis.
1147 1520 1172 1556 ³⁴·
1229 1504 1322 1578 Quae
1346 1507 1452 1590 prima
1473 1505 1626 1569 virtutum
1651 1507 1768 1571 micat:

506 1608 554 1671 Tu
577 1630 637 1693 per
660 1609 777 1694 quictis
801 1630 937 1674 munera
1118 1686 1127 1701 ι
1230 1608 1325 1673 Vivat
1345 1607 1428 1673 fides
1451 1609 1484 1672 in
1506 1615 1651 1695 pectore,

422 1732 447 1766 c·
504 1712 651 1793 Adsiste,
674 1717 783 1776 custos
806 1712 957 1798 pervigil.
1231 1711 1323 1786 Quae
1346 1712 1420 1776 luce
1444 1717 1558 1777 vomat
1579 1711 1716 1798 perpeti.

903 2052 1084 2122 occxnn
1107 2055 1212 2138 (annu.
1231 2059 1259 2137 l,
1278 2055 1342 2141 lt).

701 2250 897 2323 HYMNVS
925 2250 973 2323 IN
1002 2247 1229 2321 TEMPORE
1256 2247 1540 2323 TRISTITIAE.

554 2416 646 2482 Deus
670 2439 816 2502 peronne
839 2418 1005 2503 gaudium,
1279 2417 1370 2482 Tunc
1394 2419 1481 2481 iussa
1504 2419 1608 2501 gessit
1629 2418 1754 2481 fortior.

507 2520 579 2583 Pax
603 2520 733 2584 Christe
757 2521 864 2585 cordis
888 2523 977 2585 anxii
1232 2520 1394 2584 Inmunda
1417 2520 1559 2607 lymphis
1582 2519 1725 2584 sobrium

507 2623 692 2706 Pontusque
715 2625 952 2701 fluctuantium,
1232 2623 1297 2687 Per
1319 2623 1414 2687 busta
1436 2625 1531 2688 terris
1555 2632 1699 2688 vexerat.

508 2726 613 2801 Quem
637 2746 697 2789 nec
720 2727 874 2811 procella,
899 2727 1036 2791 turbidis
1151 2739 1176 2778 ²0
1234 2725 1357 2790 Vivens
1382 2727 1532 2812 scpulcra
1555 2728 1699 2812 pertulit,

437 2913 448 2947 ·'·
555 2900 590 2963 Si
614 2906 723 2964 verrat
746 2900 810 2963 ima
833 2900 983 2979 motibus,
1282 2898 1433 2963 Viventis
1457 2919 1557 2963 urnae
1581 2899 1762 2985 prandium.

507 3002 622 3066 Potest
645 3004 759 3087 fugare
783 3024 802 3066 a
824 3013 968 3088 pectore.
1234 3002 1372 3066 Secreta
1395 3003 1458 3066 ceti
1482 3001 1623 3087 prodidit

509 3105 573 3181 Qui
595 3127 704 3169 morsa
728 3113 827 3191 ponto
852 3106 1016 3175 sublevas,
1234 3106 1341 3169 Testis
1365 3104 1526 3169 verendus
1549 3106 1664 3169 intimi.

509 3208 573 3284 Qui
596 3208 772 3292 subiugata
796 3206 943 3283 sarcinis,
1236 3208 1289 3273 Sic
1313 3228 1371 3272 nos
1395 3229 1577 3293 precamur,
1600 3229 1659 3274 rex
1682 3208 1773 3287 deus,

557 3381 619 3454 Qui
643 3380 710 3443 dux
733 3380 915 3466 prophetae
939 3382 1098 3465 naufragi,
1153 3396 1176 3433 ’2⁵
1282 3381 1432 3445 Maerore
1454 3381 1576 3444 fractos
1599 3389 1635 3445 ut
1657 3382 1765 3446 eibum

447 3504 452 3531 ν
510 3484 597 3548 Dum
620 3484 699 3547 vivit
723 3503 799 3547 esea
821 3484 950 3559 beluac,
1234 3482 1286 3548 De
1310 3491 1423 3548 ventre
1447 3505 1597 3549 curarum
1621 3505 1710 3570 rape.

509 3587 596 3651 Dum
620 3586 725 3651 noscit
748 3608 871 3674 aequor
894 3587 980 3673 quod
1003 3594 1103 3663 tenet,
1235 3586 1328 3650 Vivit
1350 3587 1502 3651 medullis
1527 3585 1612 3671 quod
1636 3593 1740 3666 nceat,

510 3690 631 3755 Tutum
653 3689 758 3754 ferino
781 3712 799 3754 e
824 3698 955 3776 gutture
1234 3690 1423 3754 Turbantur
1445 3689 1512 3753 alta
1535 3690 1705 3753 viseerum.

559 3863 704 3927 Exactor
726 3864 891 3948 abrumpis
915 3862 1032 3927 eibum.
1283 3863 1321 3925 ln
1346 3863 1436 3926 fonte
1460 3862 1566 3926 carnis
1589 3862 1686 3926 ardor
1708 3868 1770 3941 est,

509 3964 591 4029 Dirc
615 3965 767 4030 reductus
791 3967 926 4050 remige,
1153 3982 1178 4016 ³⁰
1232 3967 1295 4040 Qui
1318 3966 1437 4050 mergit
1459 3965 1524 4028 urit
1546 3964 1666 4029 adficit.

443 4106 448 4117 ·
513 4069 658 4133 Custode
683 4069 792 4133 salvus
815 4069 968 4153 pessimo,
1234 4068 1301 4133 Sed
1325 4069 1351 4131 si
1376 4088 1511 4132 serenus
1534 4068 1665 4153 aspicis,

511 4171 606 4260 Vatis
629 4173 754 4236 locutus
778 4177 810 4236 te
833 4171 931 4237 deum
1233 4172 1393 4236 Pressura
1415 4172 1520 4257 gignit
1543 4170 1708 4256 gaudium.

405 4466 430 4498 v.
449 4446 484 4499 20
501 4450 568 4501 adsit
584 4457 610 4500 te
622 4448 668 4499 15⁰
749 4456 839 4500 custus
852 4450 876 4498 B
956 4468 1019 4500 cere.
1038 4455 1142 4502 21-28
1160 4469 1208 4502 om.
1222 4449 1355 4501 Rossbach
1477 4467 1501 4498 v.
1521 4446 1555 4499 28
1579 4466 1645 4501 nono
1663 4448 1688 4513 (e
1706 4450 1734 4500 in
1745 4446 1794 4513 tt.)
1811 4460 1931 4503 necetur
1943 4450 1973 4503 B

302 4555 327 4585 v.
348 4533 383 4586 32
401 4553 467 4601 quaa
485 4536 543 4587 luce
556 4536 579 4596 b,
597 4536 731 4601 quiacluee
743 4535 769 4586 B
838 4537 934 4602 perpeti
950 4535 954 4599 Ι
971 4537 1046 4587 .finit
1059 4577 1064 4588 .
1079 4539 1193 4589 feliciter.
1207 4537 1233 4587 B

407 4634 563 4703 [cccxun]
601 4640 712 4705 hymnus
731 4640 760 4704 (h
779 4639 805 4688 iu
818 4639 864 4699 lit.)
884 4678 909 4688 ..
929 4638 1031 4690 tristitie
1050 4640 1096 4703 (tie
1114 4640 1205 4705 iniit.)
1225 4642 1309 4691 dictus
1327 4659 1342 4689 u
1359 4640 1451 4689 domno
1469 4639 1616 4690 ennodioB
1711 4656 1735 4688 v.
1753 4635 1771 4687 4
1788 4639 1906 4705 turpidis
1920 4640 1970 4693 B·

301 4741 325 4774 v.
343 4722 361 4774 5
378 4732 462 4774 vertat
480 4724 544 4774 coni.
558 4724 657 4785 Saltem
679 4734 705 4774 at
723 4727 756 4791 rs.
771 4743 800 4789 p.
815 4727 850 4773 28
867 4742 889 4773 e.
902 4728 935 4775 38
1056 4742 1082 4776 v.
1103 4724 1136 4775 10
1154 4727 1226 4777 uiuet
1250 4730 1306 4789 (net
1324 4725 1350 4774 iu
1363 4725 1408 4785 lit.)
1422 4724 1448 4774 B
1568 4743 1593 4774 v.
1614 4721 1646 4774 12
1664 4731 1745 4776 totum
1757 4722 1791 4786 B,
1812 4740 1862 4774 em.
1877 4724 1969 4779 Sim

302 4811 398 4861 serirnoe
422 4818 526 4877 gutture
542 4809 581 4872 B,
608 4811 687 4861 lerino
708 4829 733 4877 g.
751 4812 780 4873 h,
807 4811 887 4862 serino
906 4828 932 4875 g.
951 4809 1030 4861 Simo.
1170 4830 1194 4861 v.
1216 4811 1246 4862 13
1269 4812 1401 4877 abrunnpis
1424 4812 1510 4862 cibum
1529 4811 1635 4874 Ilartel,
1664 4793 1918 4876 abmmpahpibum
1932 4811 1971 4878 Β,

301 4897 425 4962 abrumpe
448 4897 534 4947 cibum
559 4914 628 4947 avan.
647 4914 696 4948 rec.
716 4896 781 4946 5qu
904 4915 928 4946 v.
949 4894 982 4945 15
1008 4898 1095 4948 saluos
1111 4896 1141 4960 B,
1163 4915 1209 4948 cm.
1223 4898 1299 4948 Sirra.
1423 4915 1446 4947 v.
1468 4895 1500 4947 16
1523 4904 1595 4948 vates
1611 4895 1670 4947 edit.
1790 4912 1815 4945 v,
1836 4893 1871 4946 18
1894 4906 1971 4953 wass

301 4999 388 5033 emotas
408 4982 436 5031 iu
459 4983 551 5042 litum·
579 4983 690 5035 sobriam
711 5001 780 5032 arare.
804 5000 852 5032 rec.
871 4984 897 5033 in
911 4982 935 5032 Β
953 4992 976 5034 ct
992 4985 1015 5047 b,
1038 4985 1141 5035 obuiam
1164 4985 1266 5046 (rcctc'ac
1289 4983 1406 5045 obuium)
1424 4984 1539 5035 Huemer
1677 5001 1702 5033 v.
1722 4979 1755 5032 19
1777 4979 1863 5047 terris]
1886 4986 1969 5037 tetris

303 5068 399 5119 Παντεῖ
468 5070 594 5119 uixeratb
699 5087 722 5119 v.
736 5068 767 5120 ‘21
789 5069 910 5131 «turricli,
932 5080 1006 5121 ornet
1023 5071 1046 5129 ἱ),
1070 5069 1166 5120 savard.
1180 5070 1275 5121 Horret
1379 5088 1403 5120 v.
1417 5070 1451 5119 ‘23
1469 5070 1632 5121 uerendonB
1737 5085 1762 5117 v.
1775 5064 1811 5117 ‘ab
1828 5070 1919 5121 sactus
1932 5070 1970 5133 B,

303 5154 382 5205 seems
399 5155 422 5217 b,
446 5158 538 5205 fractos
554 5154 641 5206 Schott
658 5165 681 5206 et
699 5155 776 5206 sirm.
908 5173 933 5205 v.
952 5155 987 5205 30
1008 5156 1101 5207 adlicer
1115 5155 1141 5205 B
1271 5174 1294 5205 v.
1315 5153 1345 5205 31
1371 5159 1470 5221 aspices
1487 5155 1511 5204 B
1641 5174 1666 5204 v.
1685 5152 1720 5206 32
1743 5170 1851 5221 presure
1867 5156 1970 5225 gignet

302 5241 424 5307 gaudium
440 5239 444 5303 Ι
460 5242 523 5293 finit.
543 5243 649 5293 feliciter
663 5243 687 5291 B
