4500 6232
980 288 1047 348 VIII
1066 290 1199 360 (OPUSC.
1217 292 1252 360 I).

970 585 1062 652 VIII
1086 586 1203 672 (opusc.
1227 585 1272 673 t).

485 782 807 857 PRAECEPTVM
835 781 1032 870 QVANDO
1060 782 1180 855 IVSSI
1207 781 1331 855 SVNT
1359 781 1517 856 OMNES
1543 779 1760 855 EPISCOPI

844 920 1156 994 CELLVLANOS
1184 920 1393 994 HABERE.
1851 921 1858 928 ’

266 1086 280 1145 Ῑ
406 1061 511 1160 Nulli
534 1095 668 1160 dubium
693 1101 754 1176 est,
777 1095 954 1176 hominem,
978 1097 1033 1182 qui
1057 1097 1198 1161 carnalis
1215 1096 1501 1183 concupiscentiae
1518 1095 1703 1161 inlecebras
1720 1095 1804 1160 sacri
1820 1099 1948 1161 ametor

295 1199 437 1264 instituti
469 1201 627 1283 magistra
656 1199 785 1264 vivendi
820 1207 889 1264 arte
920 1200 1083 1265 domuerit
1110 1208 1144 1265 et
1171 1208 1420 1287 praeceptorum
1452 1200 1538 1264 falce
1568 1199 1769 1276 caelestium⁴
1787 1199 1946 1280 erraticos

296 1303 448 1389 palmites
473 1302 513 1368 de
538 1302 797 1367 conversationis
821 1323 900 1368 suae
924 1303 1033 1368 radice
1063 1304 1232 1368 sustulerit
1254 1303 1346 1367 vitali
1375 1302 1552 1367 traditurus
1582 1301 1750 1382 incendio,
1779 1301 1948 1367 fructuosa
2000 1316 2012 1352 τ·

296 1408 460 1492 plantaria
483 1405 524 1470 ad
548 1427 724 1492 supernum
748 1407 859 1472 lovere
883 1407 1023 1471 valitura
1050 1407 1284 1493 conpendium,
1312 1406 1399 1471 unde
1422 1427 1546 1470 annuas
1569 1404 1680 1469 divina
1703 1405 1794 1469 iussa
1816 1404 1949 1490 capiant

264 1511 485 1596 2pensiones,
509 1517 633 1574 etcum
651 1510 736 1574 sicut
752 1510 940 1588 sinceritate
956 1511 1161 1575 innocentiae
1178 1512 1223 1575 ita
1240 1511 1401 1596 opinionis
1416 1512 1489 1574 luce
1506 1509 1673 1595 gratulari.
1712 1529 1773 1572 nec
1788 1506 1948 1572 bonorum

294 1612 400 1677 facem
430 1613 620 1677 meritorum
647 1611 877 1677 maledicentis
906 1612 1104 1677 credendum
1132 1619 1182 1677 est
1213 1613 1360 1698 extingui
1387 1634 1484 1699 posse
1516 1613 1674 1692 conflatu,
1705 1612 1857 1697 quoniam
1885 1611 1948 1675 etsi

294 1713 393 1780 dente
415 1722 568 1800 tangatur
584 1715 696 1796 invidi,
720 1715 874 1800 splendor
890 1717 976 1780 uitae
992 1715 1141 1780 umbram
1158 1722 1341 1781 venenatae
1358 1715 1572 1792 oblocutionis
1588 1713 1744 1778 excludit.
1780 1720 1949 1778 auctorem

294 1824 449 1904 repetunt
471 1817 643 1898 tenebrae,
674 1838 758 1902 quae
782 1818 823 1881 ad
846 1818 1077 1882 involvendum
1098 1818 1193 1882 iubar
1216 1825 1379 1904 aptantur.
1424 1819 1562 1882 nitorem
1586 1816 1728 1881 siderum
1752 1837 1818 1881 nox
1840 1816 1948 1881 infusa

294 1941 359 1984 uon
394 1920 512 1986 obruit.
559 1920 600 1985 ad
630 1921 762 2006 genium
795 1922 954 1986 claritatis
987 1922 1113 2008 proficit
1142 1943 1215 1987 cum
1247 1922 1448 1986 obscuritate
1481 1922 1658 1986 conflictus.
1705 1921 1828 1985 lunaris
1858 1920 1949 2005 globi

295 2025 512 2089 ministerium
535 2025 589 2090 die
612 2026 788 2090 recedente
811 2026 885 2111 plus
909 2027 1021 2090 rutilat
1044 2033 1077 2090 et
1099 2027 1210 2112 placet
1232 2046 1291 2089 suo
1315 2026 1447 2104 lumine,
1473 2024 1549 2088 dum
1572 2024 1665 2109 fugat
1688 2024 1841 2090 alienum.
1887 2025 1948 2089 sub

263 2130 468 2193 3extemum
495 2129 547 2192 ius
570 2150 635 2193 non
657 2129 795 2193 mittitur
818 2130 873 2213 qui
895 2130 1003 2194 lucem
1027 2130 1136 2194 facere
1161 2138 1196 2193 ut
1219 2137 1332 2194 auctor
1359 2128 1510 2193 adsumit.
1557 2128 1616 2193 sed
1644 2129 1797 2213 quoniam
1827 2129 1948 2193 noxiae

295 2238 423 2296 mentes
446 2231 587 2296 definitis
611 2254 646 2296 se
669 2233 847 2297 aestimant
875 2233 1058 2297 senioribus
1087 2255 1152 2296 non
1181 2234 1299 2313 tenerI,
1327 2239 1481 2318 putantes
1510 2230 1742 2318 prophetarum
1770 2237 1950 2317 praecepta

164 2333 268 2438 ml·
295 2333 462 2399 dicentum
486 2339 533 2399 ‘os
550 2334 754 2400 detrahentis
771 2335 1000 2401 eradicabitur’
1025 2358 1098 2400 cum
1114 2343 1224 2401 aetate
1241 2344 1448 2401 veterescere
1465 2342 1499 2400 ct
1514 2334 1726 2399 valitudinem
1741 2356 1806 2399 non
1823 2334 1947 2400 habere

294 2461 353 2526 per
386 2445 550 2525 tempora,
584 2439 678 2525 quasi
705 2441 842 2504 novellis
872 2446 998 2505 tantum
1025 2441 1121 2504 timor
1148 2440 1309 2506 debeatur
1336 2440 1466 2503 statutis
1496 2445 1528 2503 et
1556 2437 1597 2502 ad
1624 2459 1764 2524 poenam
1792 2459 1865 2503 reos
1893 2439 1949 2503 lex

294 2564 419 2607 annosa
447 2563 513 2607 non
541 2548 667 2622 teneat,
700 2564 773 2607 cum
803 2550 986 2629 temporum
1015 2550 1168 2630 operator
1196 2545 1278 2608 deus
1310 2541 1489 2630 prophetae
1519 2561 1598 2604 usus
1630 2540 1735 2604 officio
1759 2542 1950 2626 etantiqua

294 2645 426 2710 iusserit
449 2653 484 2711 at
505 2645 661 2711 moderna
684 2645 836 2732 disponat
860 2654 893 2713 et
913 2668 998 2710 unus
1022 2654 1119 2732 atque
1142 2647 1229 2713 idem
1252 2646 1328 2710 boni
1347 2646 1526 2710 fabricator
1540 2640 1681 2708 instituti
1696 2644 1784 2709 circa
1799 2644 1949 2710 homines

294 2747 380 2832 quod
403 2750 571 2835 praemisit
593 2750 626 2813 in
649 2750 840 2836 parentibus
865 2757 975 2815 servet
997 2751 1030 2814 in
1053 2752 1195 2837 posteris
1219 2790 1271 2818 -.

261 2855 280 2914 4
404 2851 470 2917 Sed
493 2852 534 2916 ad
557 2854 757 2939 propositum
780 2861 992 2919 reuertamur.
1037 2862 1236 2919 exercentur
1263 2853 1393 2939 quidem
1422 2857 1557 2917 sanctae
1588 2851 1717 2916 animae
1741 2850 1948 2916 sermonibus

294 2955 510 3036 aemulorum,
543 2955 601 3019 sed
629 2955 670 3019 ad
693 2956 816 3041 gloriae
845 2963 1022 3042 augmenta
1050 2957 1224 3045 deputant,
1255 2957 1408 3042 quioquid
1440 2962 1553 3021 contra
1577 2976 1689 3019 aarum
1713 2955 1865 3020 meritum
1888 2952 1947 3018 ad-

262 3062 428 3122 bousator
451 3059 641 3143 ingesserit,
672 3060 755 3123 sicut
778 3059 891 3125 doctor
913 3061 1059 3146 gentium
1083 3062 1218 3143 clamat,
1249 3060 1397 3125 homines
1420 3058 1682 3123 oblocutionibus
1706 3058 1867 3123 exerceri.
1910 3063 1948 3122 ut

292 3163 397 3227 solent
420 3162 564 3243 arbores,
588 3183 672 3247 quae
695 3162 737 3227 ad
760 3169 867 3228 terrae
890 3164 1073 3249 penetralia
1088 3164 1204 3229 validis
1221 3164 1386 3228 radicibus
1402 3170 1633 3251 pervenerunt,
1657 3164 1827 3251 despicere
1844 3163 1949 3229 flabra

291 3273 463 3331 ventorum
487 3273 521 3332 et
543 3267 723 3331 certamina
745 3268 961 3352 procellarum
985 3267 1164 3333 stabilitate
1188 3268 1318 3354 propria
1350 3268 1514 3332 animante
1543 3275 1788 3355 contempnere,
1821 3268 1869 3332 sic
1898 3267 1947 3332 illi

186 3361 192 3371 ’
291 3368 502 3454 repudiantes
531 3370 749 3456 superstitiosi
780 3391 864 3454 quae
893 3371 1027 3455 inpacta
1054 3370 1153 3434 fuerit
1177 3372 1282 3456 caligo
1305 3372 1453 3456 figmenti
1482 3393 1540 3457 per
1568 3371 1685 3435 sudum
1707 3346 1816 3436 radids
1839 3371 1946 3436 bonae

293 3474 550 3538 conversationis
572 3473 760 3539 ostendunt.
799 3495 875 3537 nam
898 3473 974 3537 dum
998 3474 1071 3558 quis
1094 3474 1224 3538 illorum
1247 3475 1383 3539 obiectis
1407 3475 1610 3538 conscientia
1625 3480 1710 3540 teste
1728 3473 1947 3559 congreditur,

263 3575 337 3640 bad
354 3577 508 3662 triumphi
525 3598 617 3663 spem
632 3577 761 3642 interna
784 3577 1014 3642 aestimatione
1037 3578 1206 3663 percurrit.
1244 3599 1303 3641 nos
1324 3584 1445 3653 tamen,
1469 3599 1548 3662 quos
1571 3579 1745 3664 pastoralis
1769 3599 1847 3642 cura
1870 3598 1948 3642 oon-

296 3681 435 3764 stringit,
459 3680 577 3765 quibus
601 3681 796 3747 tuendarum
820 3681 993 3744 commissa
1016 3687 1066 3745 est
1089 3682 1270 3745 animarum
1294 3681 1475 3766 diligentia,
1497 3703 1539 3747 ne
1564 3702 1760 3746 summorum
1785 3680 1948 3767 quispiam

136 3781 288 3888 fflffilgffd
297 3784 566 3869 minimorumque
598 3783 779 3870 dispereat,
810 3785 952 3849 maxime
982 3805 1055 3847 cum
1077 3785 1155 3848 mali
1178 3785 1281 3868 ipsius
1304 3805 1420 3849 recens
1445 3786 1547 3849 oculis
1571 3786 1727 3850 offeratur
1749 3784 1948 3871 exemplum,

293 3909 366 3952 cum
390 3889 589 3974 apostolicae
613 3888 700 3953 sedis
723 3889 909 3975 praesulem
933 3895 966 3952 et
988 3889 1130 3951 omnium
1154 3893 1260 3974 paene
1280 3888 1494 3953 ecclesiarum
1510 3889 1734 3974 gubernacula
1750 3895 1947 3954 tractantem

292 4012 353 4076 per
375 3992 514 4077 proximi
537 3992 695 4055 tumultus
719 3990 906 4056 incendium
929 3990 1131 4054 inImicorum
1154 3991 1263 4056 rabies
1288 3992 1345 4055 tali
1372 4012 1427 4056 ore
1455 3992 1685 4057 momordisset
1707 3998 1741 4056 et
1763 3992 1797 4056 in
1818 3992 1948 4056 ruinam

261 4096 386 4156 'Iouam
410 4093 590 4178 aliquorum
613 4093 702 4157 furor
725 4094 794 4158 sine
817 4094 904 4157 iusta
926 4092 1150 4176 indignatione
1180 4094 1361 4159 surrexerit
1384 4131 1439 4175 -,
1470 4094 1554 4159 hanc
1585 4116 1662 4181 ergo
1685 4096 1832 4171 volentes
1860 4115 1947 4159 mor·

291 4195 406 4260 borum
423 4195 579 4261 desecare
595 4196 783 4283 perniciem,
806 4197 893 4261 nain
910 4197 1015 4260 locum
1031 4197 1162 4282 iniquae
1176 4197 1370 4265 adsertionis
1386 4206 1568 4264 nostrorum
1584 4201 1702 4285 aliquis
1718 4199 1947 4285 neglegentias

291 4305 474 4386 aucupetur
497 4306 530 4364 et
556 4298 764 4365 similitudine
789 4301 937 4365 veritatis
962 4300 1003 4365 ad
1025 4302 1292 4386 inpugnationem
1316 4303 1417 4365 fultus
1440 4308 1602 4383 occurrat,
1626 4303 1681 4387 qui
1703 4308 1740 4365 ut
1759 4303 1852 4366 aiunt
1872 4303 1948 4367 viva

291 4402 457 4467 hominum
480 4404 668 4469 testimonia
691 4424 754 4468 non
776 4403 960 4484 formidant,
985 4404 1071 4486 dum,
1095 4405 1180 4489 quod
1202 4406 1296 4470 nefas
1319 4406 1408 4469 dictu
1431 4411 1491 4486 est,
1516 4406 1653 4469 convicti
1676 4406 1748 4469 loco
1771 4404 1948 4491 deputatur

291 4505 442 4570 incautus
460 4514 494 4571 et
508 4506 629 4572 fecisse
647 4507 754 4572 scelus
771 4507 914 4572 creditur
929 4508 983 4593 qui
999 4509 1145 4594 potuisse
1161 4508 1270 4573 facere
1293 4507 1497 4594 perhibetur,
1520 4529 1615 4573 nemo
1638 4507 1691 4572 dei
1714 4509 1826 4572 oculos
1848 4529 1946 4593 quam

290 4607 429 4672 hominis
453 4608 576 4673 iudicat
604 4610 677 4697 plus
707 4610 827 4690 timeri,
859 4631 1000 4675 errorem
1025 4610 1170 4675 creditur
1191 4611 1301 4676 fouere
1330 4611 1469 4675 solitudo
1495 4619 1528 4674 et
1550 4608 1743 4696 profundam
1767 4611 1947 4696 nequitiam

291 4712 501 4776 incomitatus
526 4711 715 4795 admittere,
739 4713 832 4798 quasi
856 4715 950 4779 caelo
972 4714 1120 4778 facinora
1142 4714 1365 4799 penetralibus
1388 4715 1516 4778 inclusa
1537 4735 1600 4776 non
1623 4719 1761 4799 pateant
1784 4720 1818 4801 ct
1840 4713 1946 4778 vindi-

261 4815 509 4883 aestimatum
532 4824 689 4901 nequeat,
717 4815 802 4901 quod
829 4816 924 4880 homo
946 4838 1011 4880 non
1034 4818 1169 4903 respicit
1191 4841 1246 4880 —:
1283 4817 1471 4898 credentes,
1499 4815 1584 4902 quod
1607 4836 1676 4879 rem
1699 4799 1798 4880 studii
1819 4818 1946 4903 possint

384 5075 464 5144 [vni]
499 5076 672 5127 leaelestum
687 5077 765 5128 Siras.
879 5073 1022 5142 Sannaus]
1041 5075 1176 5127 adnuasB
1254 5077 1404 5143 capiantB,
1425 5078 1530 5144 capiunt
1547 5076 1622 5128 ceteri
1735 5073 1750 5125 'l
1769 5078 1904 5144 pensiones
1921 5086 1947 5130 ot

288 5164 325 5223 (es
343 5173 368 5214 et
385 5165 413 5214 in
431 5164 479 5228 lit)
496 5163 521 5213 B
645 5161 662 5213 8
680 5160 810 5228 quoniam]
829 5166 881 5228 qu‘o
894 5158 1006 5225 Bl'LC,
1031 5161 1107 5227 qirT,
1130 5163 1287 5227 quomodob
1410 5162 1426 5212 9
1443 5164 1553 5229 spendor
1571 5163 1596 5212 Β
1606 5161 1616 5198 1
1713 5163 1882 5214 oblecationis
1901 5163 1947 5215 Ba

287 5257 398 5300 actorem
410 5249 466 5299 ΒΤ
556 5246 589 5299 1‘2
606 5249 734 5299 recidente
750 5249 794 5298 l'L
801 5249 825 5297 Τ
915 5247 948 5300 13
963 5250 1070 5300 assumit
1086 5249 1110 5297 V
1165 5247 1295 5315 quoniam]
1314 5252 1365 5316 qu‘o
1378 5245 1486 5313 Bl'LC,
1503 5248 1539 5315 qd
1556 5249 1584 5312 T,
1602 5249 1755 5315 quomodob
1852 5248 1886 5300 14
1904 5268 1948 5317 po

288 5343 371 5386 tarrtes
384 5335 460 5386 ui'J.
572 5334 605 5386 15
622 5337 752 5386 dicentum
765 5334 790 5385 Β
796 5373 803 5399 ‚
821 5337 959 5386 dicentium
978 5337 1053 5386 reteri
1130 5338 1282 5388 uctorisoorc
1295 5336 1339 5386 Ba
1449 5334 1480 5385 17
1498 5353 1595 5386 nrrnoaa
1612 5336 1654 5386 lex
1667 5334 1708 5383 ΒῙ
1784 5353 1843 5387 cum
1862 5335 1900 5398 B,
1921 5347 1949 5387 at

287 5438 346 5471 cum
364 5422 439 5472 ceteri
559 5420 592 5471 21
611 5422 655 5472 sod
672 5422 771 5486 scriprsi,
788 5430 814 5472 ct
826 5423 886 5472 libri
962 5431 1094 5473 uccrrsctor
1110 5422 1133 5470 V
1249 5422 1284 5473 ⁶23
1301 5433 1368 5474 terra
1381 5422 1406 5472 Β
1483 5424 1606 5488 dispicere
1620 5422 1647 5472 B
1767 5421 1802 5473 ‘25
1819 5424 1907 5475 radius
1922 5423 1949 5474 Β

288 5503 321 5556 27
341 5507 477 5573 triumphis
491 5506 516 5556 Β
619 5505 654 5558 33
672 5508 758 5573 inique
777 5508 844 5572 (cecc
862 5509 869 5557 i
888 5509 966 5573 corr.)
980 5508 1006 5558 Β
1074 5509 1221 5559 assoniouis
1237 5508 1261 5556 V
1360 5505 1396 5559 39
1413 5524 1477 5573 naq;
1494 5517 1521 5558 at
1533 5507 1566 5570 Β,
1583 5524 1634 5558 non
1653 5515 1731 5574 queat
1747 5508 1823 5559 ceteri
1892 5526 1947 5561 cro·

287 5593 376 5643 dentes
390 5589 458 5658 01²⁶,
476 5594 602 5644 credentis
618 5591 644 5641 B
650 5592 726 5644 VLT

2002 2345 2075 2398 rs,
