4500 6232
483 265 570 320 LXVI
589 265 711 331 (EPIST.
729 267 755 330 3,
774 265 809 333 1),
829 265 931 320 LXVII
949 265 1072 333 (EPIST.
1090 267 1115 330 3,
1133 268 1170 334 2),
1189 267 1304 321 LXVIII
1323 267 1446 336 (EPIST.
1464 269 1490 331 3,
1507 270 1544 336 3).
1802 275 1842 336 77

187 437 340 503 effectum
371 437 449 502 milri
485 439 609 524 negotii
643 439 708 502 iam
742 439 893 525 promisi,
928 440 983 525 qui
1016 441 1117 525 legati
1151 440 1303 505 meritum
1338 442 1546 527 conprobavi.
1594 442 1781 528 providete,
1815 444 1843 508 si

187 542 380 627 religionem
402 540 537 622 deceat,
561 541 588 605 si
611 563 631 606 a
653 542 807 628 pontifice
831 542 966 627 dignum
990 542 1032 607 sit
1053 542 1159 620 illum,
1189 543 1243 628 qui
1267 550 1378 630 potest
1400 544 1549 609 cautibus
1571 546 1739 632 inperare,
1763 567 1841 612 con-

186 645 297 710 temni.
337 643 400 710 duo
424 651 501 711 sunt
523 666 607 731 quac
622 666 750 711 mecum
764 645 904 710 iaciunt:
929 646 1053 730 negotii
1068 646 1238 711 sinceritas
1254 653 1287 712 et
1303 649 1419 733 genius
1436 648 1662 735 subplicantis;
1686 649 1842 735 quidquid

187 747 385 813 contrahas
407 748 583 827 obstiterit,
607 748 765 813 bonorum
788 748 984 814 sententiam
1008 769 1085 813 mox
1109 756 1261 814 meretur.

827 1055 963 1124 LXVII
986 1057 1096 1142 (crrsv.
1113 1061 1143 1133 3,
1161 1058 1203 1145 2).

759 1251 995 1326 EVGENETI
1022 1251 1272 1328 ENNODIVS.

295 1396 467 1508 Quamvis
491 1428 687 1492 commercia
708 1428 890 1492 litterarum
914 1430 1017 1513 magis
1041 1430 1105 1493 sint
1126 1429 1274 1495 laetitiae
1298 1451 1394 1515 quam
1418 1435 1576 1499 maeroris
1599 1456 1661 1500 nec
1681 1432 1871 1499 scoretnml

183 1531 326 1616 pectoris
359 1537 416 1595 aut
444 1531 606 1595 amicitiae
638 1531 841 1616 diligentiam
872 1532 957 1598 bene
988 1533 1021 1596 in
1053 1534 1161 1597 lucem
1192 1532 1320 1618 digerat
1351 1535 1468 1600 clauda
1495 1540 1618 1604 recenti
1651 1538 1840 1602 confusione

184 1634 336 1715 elocutio,
360 1632 472 1698 videro
496 1640 606 1699 tamen
629 1641 737 1700 utrum
762 1634 967 1721 dispendium
991 1637 1119 1701 caritati
1142 1637 1262 1701 inferat
1284 1658 1389 1702 sermo
1413 1640 1525 1719 rarior,
1549 1648 1708 1706 monstrat
1730 1648 1841 1706 tamen

185 1741 212 1804 si
234 1739 343 1804 nullus
372 1743 566 1824 prorogetur
594 1739 774 1804 inlantIam.
820 1745 937 1804 testem
969 1739 1121 1804 divinitas
1152 1742 1279 1826 gratiae
1306 1742 1438 1827 linguae
1468 1742 1558 1808 dedit
1584 1745 1737 1809 officium.
1783 1743 1874 1808 sed2

185 1842 285 1925 dIcas,
307 1842 352 1906 mi
369 1841 509 1922 dominc,
533 1841 614 1906 haec
630 1842 739 1907 aliena
757 1864 830 1907 esse
853 1842 895 1906 ab
919 1864 958 1907 eo
981 1864 1077 1929 quem
1100 1844 1246 1907 noverim
1269 1846 1421 1909 maximis
1444 1845 1613 1912 doloribus
1637 1853 1843 1934 occupatum,

183 1966 334 2032 pressum
356 1952 472 2031 pectus
496 1945 672 2030 angoribus
695 1944 735 2010 ad
760 1946 880 2010 amoris
897 1946 999 2011 verba
1021 1967 1085 2010 non
1109 1947 1192 2031 erigi
1207 1968 1269 2011 nec
1285 1947 1462 2033 quidquam
1477 1950 1683 2015 delenificum
1699 1951 1845 2016 lamenta

185 2052 315 2115 sentire.
359 2071 412 2113 res
435 2069 519 2134 quae
542 2055 685 2114 mentem
708 2051 827 2135 premit
850 2050 1000 2136 repudiat
1023 2050 1109 2136 quod
1133 2051 1277 2115 oblectat
1304 2051 1461 2116 auditum.
1508 2055 1562 2139 qui
1585 2055 1688 2118 maior
1711 2054 1840 2119 animae

183 2154 245 2219 luit
266 2155 374 2239 portio
397 2154 497 2219 frater
520 2153 713 2239 insuperis,
736 2153 821 2217 hanc
844 2153 1010 2217 transtulit
1033 2153 1074 2216 ad
1098 2153 1282 2239 sepulchra.
1323 2154 1400 2240 quid
1423 2156 1622 2242 exigendum
1645 2158 1687 2222 ab
1711 2158 1765 2221 illo
1788 2157 1840 2237 sit,

186 2258 276 2323 cuius
307 2256 473 2322 dividuum
503 2258 618 2322 salutis
648 2257 743 2321 busta
774 2256 981 2321 clauserunt?
1028 2257 1060 2319 in
1091 2257 1225 2321 summis
1255 2256 1494 2323 adflictionibus
1525 2262 1616 2346 queri
1650 2283 1714 2327 non
1745 2281 1840 2347 posse

117 2380 129 2416 r·
184 2382 298 2426 vocem
322 2360 498 2446 gemitibus
522 2360 740 2445 subiugatam.
778 2359 983 2424 lacrimarum
1007 2366 1154 2444 tempore
1171 2359 1311 2425 dictatur
1327 2363 1502 2448 inportuna
1517 2365 1671 2429 narratio.
1709 2364 1875 2450 respon-3

183 2463 284 2545 debo,
314 2465 399 2550 quod
429 2486 489 2551 par
517 2485 644 2550 quoquc
673 2484 782 2529 meum
811 2469 926 2549 pectus
953 2463 1064 2528 acerbi
1095 2484 1189 2528 casus
1211 2486 1342 2529 maeror
1363 2466 1550 2539 intraverit;
1582 2489 1643 2532 nec
1667 2467 1767 2532 dividi
1789 2489 1841 2532 mc

183 2589 279 2654 posse
310 2568 352 2632 ab
382 2569 452 2633 eius
486 2568 634 2646 tristitia,
669 2588 768 2652 quem
797 2567 876 2631 mihi
907 2587 964 2653 pro
996 2566 1199 2632 voluntatum
1229 2568 1440 2635 similitudine
1467 2592 1530 2635 non
1561 2593 1724 2658 nunquam
1753 2572 1843 2637 laeta

183 2672 368 2736 iunxerunt.
414 2671 552 2736 ostendo
574 2677 685 2736 tamen
710 2693 810 2758 saepe
834 2671 992 2757 gravioris
1023 2672 1100 2735 mali
1128 2672 1161 2735 in
1189 2671 1330 2736 luctibus
1357 2673 1497 2738 indicem
1524 2675 1625 2740 luisse
1656 2696 1841 2740 sermonem

183 2782 217 2839 et
240 2775 422 2862 intercepta
444 2776 674 2840 taciturnitatis
698 2773 842 2840 remedia
864 2774 1029 2860 proditore
1053 2776 1234 2861 conloquio.
1279 2776 1399 2842 dicam:
1430 2779 1485 2863 qui
1512 2779 1737 2844 lamentationi
1761 2778 1872 2844 snaed

103 2900 108 2913 ·
182 2877 319 2964 paginas
343 2876 495 2963 denegat,
520 2879 553 2943 in
575 2899 642 2943 una
664 2886 774 2943 aetate
789 2878 860 2942 vult
881 2879 989 2965 perire
1013 2878 1100 2964 quod
1123 2879 1231 2944 deflet.
1271 2900 1336 2944 non
1360 2887 1504 2945 meretur
1527 2882 1709 2947 recordatio
1732 2882 1842 2947 fratris

183 2989 216 3046 et
243 2981 346 3063 docti,
381 2988 417 3046 ut
445 2981 613 3047 nobiscum
643 2982 720 3068 quid
748 2982 789 3047 de
819 2983 890 3068 ipso
917 2984 1116 3049 senserimus
1145 2984 1327 3050 occumbat.
1372 2986 1489 3051 feriato
1519 3007 1574 3050 ore
1602 2987 1635 3049 in
1658 2987 1841 3074 planctibus

182 3106 299 3171 parcus
328 3091 378 3151 cst
404 3085 541 3150 animus.
593 3087 694 3150 amati
726 3088 1003 3167 commemoratio,
1038 3108 1122 3173 quae
1151 3087 1326 3154 mandatur
1353 3088 1500 3170 tabellis,
1531 3090 1659 3155 viscera
1693 3111 1839 3154 carorum

181 3188 305 3253 aculeis
326 3189 487 3254 violenter
515 3190 681 3276 inrumpit.
726 3211 891 3276 nunquam
915 3190 1038 3276 patitur
1060 3191 1181 3256 obitum
1208 3194 1404 3258 veterisccre
1429 3194 1543 3257 relatio
1566 3193 1689 3258 funeris
1713 3192 1841 3277 digesta

181 3314 241 3379 per
255 3292 393 3357 litteras.
432 3292 491 3357 hoc
506 3292 613 3358 studio
629 3294 885 3379 magnitudinem
903 3301 993 3359 tuam
1013 3295 1094 3359 flens
1118 3296 1303 3361 consolator
1326 3296 1465 3382 appello,
1489 3302 1525 3360 ut
1547 3295 1658 3361 vicarii
1681 3297 1870 3362 sermonis5

103 3416 128 3449 κ’,
182 3395 341 3461 beneficio
373 3404 406 3462 et
435 3399 612 3483 promissus
648 3398 708 3463 sub
746 3398 952 3463 invocatione
989 3397 1041 3463 dci
1073 3398 1158 3463 inter
1190 3420 1249 3463 nos
1280 3401 1443 3463 nutriatur
1471 3400 1607 3464 affectus
1637 3405 1670 3463 et
1700 3421 1841 3484 persona

183 3500 364 3580 facundiae,
381 3521 464 3585 quac
478 3502 604 3565 moritis
621 3503 688 3566 suis
705 3523 857 3566 occasum
872 3523 935 3566 non
952 3501 1084 3586 patitur,
1101 3509 1213 3566 nostra
1230 3523 1359 3588 quoque
1377 3502 1642 3567 confabulatione
1658 3503 1840 3567 reviviscat.

811 3808 968 3876 LXVIII
992 3811 1102 3895 (versv.
1119 3812 1149 3891 3,
1167 3812 1212 3896 ³).

611 4005 797 4080 DOMINO
825 4006 917 4079 SVO
945 4005 1137 4079 FAVSTO
1165 4005 1414 4079 ENNODlVS.

298 4150 392 4248 Cum
416 4182 578 4248 scribendi
601 4182 729 4246 occasio
754 4187 788 4246 ct
810 4181 990 4246 domestica
1014 4188 1047 4246 et
1070 4183 1176 4246 amica
1204 4182 1410 4267 subpeditet,
1438 4201 1538 4267 quare
1561 4202 1581 4245 a
1603 4181 1732 4266 paginis
1755 4185 1865 4245 tem-l

181 4306 293 4372 peram
322 4293 487 4371 tamquam
518 4285 647 4371 indigus
677 4286 865 4372 perlatoris,
900 4287 1042 4351 maxime
1071 4308 1144 4350 cum
1173 4286 1331 4351 sedulitas
1360 4287 1540 4351 litterarum
1574 4307 1732 4371 responsa
1759 4285 1838 4349 mihi

182 4391 285 4455 soleat
315 4411 415 4476 saepe
448 4396 637 4477 praestare?
688 4390 764 4454 huic
795 4410 830 4453 se
865 4389 972 4454 studio
1003 4391 1154 4454 comitem
1190 4390 1280 4454 dedit
1314 4384 1512 4455 honorabilis
1547 4390 1605 4453 viri
1637 4389 1840 4454 veneratoris

183 4495 281 4558 vestri
312 4493 421 4558 fratris
451 4494 621 4559 Constanti
652 4493 843 4579 postulatio,
880 4495 933 4580 qui
964 4493 1156 4558 industriam
1189 4515 1296 4571 suam,
1328 4516 1391 4580 qua
1421 4502 1500 4580 aput
1529 4515 1586 4559 vos
1615 4493 1769 4573 domnus,
1804 4500 1841 4557 ut

287 4772 299 4824 1
320 4773 416 4840 negotii
433 4772 479 4836 (lit
493 4790 547 4839 sup.
561 4773 586 4836 o)
599 4772 624 4823 B
755 4772 773 4824 2
790 4772 950 4840 religionem]
970 4774 1083 4840 raginam
1101 4790 1158 4839 sap.
1171 4773 1217 4823 Ir'n.
1229 4773 1248 4823 li
1260 4770 1285 4821 Β
1421 4769 1438 4822 3
1456 4773 1552 4839 negotii
1570 4770 1599 4836 (u
1615 4789 1671 4838 sup.
1690 4789 1705 4822 o
1723 4770 1802 4834 eras.)
1816 4770 1841 4819 Β

182 4859 350 4926 supplicantis
367 4858 490 4925 quiequid
506 4857 531 4907 V

286 4959 401 5029 [LXVII]
438 4958 453 5010 7
471 4962 604 5029 diligentia
616 4960 641 5011 B
759 4959 789 5012 ll
809 4963 946 5029 quicquam
963 4960 988 5010 V
1104 4958 1136 5012 12
1154 4970 1251 5028 premat
1262 4960 1288 5011 B
1403 4959 1437 5012 13
1454 4961 1572 5028 sepulcra
1590 4960 1615 5009 V
1726 4956 1758 5010 14
1776 4959 1840 5009 divi·

182 5045 272 5115 dunm]
291 5047 424 5099 dimidium
443 5044 522 5099 Siras.
539 5054 563 5097 et
580 5045 668 5098 Sebott
684 5046 712 5096 in
730 5055 782 5097 not.
866 5047 955 5114 quaeri
972 5047 987 5097 b
1111 5044 1144 5097 15
1161 5046 1272 5098 dictatur
1289 5045 1397 5110 Harrei,
1419 5047 1519 5099 dicatur
1536 5046 1596 5098 libri
1717 5042 1749 5095 17
1767 5061 1840 5095 num·

182 5150 259 5199 quam
275 5131 304 5197 V,
325 5150 439 5200 unquam
454 5130 496 5183 131
625 5130 656 5183 18
673 5133 830 5185 iuncxorunt
841 5132 898 5183 BV
1016 5131 1048 5183 19
1066 5134 1253 5186 taceturnitatis
1265 5133 1310 5184 B⁰
1391 5134 1539 5185 lamentioni
1557 5149 1612 5198 sap.
1632 5133 1676 5182 lin.
1696 5139 1722 5182 ta
1737 5147 1771 5180 m.
1786 5129 1841 5180 2B

181 5216 218 5269 ab
233 5220 338 5287 denigat
350 5217 391 5269 B¹
505 5216 538 5270 21
558 5219 620 5285 quid
638 5236 686 5269 orn.
699 5218 725 5269 B
794 5220 868 5271 feriat
886 5237 929 5270 ora
941 5219 987 5270 Ba
1059 5237 1075 5270 a
1091 5220 1181 5272 feriato
1199 5237 1243 5271 ors
1256 5218 1334 5271 Sirm.
1444 5217 1478 5270 23
1495 5234 1635 5284 numquam
1653 5216 1678 5266 V
1742 5223 1840 5267 uetere·

181 5321 253 5357 scere
270 5304 295 5355 V
395 5302 429 5356 24
446 5305 594 5356 consolatur
608 5304 634 5354 B

285 5405 413 5475 [LXVIII]
448 5405 482 5460 ‘27
501 5405 552 5460 dn'b
566 5408 590 5458 Β
596 5407 672 5473 VLO,
689 5410 783 5460 domno
797 5408 885 5471 Sis-m,
902 5417 931 5459 ut
945 5412 983 5471 73,
995 5413 1028 5460 ²3
1046 5415 1114 5471 74,5
1245 5405 1281 5459 28
1298 5409 1444 5476 subpodetit
1457 5405 1497 5458 Β1
1583 5423 1599 5456 a
1614 5413 1672 5470 past
1684 5405 1729 5454 lin.
1746 5405 1774 5455 in
1791 5422 1840 5471 ηις.

181 5495 243 5546 edd
255 5493 281 5544 B
378 5493 412 5545 29
430 5495 535 5562 indigna
546 5493 579 5557 B,
597 5494 693 5546 inditus
711 5513 767 5560 susp.
779 5503 790 5545 t
806 5512 856 5546 sor.
874 5513 890 5560 q
907 5512 978 5544 man.
991 5501 1005 5544 1
1024 5494 1052 5558 V,
1069 5497 1181 5547 indictus
1192 5494 1270 5556 LOP,
1288 5496 1388 5546 indiciis
1401 5494 1427 5544 P
1521 5487 1641 5556 nmxirno]
1661 5491 1770 5541 maxima
1789 5493 1803 5538 ὃ
1816 5490 1841 5540 Β

181 5579 217 5634 30
234 5589 397 5634 ueneratores
409 5581 434 5631 Β
538 5579 567 5632 31
590 5583 680 5633 fratres
695 5581 720 5631 Β
788 5581 933 5632 Constantii
951 5580 1030 5631 Sina.
1100 5583 1168 5650 apud
1187 5581 1211 5630 V
1276 5583 1382 5631 domnos
1401 5580 1496 5630 Harrei
