4500 6232
306 267 364 327 too
976 259 1075 314 uxxx
1095 258 1229 327 (opusc.
1247 258 1283 326 a).

305 433 561 498 llediolanensis
598 434 785 519 episeopus.
838 434 892 518 qni
928 433 1064 520 profecti
1099 454 1165 497 una
1196 431 1388 496 Ravennam
1428 430 1527 494 stiam
1564 430 1688 516 pariter
1725 438 1958 517 pervenerunt,

231 539 288 599 tat
303 536 448 622 suscepti
481 544 681 602 reverenter.
731 544 903 624 postquam
937 538 1001 601 illis
1035 535 1153 621 agendi
1190 533 1296 599 aditus
1329 533 1477 598 reclusus
1511 538 1576 613 est,
1610 532 1728 598 beatus
1758 533 1958 598 Laurentius

301 639 524 705 necessarium
553 639 646 703 duxit
673 641 720 704 illi
747 641 951 726 potissimum
981 639 1154 725 perorandi
1184 638 1309 723 copiam
1336 634 1419 718 dari,
1449 637 1542 700 cuius
1570 636 1712 721 vestigia
1736 634 1958 722 frequentium

301 743 503 826 legationum
525 743 709 808 laboriosus
733 743 826 808 callis
850 743 1028 808 adtriverat
1051 749 1084 806 et
1108 764 1166 828 per
1181 741 1344 805 tramitem
1360 738 1586 806 huiuscemodi
1601 739 1728 806 itineris
1744 741 1958 805 cursitantem

302 868 367 911 non
391 848 493 911 semel
516 846 677 932 hispidum
701 848 875 912 castrensis
899 848 1005 932 pulvis
1028 846 1193 910 effecerat.
1229 844 1362 930 quitali
1386 843 1533 930 publicas
1556 844 1734 931 petitiones
1757 849 1809 908 est
1831 842 1958 909 orditus
2019 881 2029 917 s

230 951 289 1012 125
302 953 443 1037 eloquio:
482 956 645 1036 ‘quantus
672 937 885 1016 invictissime
908 951 1072 1037 princeps,
1095 971 1156 1035 per
1177 947 1433 1013 innumerabiles
1457 967 1629 1012 successus
1650 947 1844 1014 felicitatem
1866 955 1958 1013 tuam

302 1055 394 1118 favor
422 1054 550 1119 divinus
580 1054 741 1134 evexerit,
774 1055 802 1117 si
826 1075 886 1140 per
908 1053 1057 1119 ordinem
1081 1055 1242 1139 relegam,
1274 1052 1427 1140 agnoscis
1449 1059 1483 1117 te
1505 1060 1654 1117 votorum
1677 1073 1812 1140 parcum
1833 1051 2038 1137 maiorem

304 1178 434 1244 semper
450 1180 469 1222 a
484 1156 546 1221 deo
571 1163 680 1221 nostro
703 1157 864 1221 beneficia
886 1157 1051 1243 accepisse
1075 1177 1172 1241 quam
1189 1164 1320 1242 optasse
1340 1155 1539 1220 memineris.
1577 1156 1699 1222 sufficit
1713 1163 1824 1223 tamen
1840 1157 1958 1223 borum

303 1283 402 1324 unum
432 1281 563 1325 narrare
593 1260 652 1325 sed
681 1262 876 1335 maximum,
907 1258 993 1344 quod
1022 1258 1107 1345 apud
1135 1265 1168 1322 te
1197 1258 1375 1343 principem
1407 1258 1453 1322 ibi
1483 1279 1650 1324 servorum
1680 1266 1810 1325 tuorum
1839 1280 1958 1325 causas

230 1365 445 1449 satagimus,
477 1365 533 1428 ubi
563 1364 693 1430 solebat
721 1365 871 1429 inimicus
899 1371 974 1428 tuus
1004 1363 1100 1427 huius
1122 1363 1193 1426 solii
1215 1363 1428 1447 possessione
1451 1361 1606 1448 gaudere.
1651 1362 1755 1430 habes
1780 1364 1958 1450 plurimum
2009 1399 2033 1437 ra

304 1467 432 1532 Christo
450 1468 648 1554 redemptori
663 1473 775 1531 nostro
792 1466 877 1552 quod
894 1466 1030 1531 debeas:
1054 1487 1114 1553 pro
1129 1466 1246 1551 quibus
1263 1486 1426 1551 rogamus,
1441 1465 1513 1551 ipsc
1525 1466 1665 1551 largitus
1680 1472 1740 1531 est.
1776 1465 1959 1532 cavendum

302 1571 396 1635 nobis
420 1578 481 1649 cst,
504 1592 545 1635 ne
570 1570 755 1634 offendatur
777 1578 891 1635 auctor
912 1570 1067 1646 muneris,
1091 1569 1118 1633 si
1142 1567 1225 1653 quod
1249 1569 1414 1654 praestitit
1437 1590 1502 1633 non
1525 1589 1681 1634 amemus.
1718 1568 1777 1634 diu
1792 1568 1959 1657 suspendo

302 1674 452 1738 fiduciam
469 1693 591 1737 meam:
615 1675 724 1759 placet
740 1673 787 1737 ire
804 1694 863 1759 per
885 1673 1022 1758 singula,
1046 1693 1130 1758 quae
1153 1671 1250 1736 fando
1275 1673 1408 1759 conpari
1431 1693 1579 1758 quaeque
1602 1668 1756 1762 perspexi
1778 1675 1959 1739 accessisse

231 1777 290 1838 127
303 1778 362 1842 tibi
384 1777 564 1841 divinitatis
587 1777 721 1841 auxilio.
763 1777 827 1840 scis
850 1798 935 1862 quae
959 1784 991 1841 te
1013 1776 1222 1862 pollicebaris
1245 1782 1404 1856 aetumm,
1428 1775 1557 1860 quaudo
1578 1773 1829 1842 confertissimis
1849 1777 1958 1841 inimi·

303 1902 412 1945 corum
443 1881 555 1945 cuneis
586 1880 780 1964 urguebaris
810 1888 843 1944 ct
871 1881 957 1944 circa
985 1900 1094 1944 muros
1121 1878 1304 1943 Ticinensis
1338 1879 1527 1944 civitatulae
1559 1878 1688 1943 hostilis
1720 1879 1793 1944 litui
1823 1879 1961 1965 clangor
2011 1915 2033 1953 n

303 1990 480 2070 streperet,
512 1982 640 2068 quando
670 1984 768 2046 armis
795 2003 932 2049 numero
956 1983 1133 2047 adversarii
1157 1981 1411 2069 praestantiores
1435 1982 1615 2047 subsistere
1638 1982 1710 2048 sola
1731 1989 1843 2048 tecum
1865 1981 1960 2048 dimi·

303 2094 397 2153 cante
421 2087 557 2150 caelitus
584 2086 738 2150 invisibili
762 2088 880 2151 virtute
908 2107 972 2150 non
1001 2092 1161 2172 poterant.
1208 2086 1352 2150 audebat
1373 2092 1405 2149 te
1432 2083 1581 2171 adgredi,
1611 2086 1666 2170 qui
1692 2087 1859 2152 exercitus
1885 2093 1960 2151 tuos

302 2190 388 2255 nuda
426 2190 655 2255 aestimatione
690 2191 868 2275 pensabat:
909 2191 1103 2256 solaciorum
1141 2196 1269 2254 tuorum
1301 2188 1429 2276 pondus
1461 2189 1566 2254 omnis
1602 2187 1748 2253 bellandi
1781 2195 1961 2277 apparatus

233 2293 291 2355 128
305 2295 468 2358 sustinere
492 2315 556 2357 non
574 2293 685 2358 valuit.
724 2295 872 2378 quotiens
895 2295 1090 2360 utilitatibus
1114 2296 1177 2359 tuis
1200 2316 1258 2359 aer
1280 2295 1351 2380 ipse
1374 2293 1533 2372 servierit,
1556 2293 1584 2356 si
1605 2311 1770 2375 recenses,
1792 2292 1853 2358 tibi
1877 2293 1961 2359 caeb

305 2420 423 2463 serena
446 2399 635 2471 militarunt,
659 2398 716 2462 tibi
740 2420 888 2464 convexa
911 2399 1038 2485 pluvias
1061 2421 1119 2484 pro
1135 2405 1211 2464 voto
1234 2398 1396 2464 fuderunt.
1434 2397 1506 2481 quis
1527 2396 1681 2462 resistere
1704 2395 1863 2462 dexterae
1882 2405 1961 2463 tuas
2010 2427 2036 2468 so

304 2524 403 2567 ausus
426 2502 486 2566 fuit
509 2510 543 2567 et
566 2523 639 2567 cum
662 2503 770 2587 gratia
792 2523 935 2588 superna
958 2503 1137 2587 pugnanti?
1175 2503 1324 2588 quotiens
1344 2502 1466 2566 inimici
1483 2500 1528 2565 tui
1546 2499 1735 2565 ceciderunt
1749 2501 1960 2568 mucronibus

231 2605 291 2668 129
304 2607 464 2671 sodalium
488 2613 641 2671 suorum?
687 2607 836 2692 quotiens
860 2606 919 2670 tibi
942 2605 1020 2670 vicit
1043 2608 1097 2691 qui
1121 2630 1178 2694 pro
1203 2608 1345 2672 hostium
1370 2612 1498 2670 tuorum
1526 2604 1669 2670 utilitate
1696 2603 1864 2670 certabat?
1909 2606 1959 2671 bis

304 2731 381 2794 erge
406 2709 499 2773 donis
523 2710 721 2774 caelestibus
738 2708 994 2776 vicissitudinem
1019 2712 1156 2798 inpensa
1180 2713 1266 2776 circa
1289 2711 1437 2776 homines
1460 2710 1584 2796 pietate
1607 2709 1753 2775 restitue.
1797 2709 1959 2795 mysticae

303 2813 478 2877 oblationis
509 2812 700 2877 holocausta
729 2822 804 2878 sunt
834 2815 1072 2900 supplicantum
1103 2816 1255 2881 lacrimas
1285 2836 1350 2880 non
1381 2814 1500 2900 sperni.
1549 2812 1631 2878 illud
1662 2819 1750 2877 certe
1778 2812 2042 2900 perpendam

304 2916 455 3001 qualibus
477 2917 510 2980 in
536 2939 636 3002 regno
661 2917 869 2982 successeris.
908 2918 1041 3002 quossi,
1065 2924 1101 2982 ut
1116 2918 1228 3002 liquet,
1252 2917 1376 2981 malitia
1392 2916 1529 3002 expulit,
1553 2935 1647 2980 casus
1667 2915 1796 2980 illorum
1818 2937 1959 2983 necesse
2009 2946 2034 2987 ss

157 3013 357 3111 Sagapa-est
380 3024 414 3081 ut
438 3027 614 3104 sequentes
639 3020 801 3084 informet.
847 3019 940 3083 ruina
962 3019 1227 3105 praecedentium
1252 3027 1400 3107 posteros
1424 3018 1533 3084 docet:
1566 3018 1676 3083 cautio
1699 3026 1751 3084 est
1773 3039 1906 3107 semper
1926 3019 1960 3084 iu

305 3123 464 3208 reliquum
494 3124 607 3209 lapsus
636 3123 789 3188 anterior.
837 3144 901 3186 non
930 3123 999 3186 sinc
1023 3124 1175 3210 exemplo
1199 3124 1317 3188 militat
1340 3124 1395 3207 qui
1418 3122 1565 3208 respicit,
1596 3142 1661 3207 qua
1683 3141 1783 3186 eausa
1805 3122 1963 3187 decessor

233 3225 292 3287 130
305 3228 429 3291 ciectus
454 3234 512 3292 cst.
558 3228 608 3292 his
632 3228 718 3292 freta
741 3227 878 3311 Liguria
901 3233 1009 3291 vestra
1033 3227 1202 3292 nobiseum
1225 3228 1358 3313 profusa
1380 3226 1558 3311 supplicat,
1585 3231 1621 3289 ut
1643 3224 1753 3310 legum
1775 3231 1960 3290 vestrarum

303 3331 465 3396 beneficia
488 3332 534 3395 sic
555 3331 706 3395 tribuatis
723 3329 963 3411 innocentibus,
985 3336 1021 3392 ut
1037 3330 1152 3394 noxios
1169 3330 1357 3395 absolvatis.
1395 3330 1515 3414 exigua
1529 3334 1581 3393 est
1596 3326 1682 3414 apud
1699 3327 1797 3394 deum
1812 3336 1961 3393 nostrum

303 3435 541 3511 misericordia,
574 3436 600 3499 si
624 3436 697 3501 illos
721 3441 846 3498 tautum
869 3434 972 3498 laesio
1002 3454 1066 3496 non
1099 3439 1264 3518 sequatur,
1294 3434 1348 3519 qui
1376 3437 1470 3497 reatu
1496 3437 1622 3497 carent:
1655 3433 1768 3519 culpas
1795 3431 1961 3497 dimittere
2011 3462 2036 3501 a

305 3539 449 3603 caeleste
473 3547 533 3615 est,
557 3538 724 3603 vindicare
748 3535 934 3602 terrenum'.
981 3544 1055 3622 post
1078 3537 1159 3601 haec
1181 3537 1279 3603 siluit.

232 3643 288 3704 131
414 3641 458 3706 At
482 3642 762 3707 eminentissimus
787 3663 846 3705 rex
870 3640 949 3718 infit,
974 3660 1038 3723 quo
1062 3641 1217 3725 loquente
1241 3640 1387 3704 adtonita
1407 3639 1448 3705 de
1471 3639 1637 3704 voluntate
1653 3639 1725 3705 eius
1741 3638 1841 3704 corda
1856 3660 1961 3727 pavor

304 3745 448 3810 artabat:
483 3746 641 3830 ‘quamvis
670 3753 713 3822 te,
743 3743 941 3808 venerabilis
970 3743 1137 3830 episcope,
1166 3765 1225 3830 pro
1254 3745 1441 3809 meritorum
1469 3750 1597 3808 tuorum
1626 3743 1699 3809 luce
1725 3744 1904 3831 suspiciam
1926 3749 1961 3809 et

304 3847 407 3912 multa
436 3847 521 3933 apud
553 3869 606 3912 me
636 3847 834 3912 confusionis
866 3855 1012 3933 tempore
1047 3847 1253 3932 reposuisses
1282 3847 1464 3927 beneficia,
1501 3846 1619 3933 quibus
1650 3847 1714 3912 frui
1742 3854 1775 3913 te
1806 3847 1962 3913 convenit

304 3951 538 4036 tranquillitate
562 3957 727 4029 revocata,
751 3949 912 4034 regnandi
934 3956 1045 4013 tamen
1068 3950 1249 4013 necessitas
1274 3970 1338 4035 qua
1361 3948 1586 4014 concludimur
1601 3948 1845 4014 misericordiae
1861 3970 1959 4035 quam
2010 3980 2035 4019 a

305 4052 425 4118 suades
449 4075 514 4117 non
538 4053 657 4137 ubique
682 4053 795 4138 pandit
818 4072 998 4131 accessum,
1023 4059 1056 4116 ct
1079 4052 1164 4117 inter
1186 4073 1238 4117 res
1255 4050 1353 4117 duras
1369 4053 1535 4118 nascentis
1551 4052 1680 4137 imperii
1697 4053 1828 4137 pietatis
1845 4051 1960 4117 dulce·

234 4158 293 4220 132
305 4156 415 4221 dinem
440 4177 599 4221 censurae
624 4155 717 4241 pellit
740 4156 874 4220 utilitas.
920 4156 1145 4241 cxernplomm
1171 4156 1365 4220 caelestium
1388 4156 1573 4220 testimonio
1590 4155 1728 4221 assertio
1746 4177 1820 4221 mea
1837 4157 1961 4222 nititur.

306 4258 482 4323 offendisse
507 4259 646 4341 legimus
670 4259 859 4345 principem,
890 4259 944 4343 qui
975 4259 1114 4323 caelitus
1137 4257 1335 4323 destinatum
1365 4260 1438 4324 neci
1467 4259 1630 4323 inimicum
1660 4257 1817 4324 subduxit
1847 4260 1961 4325 exitio.

306 4382 444 4447 poenam
469 4362 586 4426 meruit
608 4362 737 4442 lenitas,
763 4383 859 4447 quam
884 4362 990 4448 potuit
1013 4361 1163 4426 intulisse
1188 4361 1358 4428 districtio.
1393 4363 1551 4426 ultionem
1572 4363 1711 4448 suscipit
1730 4363 1785 4448 qui
1800 4362 1962 4429 demsctst

305 4465 444 4530 inferre:
480 4465 545 4529 vim
579 4465 680 4529 divini
710 4466 820 4530 iudicii
849 4473 906 4529 aut
940 4465 1098 4529 adtenuat
1129 4472 1186 4529 aut
1213 4466 1393 4531 contemnit
1422 4466 1477 4549 qui
1506 4464 1594 4530 hosti
1622 4486 1693 4548 suo,
1725 4486 1798 4532 cum
1826 4468 1960 4555 potitur,
2010 4494 2037 4533 a

236 4566 295 4628 133
310 4567 470 4652 indulget.
515 4569 640 4633 iustitia
664 4568 835 4634 coercendi
859 4575 945 4641 sunt,
976 4590 1056 4653 quos
1080 4575 1206 4634 constat
1227 4571 1365 4655 gratiam
1388 4589 1453 4633 non
1477 4574 1618 4634 secutos.
1663 4570 1744 4635 vitia
1765 4571 2043 4647 transmittitsrsr

408 4791 425 4844 3
442 4795 544 4861 cupiam
556 4791 598 4844 13¹
674 4794 733 4844 dare
751 4791 811 4844 'I'et
829 4792 917 4845 Sebott
1031 4791 1046 4843 4
1065 4795 1199 4846 attriuemt
1217 4793 1241 4843 V
1347 4792 1516 4861 bhispedum
1529 4793 1555 4844 Β
1623 4795 1736 4847 stttcsrm
1748 4793 1797 4845 BL
1864 4794 1923 4847 talis
1935 4794 1962 4848 Β

304 4879 320 4930 ti
333 4881 433 4945 eloquia
444 4878 486 4929 ΒῙ
574 4876 726 4945 lovexorit]
740 4880 841 4930 exuerit
850 4878 883 4942 Β,
901 4879 1022 4930 extulerit
1032 4896 1101 4928 aran.
1112 4896 1161 4929 rec.
1171 4879 1199 4928 iu
1208 4878 1241 4943 B,
1256 4878 1343 4929 Selsott
1355 4887 1378 4930 et
1388 4879 1457 4931 Bell.
1510 4896 1634 4947 agnosces
1643 4880 1713 4932 Bell.
1804 4878 1960 4934 SaufficaB

305 4963 407 5032 borum]
426 4967 474 5017 boc
488 4965 565 5018 Sirra
678 4964 694 5014 ll
712 4982 814 5016 narrare
826 4965 851 5014 Β
859 4964 900 5014 Va
1015 4961 1048 5013 10
1065 4964 1140 5014 solii·
1154 4965 1183 5030 (ii
1200 4964 1287 5025 iniit.)
1304 4964 1326 5014 B
1435 4963 1468 5017 14
1485 4967 1582 5017 auxilia
1594 4965 1674 5017 Sirra.
1744 4975 1769 5019 te
1789 4983 1847 5033 cup.
1862 4967 1908 5018 liu.
1921 4963 1962 5018 B¹

307 5052 338 5102 lb
358 5070 458 5104 cuneus
475 5052 500 5103 Β
570 5049 731 5118 urguebaris]
751 5052 884 5117 urgebaris
900 5050 940 5099 1⁷2¹
1008 5050 1156 5101 ciuitatulae
1178 5051 1308 5102 ticinensis
1326 5049 1404 5101 1⁷¹1st
1473 5053 1572 5103 hostilis
1588 5053 1646 5104 litui
1658 5051 1692 5117 B,
1710 5053 1810 5105 hostilis
1827 5054 1866 5105 tui
1879 5053 1962 5120 couri,

305 5141 385 5191 hastis
403 5141 455 5190 tuis
468 5138 546 5190 Sirra
661 5135 696 5186 ‘20
713 5138 889 5188 militauerant
902 5136 925 5186 L
942 5146 964 5188 et
977 5139 1055 5189 Sirra.
1125 5156 1223 5191 conexa
1240 5158 1296 5206 rrcp.
1310 5142 1355 5193 lia.
1374 5160 1392 5193 u
1408 5142 1431 5190 l’
1497 5143 1601 5194 donuae
1614 5141 1692 5194 Sina.
1804 5142 1840 5196 23
1857 5146 1962 5197 uiosoei·

268 5213 272 5223 ⁸
304 5226 418 5276 truliuem
435 5225 460 5273 Β
525 5225 645 5274 restituae
657 5223 690 5277 Β,
708 5224 841 5275 restituere
860 5221 967 5273 l⁷¹LT¹
1066 5223 1101 5275 95
1118 5224 1193 5293 quos]
1212 5234 1274 5292 quot
1287 5226 1332 5276 Β(ι
1433 5226 1468 5279 26
1486 5231 1682 5295 praecedentum
1696 5228 1775 5281 Sim.
1871 5230 1907 5283 3'2
1923 5228 1961 5299 at]

304 5311 335 5360 ad
349 5308 374 5359 Β
449 5310 670 5361 enrensutissimus
682 5307 723 5359 111
801 5311 908 5360 attonita
924 5309 948 5358 V
1064 5310 1098 5363 33
1116 5314 1277 5364 uenerabiles
1295 5315 1321 5379 (a
1339 5315 1365 5365 ia
1378 5314 1425 5379 za.)
1438 5313 1478 5365 B¹
1548 5325 1609 5383 port
1626 5314 1673 5383 spis
1691 5316 1748 5382 (alt
1766 5333 1781 5368 s
1798 5318 1826 5368 ia
1843 5317 1892 5374 lit.)
1911 5318 1962 5369 cli·

304 5405 428 5461 qnautam
445 5398 521 5461 apiarii
538 5396 659 5460 relinquit
671 5395 697 5445 B
767 5396 902 5462 suscipiam
919 5395 960 5444 Va
1075 5395 1110 5447 34
1127 5399 1278 5466 reposuissis
1290 5399 1317 5450 Β
1427 5399 1462 5451 36
1479 5403 1567 5454 suadis
1578 5402 1604 5453 B
1672 5404 1749 5456 duras
1761 5403 1795 5466 B,
1811 5404 1876 5456 duas
1888 5405 1964 5457 ceteri

304 5480 337 5531 :rt
355 5483 460 5532 assertis
477 5482 505 5541 Γ,
522 5484 623 5533 allectio
636 5482 714 5531 Sirra
812 5479 846 5533 38
864 5483 1011 5534 distiuatum
1025 5483 1051 5534 B
1108 5486 1164 5536 neci
1177 5485 1255 5549 uolt,
1273 5503 1321 5539 noc
1332 5487 1392 5537 libri
1487 5486 1522 5538 39
1539 5491 1646 5557 suscipit
1658 5490 1762 5551 Horret,
1778 5492 1892 5560 rumpit
1903 5492 1965 5543 libri

304 5567 339 5617 40
356 5576 471 5618 attenuat
489 5568 510 5615 l'
565 5570 636 5618 besto
650 5567 673 5616 Β
685 5577 708 5617 et
720 5566 790 5616 Ball.
886 5567 917 5618 tl
938 5570 1047 5636 indulgit
1061 5571 1087 5620 Β
1143 5582 1247 5624 secutus
1259 5571 1369 5623 Bl'¹L¹
1428 5576 1640 5628 transurittitetB
1653 5576 1744 5640 (alan
1756 5586 1767 5629 t
1779 5576 1843 5628 add.
1854 5576 1962 5643 mom)
