4500 6232
300 292 319 352 2
1031 287 1042 340 1
1062 286 1166 355 (oron.
1186 288 1221 355 ι).

298 461 330 523 in
363 461 491 525 laetitia
521 481 586 524 non
618 461 750 527 habere.
796 482 874 545 ergo
904 460 981 540 tibi,
1014 467 1127 525 sancte
1151 467 1254 547 pater,
1287 462 1385 526 officii
1409 463 1557 526 conscius
1581 461 1683 526 verba
1705 482 1769 525 non
1793 461 1956 526 tribuam?

299 565 380 629 libet
410 571 521 630 tamen
550 564 680 631 dicendi
709 565 867 652 principia
901 565 1153 629 consecrationis
1183 572 1258 629 tuae
1289 564 1436 630 derivare
1466 564 1507 630 de
1535 571 1685 651 tempore
1715 571 1749 630 et
1776 586 1849 630 cum
1878 565 1956 630 anni

268 669 501 733 lrenascentis
526 669 663 734 infantia
686 669 874 749 florulenta,
899 669 927 731 si
950 669 1061 748 valeo,
1085 667 1228 732 dictione
1252 689 1403 733 vernare:
1434 690 1520 732 nunc
1545 690 1618 733 cum
1641 675 1749 733 terrae
1774 690 1872 735 sucus
1896 690 1957 756 per

299 793 401 836 venas
433 773 593 836 arentium
624 774 838 858 virgultorum
867 771 967 835 currit
994 772 1027 834 in
1058 771 1207 856 germina
1236 781 1268 835 et
1299 772 1391 836 alvus
1420 773 1498 836 sisoi
1521 772 1643 837 fomitis
1666 793 1780 837 umore
1803 772 1958 837 maritata

301 877 465 960 turgisoit,
499 898 572 940 cum
602 877 634 940 in
657 876 812 941 blandam
835 878 944 940 lucem
967 877 1089 941 novelli
1112 877 1348 961 praesegminis
1373 897 1486 940 comae
1510 877 1717 963 explicantur
1741 876 1900 941 arboreae
1923 882 1958 942 et
2023 892 2035 929 ὅ

302 981 406 1043 omnis
431 1001 593 1044 ramorum
617 981 765 1065 plectura
793 980 985 1044 diffunditur
1008 980 1059 1044 vel
1084 1001 1167 1064 quae
1191 981 1276 1045 intra
1299 980 1443 1044 tunicam
1467 987 1583 1044 natura
1606 986 1772 1045 artaverat
1793 978 1958 1044 frondium

301 1084 422 1148 deeora
449 1085 632 1165 solvuntur,
662 1107 735 1148 cum
765 1084 873 1146 avium
903 1084 1067 1148 cantilena
1098 1085 1238 1148 comitur
1261 1106 1378 1171 sapore
1401 1083 1585 1165 modulato,
1619 1105 1692 1149 cum
1715 1085 1784 1149 vita
1806 1090 1958 1170 segetum

301 1186 408 1272 glebis
443 1189 572 1274 sepulta
606 1188 801 1253 hiemalibus
836 1187 929 1272 quasi
965 1188 1131 1273 repagulis
1160 1188 1283 1273 algoris
1311 1188 1432 1252 emissa
1461 1195 1494 1252 et
1523 1194 1637 1275 tepore
1666 1188 1734 1252 fota
1763 1188 1956 1274 coneipitur:

269 1297 387 1359 8nunc
410 1311 481 1355 cum
504 1293 537 1355 in
560 1313 643 1356 cano
667 1293 747 1357 flore
773 1313 865 1378 spem
888 1291 1054 1356 fruetuum
1070 1294 1203 1358 motitur
1219 1293 1374 1377 agricola,
1399 1313 1472 1356 curn
1488 1293 1609 1357 mutuis
1626 1292 1797 1379 palmitum
1813 1291 1958 1357 brachiis

302 1394 471 1459 vinearum
496 1397 619 1459 texitur
642 1396 754 1481 aprica
769 1396 958 1459 formositas
975 1402 1008 1460 et
1024 1402 1101 1460 ante
1116 1397 1314 1460 maturitatis
1331 1403 1460 1481 tempus
1478 1396 1603 1460 vultum
1619 1395 1811 1480 frugiferum
1829 1395 1959 1460 cultura
2012 1411 2038 1450 ¹⁰

302 1499 473 1583 conponit,
504 1498 586 1564 dans
610 1507 816 1564 venustatem
846 1500 931 1563 falce
960 1499 1132 1564 domitrice
1157 1507 1190 1566 et
1214 1500 1377 1565 luxuriam
1402 1499 1611 1565 infecundam
1633 1499 1718 1564 ferro
1742 1499 1961 1564 fructificante

303 1623 512 1686 conpescens,
537 1625 609 1666 cum
634 1603 784 1688 profundi
809 1603 948 1687 gurgitis
973 1602 1082 1668 rabies
1105 1603 1259 1669 blandum
1284 1604 1401 1669 transit
1425 1606 1458 1667 in
1475 1604 1605 1668 sibilum
1622 1610 1656 1669 et
1672 1609 1829 1669 enervata
1845 1609 1961 1690 tepore

303 1711 474 1769 ventomm
497 1704 653 1770 ferocitas
676 1707 796 1791 migrat
818 1706 851 1770 in
880 1705 1016 1771 delicias
1046 1707 1245 1793 navigantis,
1277 1728 1350 1771 oum
1374 1713 1480 1770 tutum
1504 1713 1555 1771 est
1579 1706 1729 1793 cymbam
1753 1708 1823 1772 salo
1846 1706 1966 1771 laxare

304 1815 338 1873 et
367 1828 559 1872 ancorarum
591 1830 718 1873 morsus
752 1809 940 1890 absolvere,
975 1810 1052 1875 dum
1083 1812 1228 1877 fractura
1258 1812 1492 1898 procellarum,
1528 1832 1612 1896 quae
1643 1813 1770 1876 navitas
1800 1810 1961 1875 hactenus

165 871 230 926 vmp.
245 871 277 913 lv

184 930 216 977 rs,
230 929 263 968 as.

303 1910 482 1992 terrebant,
507 1913 623 1976 invitat
647 1919 679 1976 et
702 1934 762 1998 per
784 1914 849 1977 uda
872 1916 1025 2000 aequoris
1048 1916 1154 2001 spatia
1177 1936 1326 1979 somnum
1350 1914 1565 2000 gubernantis
1583 1913 1735 1994 admittit,
1760 1935 1833 1978 curn
1849 1915 1960 1981 colore
2014 1928 2039 1967 ¹⁵

304 2013 458 2079 distincta
491 2025 655 2101 gemmato
685 2016 778 2081 verni
810 2018 928 2104 opibus
961 2025 1057 2105 prata
1090 2019 1255 2084 ditescunt
1289 2025 1322 2083 et
1351 2019 1384 2082 in
1412 2017 1616 2082 ordinatione
1650 2019 1768 2083 summi
1797 2018 1961 2103 pontificis

273 2122 441 2184 uncturae
465 2119 618 2206 gaudium
644 2121 806 2185 elementa
829 2126 1006 2185 testantur:
1036 2123 1097 2186 tibi
1121 2144 1214 2208 ergo,
1238 2124 1393 2197 antistes,
1421 2143 1507 2186 nuno
1535 2142 1600 2185 non
1623 2120 1757 2187 reddam
1780 2121 1867 2206 quod
1889 2121 1962 2186 aliis

306 2222 371 2287 iarn
399 2231 569 2308 praestare
601 2224 715 2303 didici,
746 2246 842 2309 quem
873 2225 914 2288 ad
937 2225 1157 2311 pontificalem
1181 2227 1308 2313 apicem
1332 2227 1475 2311 gravitas
1498 2225 1604 2311 pudor
1626 2225 1784 2312 pudicitia
1807 2231 1962 2291 venustas

305 2325 456 2408 adduxit,
489 2329 544 2412 qui
575 2335 622 2392 tot
645 2329 776 2393 dotibus
800 2329 891 2393 velut
914 2329 947 2393 in
970 2351 1124 2394 acervum
1148 2332 1271 2396 coactis
1296 2352 1410 2396 canam
1435 2329 1630 2416 dignitatem
1653 2329 1838 2415 praesentis
1862 2329 1962 2395 oflicii

306 2432 494 2518 suscepisti,
531 2432 656 2499 habens
690 2440 853 2498 tantarum
887 2433 1137 2498 honestamenta
1167 2434 1340 2513 virtutum,
1376 2439 1570 2519 quantarum
1604 2432 1778 2519 probatum
1812 2432 1961 2518 singulae
2015 2470 2027 2484 ·

256 2532 454 2599 ltfacerent
487 2537 615 2622 species
652 2536 879 2602 sacerdotem?
924 2544 1019 2600 taceo
1053 2538 1277 2602 universitatis
1308 2539 1341 2602 in
1371 2538 1533 2602 electione
1566 2543 1623 2601 tua
1654 2537 1902 2603 consonantiam
1930 2545 1965 2605 et

305 2637 520 2704 discretarum
551 2642 718 2705 nationum
751 2640 946 2705 concordem
981 2641 1176 2705 sententiam
1211 2663 1274 2705 non
1304 2642 1445 2706 revolvo.
1499 2645 1622 2705 statuat
1651 2642 1716 2705 isto
1745 2640 1818 2705 loco
1847 2641 1964 2719 laudis,

306 2744 359 2808 oui
381 2764 446 2807 non
471 2744 616 2830 suppetit
639 2745 726 2831 quod
750 2746 853 2831 possit
876 2743 1065 2831 praedicare
1090 2744 1130 2809 de
1150 2744 1305 2810 moribus.
1344 2746 1519 2810 momentis
1538 2744 1622 2809 enim
1640 2743 1833 2831 plerumque
1847 2744 1963 2811 incerti

306 2848 424 2912 favoris
448 2869 528 2912 aura
550 2849 718 2934 popularis
741 2849 908 2935 inpellitur
924 2855 957 2912 et
973 2849 1083 2912 nescia
1100 2848 1263 2913 examinis
1279 2848 1376 2912 turba
1392 2847 1579 2925 Quiritium,
1602 2848 1678 2911 dum
1696 2846 1813 2913 studiis
1829 2848 1964 2934 rapitur,

307 2960 396 3015 amat
425 2953 616 3038 incognitos.
662 2953 696 3016 in
719 2959 752 3017 te
775 2952 891 3016 libram
924 2952 1031 3017 tenuit
1058 2952 1111 3037 qui
1140 2952 1309 3037 petitionis
1332 2958 1409 3017 tuae
1433 2958 1489 3015 aut
1513 2953 1639 3016 socium
1662 2972 1698 3016 se
1721 2952 1886 3037 praestitit
1907 2957 1964 3015 aut

257 3058 290 3117 ll
309 3062 488 3122 auctorem.
532 3057 704 3143 imperitae
739 3063 850 3121 coetus
881 3055 1099 3120 multitudinis
1137 3056 1286 3120 meritum
1316 3063 1407 3120 tuum
1439 3054 1597 3141 expendit
1628 3056 1723 3120 lance
1755 3054 1893 3141 perfecti
1920 3060 1965 3135 et,

306 3159 383 3223 dum
405 3160 439 3224 in
461 3164 494 3224 te
518 3167 786 3226 ornamentorum
804 3159 947 3224 varietas
969 3160 1088 3246 placet,
1113 3161 1206 3246 quasi
1230 3181 1314 3224 unus
1337 3159 1434 3224 heres
1457 3159 1673 3224 diversissimi
1697 3158 1799 3224 fueris
1814 3158 1965 3240 instituti,

307 3265 354 3329 sic
378 3264 498 3350 singuli
522 3265 584 3329 hoc
608 3264 649 3330 de
674 3265 824 3329 claritate
848 3271 905 3327 tua
928 3263 1108 3328 censebant
1133 3264 1285 3328 sufficere
1307 3262 1394 3348 quod
1418 3262 1619 3350 probabant,
1650 3263 1725 3348 quia
1748 3263 1835 3328 bona
1856 3261 1966 3327 omnia

308 3387 514 3453 nequaquam
538 3369 688 3433 omnibus
713 3375 790 3432 nota
813 3389 888 3432 esse
911 3374 1100 3454 potuerunt,
1124 3376 1157 3432 et
1181 3368 1351 3454 speciatim
1375 3367 1416 3431 ad
1432 3367 1578 3431 favorem
1597 3366 1712 3432 sideris
1729 3366 1777 3430 tui
1793 3365 1965 3431 universos

308 3473 489 3553 inlexeras,
520 3473 616 3537 alteri
647 3471 849 3537 ostendendo
872 3471 957 3557 quod
981 3472 1055 3557 pius
1079 3493 1131 3552 es,
1164 3470 1259 3535 alteri
1282 3469 1368 3554 quod
1392 3491 1542 3549 severus,
1573 3471 1667 3535 alteri
1689 3469 1776 3557 quod
1798 3468 1883 3535 bene
1906 3468 1965 3535 ad·

310 3577 422 3663 quisiti
446 3576 640 3641 distributor·
661 3575 859 3663 patrimonii,
884 3575 979 3640 alteri
1002 3574 1089 3660 quod
1113 3574 1207 3640 sciris
1231 3581 1321 3640 recte
1345 3580 1440 3661 parta
1463 3596 1606 3642 servare.
1647 3575 1680 3639 id
1703 3572 1802 3639 studii
1825 3573 1967 3659 sumpsit

310 3680 523 3761 universitas,
556 3687 592 3745 ut
625 3702 697 3746 cum
726 3681 767 3746 de
800 3680 971 3767 proposita
1005 3678 1102 3743 laude
1131 3679 1353 3764 unusquisque
1380 3679 1543 3760 vinceret,
1578 3678 1761 3744 conlatione
1792 3683 1904 3742 tamen
1932 3675 1966 3741 in

311 3785 495 3871 praeconiis
519 3784 584 3849 tuis
607 3785 752 3850 melioris
776 3785 862 3850 tituli
886 3783 927 3848 ab
950 3784 1053 3849 altero
1077 3784 1273 3848 vinceretur.

260 3890 298 3950 12
420 3887 505 3951 ΝοΙο
533 3888 604 3952 istis
634 3888 755 3954 diutius
786 3888 950 3953 inmorari.
995 3886 1193 3952 veniendum
1223 3894 1274 3952 est
1303 3886 1344 3950 ad
1372 3887 1494 3951 laboris
1519 3886 1564 3951 tui
1588 3885 1761 3966 exercitia,
1792 3884 1870 3972 quia
1892 3904 1966 3970 ego,

311 3992 366 4077 qui
390 4011 452 4054 non
477 4012 548 4055 sum
572 3992 604 4055 in
629 3992 817 4057 laudatione
841 3999 898 4056 tua
921 3991 1059 4061 idoneus
1082 3991 1244 4072 maximis,
1268 3991 1378 4055 neseio
1396 4011 1470 4054 esse
1487 4011 1588 4076 parva
1604 3995 1787 4056 contentus.
1825 3987 1964 4053 novellis

311 4102 343 4161 te
368 4094 473 4160 adhuc
497 4096 659 4181 inpositae
682 4097 851 4182 dignitatis
875 4096 1041 4160 labantem
1065 4095 1214 4179 vestigiis
1237 4094 1407 4159 ineluctati
1431 4094 1587 4180 temporis
1611 4093 1756 4180 suscepit
1783 4091 1966 4158 adversitas

314 4205 347 4262 et
370 4200 507 4263 tironem
531 4200 688 4286 pontificii
712 4201 1024 4265 exercitatissimum
1048 4199 1184 4263 militem
1208 4197 1368 4262 adversus
1393 4196 1579 4262 libertatem
1602 4198 1734 4285 inpacta
1748 4196 1838 4262 bella
1855 4193 1965 4261 reddi·

307 4299 440 4365 derunt.
486 4309 522 4366 tu
544 4302 719 4388 praedonis
741 4303 874 4368 nescisti
897 4304 1013 4367 timere
1038 4302 1217 4380 saevitiam,
1240 4308 1275 4364 tu
1299 4300 1606 4378 blandimentorum,
1631 4300 1719 4387 quod
1740 4300 1774 4365 in
1796 4297 1966 4365 malitiosis

264 4405 485 4469 13noeentius
513 4407 614 4470 telum
645 4415 712 4487 est,
743 4414 835 4471 scuto
869 4407 1072 4471 constantiae
1095 4426 1224 4470 venena
1247 4405 1409 4490 respuisti.
1455 4405 1605 4490 quotiens
1627 4411 1677 4485 te,
1706 4405 1760 4490 qui
1787 4403 1967 4469 certamine

313 4530 377 4573 non
410 4511 530 4594 potuit,
565 4509 720 4574 insidiosa
755 4511 1002 4576 honorificentia
1034 4509 1223 4574 lacessivit?
1276 4509 1427 4594 quotiens
1463 4509 1496 4571 in
1524 4508 1642 4574 damno
1671 4507 1776 4572 bonae
1805 4507 1967 4594 opinionis

315 4611 440 4678 servitii
470 4614 519 4678 sui
549 4620 582 4677 te
609 4613 746 4678 credidit
777 4614 930 4699 figmenta
958 4614 1140 4700 suscipere,
1178 4612 1240 4676 hoc
1267 4633 1287 4675 a
1317 4617 1350 4676 te
1379 4611 1565 4697 postulans,
1598 4617 1635 4675 ut
1663 4609 1809 4676 adhibito
1838 4610 1968 4676 hostem

315 4715 466 4781 conludio
502 4717 586 4781 intra
620 4717 709 4782 urbis
744 4739 855 4783 muros
890 4718 1074 4783 includeres
1106 4723 1139 4781 et
1172 4715 1281 4780 ovium
1315 4721 1442 4778 tuarum
1480 4713 1670 4801 dissipanda
1702 4714 1788 4800 lupis
1820 4711 1969 4779 membra

420 5011 508 5079 largo
521 5011 787 5078 anatin.ap›pz.132
872 5009 1022 5063 deerratB
1074 5015 1192 5064 ruarilata
1203 5012 1291 5074 Sirra,
1304 5010 1422 5061 nraritotn
1432 5008 1465 5072 B,
1477 5009 1611 5061 maritatus
1624 5009 1699 5058 ceteri
1784 5007 1974 5076 bturgaseitV

316 5097 534 5167 praeaigminisll
541 5096 603 5148 l'111
690 5097 834 5149 titouicsm
849 5098 874 5147 B
960 5097 1129 5149 lcautolens
1146 5096 1291 5149 comitorB
1343 5095 1470 5146 modolato
1483 5095 1508 5144 B
1594 5092 1752 5162 8repsgula
1768 5092 1969 5162 (repagulaffl)

315 5187 410 5253 algoris
423 5185 457 5248 Β,
474 5185 570 5252 algoris
582 5184 705 5250 repagula
719 5183 821 5249 VLTP,
838 5203 862 5236 a.
874 5186 1004 5251 repagulis
1018 5187 1047 5248 f),
1065 5204 1087 5235 a.
1101 5185 1225 5251 repagulo
1239 5184 1317 5235 Sirra.
1422 5181 1515 5233 {lcum
1533 5181 1641 5232 insenuit
1652 5179 1749 5231 Horret
1816 5178 1972 5247 agriculaB

316 5270 443 5322 braciisB
531 5268 564 5321 10
581 5270 697 5321 culturas
714 5269 875 5337 conponetB
963 5267 995 5320 11
1015 5268 1180 5321 luxoriamB
1267 5264 1299 5316 12
1318 5265 1386 5332 cum]
1400 5268 1485 5318 dumb
1573 5263 1606 5317 14
1623 5268 1739 5318 nautusb
1791 5267 1918 5319 hactonus
1927 5264 1971 5316 B·

318 5354 351 5407 15
368 5357 498 5408 torrebant
509 5356 609 5421 ampsi,
626 5356 739 5407 torrebat
750 5356 810 5407 libri
897 5355 930 5407 16
947 5358 1077 5424 geminato
1092 5355 1170 5408 Siros.
1258 5352 1291 5405 l‘l
1309 5353 1445 5405 mitistisB
1535 5351 1567 5404 18
1584 5354 1635 5404 iam
1653 5362 1784 5421 praestaro
1792 5352 1826 5415 Β,
1843 5360 1972 5420 precante

317 5444 366 5494 iam
379 5443 454 5494 αἱαὶ
539 5440 575 5491 ‘20
588 5441 734 5493 tatarumB
741 5439 751 5478 ¹
804 5442 923 5509 singulae
937 5445 1074 5511 probatum
1084 5441 1122 5493 Pb
1208 5437 1402 5505 adquieturus
1489 5436 1972 5504 aunoe.vtm.,hasc13va,on.1²u

315 5528 349 5581 31
369 5529 447 5580 scires
459 5526 499 5578 Bb
594 5525 629 5578 3‘2
646 5528 782 5580 collatione
798 5528 823 5578 V
913 5526 948 5580 35
966 5527 1084 5594 nouellis]
1103 5526 1230 5580 nolouslis
1245 5525 1288 5573 Va
1382 5525 1419 5577 40
1436 5527 1632 5578 honoriticentia
1649 5525 1677 5591 (a
1692 5527 1721 5576 s'n
1733 5523 1781 5593 lit.)
1798 5522 1973 5580 mansell

316 5613 350 5668 41
369 5615 550 5668 sui-eredidit
565 5615 705 5683 augmenta
722 5613 782 5681 (oar.
801 5623 835 5681 te,
854 5632 897 5668 cre
913 5615 942 5667 ia
954 5615 1002 5684 lia)
1015 5615 1041 5668 B
1144 5612 1179 5667 42
1197 5613 1354 5666 inchudaris
1371 5612 1398 5682 (a
1415 5611 1523 5681 aetna,
1539 5613 1708 5667 concluderes
1724 5613 1801 5665 catari
