4500 6232
931 302 1018 356 VITA
1037 303 1193 357 EPIFANI.
1825 308 1886 368 105

235 474 270 531 et
292 489 395 552 usque
425 469 466 533 ad
495 480 611 556 pectus
641 474 767 556 regium
796 474 1004 539 lacrimantes
1034 483 1066 539 et
1095 497 1168 541 cum
1198 478 1349 540 omnibus
1380 483 1513 562 propter
1541 475 1747 541 adstantibus
1779 478 1887 563 capita

236 571 464 637 submiserunt.

343 673 435 740 Tunc
459 698 518 741 rex
541 678 802 762 probatissimus,
831 687 868 743 ut
895 686 966 745 crat
994 680 1092 745 fando
1122 683 1268 767 locuples
1292 690 1325 746 et
1349 706 1391 747 cx
1415 682 1623 766 eloquentiae
1652 681 1744 746 dives
1768 682 1885 767 opibus

143 805 166 847 p.
180 798 220 837 ros
237 783 271 840 et
292 778 450 843 facundus
474 780 632 857 adsertor,
656 784 763 847 verbis
788 784 897 848 taliter
920 785 1020 848 verba
1045 786 1204 871 reposuit:
1241 786 1329 849 ‘belli
1352 786 1422 849 iura
1444 786 1534 870 pacis
1559 806 1675 848 suasor
1698 785 1829 868 ignoras
1852 790 1886 848 et
1904 786 1960 846 165

170 903 181 937 r
236 880 445 946 condiciones
480 883 590 966 gladio
624 884 751 950 decisas
787 887 978 952 concordiae
1011 897 1125 953 auctor
1160 890 1333 954 evisceras.
1385 890 1440 953 lex
1475 896 1526 953 cst
1561 890 1755 953 certantium
1789 910 1885 973 quem

234 989 330 1069 putas
347 1006 500 1050 errorem.
535 987 665 1051 frenum
680 990 831 1053 nesciunt
851 991 1053 1069 inimicitiae,
1076 1012 1172 1075 qucm
1195 998 1240 1067 tu,
1265 990 1473 1056 Christianae
1497 992 1579 1055 lucis
1600 991 1705 1069 iubar,
1729 990 1885 1056 ostendis.

234 1088 365 1173 proeliis
393 1091 644 1174 temperantiam
673 1092 780 1156 nullus
812 1091 964 1172 adnectit,
1000 1114 1083 1177 quae
1115 1094 1180 1157 oris
1209 1094 1254 1156 tui
1283 1094 1399 1172 nitore,
1435 1095 1567 1178 egregie
1598 1094 1794 1170 moderator,
1828 1094 1885 1157 ad·

234 1190 367 1254 tollitur.
400 1198 522 1256 statuta
546 1199 621 1257 sunt
644 1192 879 1275 dimicantium,
903 1195 1055 1279 quicquid
1080 1196 1243 1259 nonlicet
1267 1203 1343 1260 tunc
1367 1197 1477 1261 licere.
1513 1197 1577 1260 ista
1600 1198 1662 1261 sibi
1684 1198 1769 1261 forte
1792 1197 1885 1282 quies
1902 1199 1960 1259 166

236 1293 377 1358 vindicet
401 1316 485 1380 quac
509 1298 663 1360 narrasti:
695 1298 821 1363 hostem
851 1320 945 1361 suum
974 1299 1029 1383 qui
1058 1321 1123 1363 non
1151 1300 1247 1363 laesit
1276 1299 1407 1362 adiuvit.
1455 1300 1613 1385 paulatim
1637 1300 1887 1364 adversariusa

235 1399 327 1481 regni
359 1398 409 1462 sui
441 1399 528 1462 molo
562 1399 749 1480 succiditur,
785 1401 876 1465 cuius
912 1402 1040 1487 imperii
1073 1400 1200 1466 radices
1234 1402 1361 1466 vicibus
1399 1408 1617 1487 amputantur.
1662 1403 1793 1488 reposui
1817 1403 1887 1487 regi

234 1501 373 1586 partium
403 1501 533 1566 illarum
562 1506 805 1585 contumeliam,
838 1526 934 1589 quam
966 1511 1060 1590 putas
1093 1506 1235 1569 inlatam.
1282 1504 1468 1568 ludificatus
1493 1506 1602 1590 specio
1632 1505 1776 1570 foederis
1805 1504 1885 1568 nibil

234 1604 287 1686 egi
322 1601 510 1686 studiosius,
544 1606 608 1670 uisi
638 1614 683 1686 ut,
717 1608 803 1692 quod
836 1615 887 1672 est
919 1609 1078 1687 cautelae,
1114 1614 1245 1693 apertos
1279 1608 1427 1671 inimicos
1460 1629 1682 1693 agnoscerem.
1727 1606 1885 1673 concedat
1900 1607 1959 1668 167

232 1713 343 1772 tamon
377 1709 557 1776 divinitatis
593 1709 770 1793 adsensus,
810 1719 846 1776 nt
882 1711 1055 1776 solidatum
1090 1712 1175 1775 inter
1207 1732 1267 1774 nos
1301 1709 1416 1774 loedus
1450 1712 1549 1796 longa
1578 1717 1689 1776 aetate
1724 1717 1884 1775 servetur.

233 1813 401 1876 invenient
423 1819 534 1899 partes
557 1814 635 1878 illae
664 1819 867 1879 constantem
890 1815 923 1877 in
946 1800 1098 1894 amicitia,
1128 1835 1225 1898 quem
1255 1818 1429 1877 senserunt
1452 1812 1673 1900 perniciosum
1697 1812 1759 1878 sibi
1781 1812 1884 1877 fuisse

168 1957 173 1967 -
233 1914 310 1979 dum
333 1917 447 2002 litigat.
492 1938 551 1981 vos
573 1923 698 1998 tamen,
728 1917 831 1982 sancti
855 1917 928 1997 viri,
960 1916 1000 1981 ad
1028 1917 1157 1999 domos,
1189 1918 1223 1980 in
1246 1916 1362 2000 quibus
1387 1917 1543 1998 manetis,
1577 1917 1647 1981 sinc
1674 1915 1884 1981 tribulatione

233 2017 405 2099 discedite,
435 2018 512 2083 dum
536 2041 597 2106 ogo
620 2021 748 2085 animae
771 2041 864 2085 meae
889 2026 922 2084 et
945 2021 1037 2105 regni
1058 2021 1199 2086 utilitate
1222 2021 1381 2098 discussa,
1410 2040 1493 2104 quse
1517 2041 1569 2084 me
1593 2020 1767 2098 conveniat
1788 2040 1883 2105 prae·

235 2127 333 2200 stare,
357 2122 584 2208 pronuntiem’
630 2123 680 2187 his
703 2123 821 2187 auditis
843 2122 1016 2208 pontifices
1040 2123 1281 2187 abscessemnt.

341 2223 385 2289 At
414 2226 470 2291 ille
499 2234 614 2292 vocato
641 2226 797 2306 Laconia,
833 2225 884 2290 cui
913 2232 947 2290 et
975 2247 1082 2290 rerum
1111 2232 1145 2291 et
1174 2225 1345 2290 verborum
1374 2223 1455 2289 fides
1490 2225 1530 2289 ab
1564 2225 1619 2289 illo
1651 2246 1783 2313 semper
1812 2231 1957 2293 tute168
2049 2299 2052 2303 A

234 2326 388 2392 mandata
417 2336 483 2411 est,
517 2351 613 2415 quem
642 2337 675 2395 ct
701 2330 931 2415 praerogativa
965 2329 1122 2392 natalium
1150 2334 1182 2390 ct
1209 2349 1342 2392 avorum
1370 2328 1499 2392 curules
1525 2349 1584 2413 per
1609 2330 1784 2413 magistrae
1813 2348 1886 2413 pro·

155 2449 181 2488 m
235 2429 349 2495 bitatis
371 2432 512 2517 insignia
535 2433 762 2513 sublimarunt,
787 2455 858 2497 cum
883 2452 946 2516 quo
970 2432 1097 2496 confert
1119 2433 1268 2516 quotiens
1292 2437 1326 2495 ct
1346 2431 1400 2516 pia
1425 2438 1457 2495 ot
1479 2432 1635 2517 religiosa
1655 2431 1885 2496 meditatur—

235 2537 269 2597 et
292 2533 376 2597 sicut
399 2555 464 2599 non
487 2541 540 2599 est
563 2557 635 2599 cum
660 2536 746 2599 vitiis
771 2536 895 2599 sociata
916 2534 1069 2598 nobilitas
1093 2555 1154 2598 nec
1177 2533 1390 2619 adstringitur
1413 2533 1452 2598 sd
1468 2535 1652 2599 inlecebras
1667 2536 1722 2599 lux
1738 2540 1885 2613 naturae,

143 2653 216 2701 ntor
236 2633 263 2697 si
292 2635 369 2721 quid
397 2637 451 2702 ille
482 2637 624 2724 benigne
652 2639 762 2704 facere
790 2637 944 2717 voluerit,
978 2637 1137 2723 duplicari
1166 2638 1226 2702 iste
1258 2637 1406 2701 bortatur
1431 2636 1606 2703 adhibitus.
1652 2640 1703 2703 cui
1732 2638 1958 2724 princepslbll

235 2737 339 2803 ‘vade'
364 2738 469 2824 inquit
493 2741 637 2822 ‘Laconi
667 2749 701 2806 et
722 2748 792 2806 tota
816 2747 964 2805 votorum
985 2746 1114 2804 tuorum
1139 2741 1214 2805 vela
1237 2740 1412 2826 suspende.
1459 2748 1493 2806 et
1516 2740 1668 2806 sacerdos
1690 2762 1711 2805 a
1733 2740 1829 2805 nobis
1853 2747 1887 2804 et

234 2839 352 2907 beatus
374 2841 546 2928 Epifanius
569 2843 709 2909 libenter
736 2843 867 2908 auditus
897 2851 958 2924 est,
987 2845 1077 2908 cuius
1106 2851 1138 2909 tc
1168 2844 1320 2928 precibus
1347 2845 1450 2910 luisse
1479 2853 1672 2930 permotum,
1702 2865 1776 2909 eum
1799 2843 1884 2929 spud

236 2965 295 3010 nos
322 2946 422 3011 verba
448 2948 588 3028 faceret,
622 2948 801 3013 animorum
840 2947 965 3012 indices
994 2948 1150 3012 lacrimae
1178 2947 1391 3012 testabantur.
1437 2948 1520 3012 vade
1555 2955 1589 3013 et
1621 2948 1718 3034 pleno
1752 2953 1886 3032 pectore

235 3046 323 3113 dicta
345 3051 537 3130 sententias,
560 3072 620 3138 per
641 3072 721 3136 quas
745 3051 904 3137 pactionis
927 3051 1015 3115 illius
1038 3051 1232 3116 durissimae
1259 3073 1365 3116 nexus
1388 3052 1565 3137 inrumpas.
1611 3052 1710 3116 liceat
1733 3051 1883 3115 omnibus
1898 3052 1958 3113 170

233 3151 340 3231 Italis,
373 3174 595 3241 quoscumque
627 3154 897 3240 Burgundionum
927 3161 1110 3219 nostrorum
1143 3160 1251 3219 metus
1284 3155 1481 3240 captivitatis
1516 3155 1595 3220 feeit
1624 3176 1697 3219 esse
1730 3154 1883 3240 captivos,

234 3274 315 3340 quos
346 3256 442 3321 famis
470 3258 664 3339 necessitas,
697 3278 778 3342 quos
807 3259 1026 3343 periculorum
1055 3258 1151 3321 timor
1181 3256 1324 3337 advexit,
1359 3264 1526 3343 postremo
1556 3277 1778 3342 quoscumque
1807 3276 1883 3320 con-

235 3360 334 3424 cessit
363 3366 421 3425 aut
448 3360 574 3425 addixit
605 3382 783 3426 consensus
813 3361 969 3446 principis
1001 3360 1067 3440 sui,
1102 3367 1215 3424 noster
1243 3360 1400 3425 absolvat.
1446 3366 1480 3425 at
1514 3381 1637 3445 paucos
1674 3379 1757 3444 quos
1791 3359 1884 3444 qussi

156 3507 162 3519 .
235 3460 351 3527 ardore
385 3463 564 3551 proeliandi
598 3470 675 3528 tunc
710 3463 751 3528 ab
784 3461 1045 3527 adversariorum
1080 3482 1212 3525 suorum
1248 3461 1467 3526 dominatione
1503 3469 1691 3548 rapuerunt,
1729 3482 1788 3547 pro
1819 3462 1883 3525 illis

234 3566 330 3650 pretii
353 3566 686 3653 quantulumcumque
709 3567 902 3653 percipiant,
926 3586 967 3629 ne
990 3563 1205 3628 detestabiles
1230 3565 1315 3649 apud
1339 3565 1412 3629 illos
1437 3566 1516 3630 fiant
1539 3566 1753 3630 certaminum
1777 3585 1883 3631 casus.

234 3688 371 3752 quorum
395 3691 467 3735 cum
492 3669 680 3735 discrimina
702 3669 923 3749 sustinuerint,
946 3668 1038 3732 lucra
1061 3688 1123 3731 non
1148 3666 1310 3734 sentiant?

340 3772 420 3837 Post
448 3780 659 3859 praeceptum
689 3773 867 3839 venerandi
902 3771 989 3856 regis
1024 3772 1152 3858 inpiger
1185 3771 1241 3835 illc
1275 3773 1448 3837 verborum
1485 3771 1625 3835 saltibus
1659 3770 1882 3856 indulgentiae
1899 3768 1955 3829 171

234 3874 361 3959 species
384 3883 440 3940 aut
462 3876 582 3941 formas
605 3879 758 3963 exposuit
781 3885 815 3942 et
838 3876 967 3940 chartas
992 3875 1032 3939 ad
1059 3876 1221 3960 insignem
1250 3875 1428 3939 antistitem
1457 3874 1582 3939 detulit.
1628 3895 1709 3959 quas
1732 3873 1787 3938 illc
1811 3895 1884 3939 cum

170 4023 174 4031 .
234 3978 502 4060 expectatissimas
529 3980 703 4046 devotione
734 3979 879 4065 suscepit
909 3985 941 4042 ct
972 3980 1160 4064 portitorem
1190 3980 1271 4043 tanti
1305 3978 1381 4041 doni
1410 3977 1591 4041 ambienter
1622 3976 1793 4063 amplexus
1822 3984 1882 4042 est.

234 4078 288 4162 qui
312 4085 484 4165 postquam
507 4104 617 4148 rumor
648 4084 795 4163 innotuit,
827 4088 919 4146 tanta
949 4083 1039 4146 istius
1070 4084 1135 4146 iam
1164 4083 1286 4147 liberae
1317 4080 1533 4146 multitudinis
1563 4081 1748 4165 frequentia
1776 4081 1886 4146 subito

234 4182 369 4259 adstitit,
399 4192 434 4250 ut
457 4186 605 4253 desolata
628 4187 779 4253 crederes
803 4209 876 4252 csso
901 4187 1000 4250 ctiam
1032 4186 1158 4250 incolis·
1178 4207 1253 4251 rura
1276 4185 1454 4249 Gallorum.
1503 4205 1577 4247 nam
1601 4185 1697 4249 testis
1722 4183 1818 4248 buius
1841 4185 1887 4249 rei

234 4307 295 4370 ego
318 4309 399 4364 sum,
422 4310 481 4374 per
504 4291 597 4355 cuins
620 4312 735 4355 manus
759 4291 899 4376 pictacia
922 4289 963 4353 ad
987 4291 1136 4355 clusuras
1160 4290 1261 4354 iussio
1286 4288 1465 4354 sacerdotis
1487 4288 1609 4363 clicuit,
1633 4287 1886 4373 quadringentos

235 4387 382 4455 homines
415 4391 467 4457 die
496 4414 561 4457 una
594 4393 634 4458 de
669 4395 739 4459 sola
767 4393 979 4478 Lugdunensi
1009 4393 1140 4457 civitate
1172 4392 1334 4458 redituros
1362 4391 1401 4454 ad
1432 4390 1562 4455 Italiam
1592 4391 1693 4456 luisse
1722 4390 1883 4455 dimissos.

335 4715 353 4768 3
370 4728 396 4771 et
413 4737 445 4772 ox
463 4738 511 4772 cm.
530 4720 558 4785 T,
575 4738 607 4774 ex
625 4739 673 4773 occ
688 4724 711 4774 U
725 4731 748 4774 el
766 4722 853 4774 Scitote
990 4720 1093 4774 4bslla
1111 4723 1175 4773 iuris
1188 4721 1231 4770 Βιι
1369 4717 1386 4771 5
1404 4720 1557 4772 conditionis
1569 4719 1594 4770 B
1726 4719 1743 4771 6
1761 4717 1885 4786 potasB¹

232 4803 390 4855 cristianeB
507 4804 697 4859 7111111111
765 4809 893 4860 aturllitur
911 4809 936 4859 V
1045 4808 1196 4860 Stistatuta
1216 4806 1273 4870 (sir)
1288 4805 1313 4856 B
1381 4814 1443 4857 sunt
1461 4804 1484 4869 (s
1502 4805 1568 4871 asp.)
1582 4805 1607 4855 B
1676 4806 1725 4857 sibi
1744 4805 1884 4855 0111611111.

232 4885 251 4937 9
275 4889 382 4941 adiuuat
399 4891 436 4954 Β,
464 4892 574 4944 adiuuat
597 4894 672 4945 cereri
816 4893 849 4943 10
874 4897 1020 4946 succidatur
1040 4894 1065 4943 B
1174 4889 1285 4955 uicibus]
1315 4892 1415 4943 uiribus
1439 4891 1526 4943 Sciron
1547 4901 1570 4941 ct
1594 4892 1685 4954 Siras,
1717 4891 1824 4942 uieclrus
1840 4889 1885 4939 Βᾱ

234 4972 265 5025 ll
284 4979 460 5031 contumilism
474 4980 499 5030 B
631 4978 662 5030 14
680 4980 729 5030 sibi
747 4983 918 5046 perniciosum
932 4982 1009 5033 Sirm.
1142 4978 1174 5029 lb
1192 4981 1310 5045 litigatur
1326 4977 1399 5027 VLT
1531 4975 1561 5026 11
1581 4979 1692 5043 ponticos
1704 4976 1848 5042 suplicii
1866 4974 1889 5022 V

235 5060 268 5111 18
288 5060 327 5129 at]
345 5063 378 5114 ad
391 5063 417 5114 B
512 5076 583 5118 tutae
600 5066 637 5129 B,
665 5074 721 5116 tuto
740 5065 827 5116 6111011
967 5065 998 5116 19
1020 5065 1184 5133 perrogatiua
1207 5063 1247 5126 (er
1268 5080 1323 5127 erp.
1342 5070 1365 5112 et
1385 5078 1412 5113 rc
1435 5078 1560 5127 superscr.
1579 5078 1610 5109 m.
1625 5060 1651 5121 2)
1668 5059 1693 5110 Β
1788 5059 1885 5110 curulis

233 5148 344 5212 codices,
363 5166 409 5201 eru.
427 5150 506 5201 Sirm.
619 5151 655 5202 ‘20
676 5152 849 5204 sublimauerc
863 5152 941 5204 Sirm.
1054 5149 1086 5201 21
1106 5147 1319 5214 adstringeturB
1430 5146 1465 5197 ‘22
1482 5147 1618 5198 adhibetus
1631 5145 1656 5195 B
1767 5143 1801 5195 23
1818 5145 1885 5196 uado

233 5236 318 5301 inquit
339 5237 367 5287 ia
389 5237 616 5302 rapacidarum
639 5238 728 5289 eodem
752 5248 797 5288 aut
820 5246 884 5290 certe
906 5237 1017 5289 ssimum
1042 5237 1133 5287 celatis
1154 5234 1178 5284 V
1272 5234 1360 5299 inquid
1378 5232 1403 5283 Β
1500 5233 1620 5283 sacerdus
1640 5231 1664 5281 Β
1802 5229 1837 5282 25
1859 5241 1885 5283 et

233 5340 281 5374 om.
295 5322 374 5374 Sim.
473 5322 707 5391 reparatoribus
769 5323 886 5376 noxcsB
947 5319 1034 5387 licoat]
1053 5323 1123 5373 ilicet
1135 5320 1239 5382 Ilcrtcl,
1256 5320 1353 5383 liqueat
1359 5320 1426 5384 fort.
1530 5315 1564 5368 27
1583 5319 1656 5369 Italis
1673 5318 1793 5369 (amnibus
1806 5317 1884 5369 Sirm.

232 5405 267 5459 29
284 5406 392 5474 addixit]
410 5410 519 5460 adduxit
530 5409 555 5459 Β
567 5418 590 5461 et
602 5408 671 5461 Bell.
741 5408 777 5474 at]
796 5412 829 5461 ad
841 5410 867 5461 Β
974 5405 1008 5460 34
1026 5409 1129 5460 cartbas
1140 5407 1174 5469 Β,
1190 5412 1276 5457 cartas
1293 5404 1316 5454 V
1381 5407 1556 5456 antististitom
1570 5402 1612 5452 131
1715 5403 1750 5456 35
1767 5414 1885 5472 expecta·

232 5492 340 5561 aalma]
357 5496 473 5563 incusas
489 5499 677 5564 spectatissima
788 5495 822 5548 36
839 5500 933 5550 rumori
951 5495 1073 5549 nomirB
1186 5490 1219 5544 31
1237 5489 1379 5544 ausciaco
1490 5487 1525 5540 38
1543 5491 1659 5555 psctscia
1670 5489 1704 5554 B,
1721 5490 1886 5558 pittacium

232 5581 416 5648 quadrigentos
428 5579 527 5633 BV¹T

336 5687 474 5748 Eusebius.
1645 5681 1678 5735 14
