4500 6232
736 278 836 333 XCVII
854 278 976 347 (CARM.
993 281 1019 342 2,
1038 281 1075 346 9),
1093 279 1207 335 XCVIII
1225 280 1328 347 (ΒΙΟΤ.
1346 282 1382 347 ⁴2).

458 470 463 479 ·
579 449 674 516 'Huc
697 453 809 518 oculos
832 459 987 518 converte
1010 453 1091 539 pios,
1114 455 1169 539 qui
1192 459 1309 519 cuncta
1331 476 1450 541 vapore

598 555 767 621 Praedicis
790 556 985 638 mundanda,
1009 566 1112 643 pater,
1136 559 1299 645 rebusque
1323 559 1488 624 docendos

599 658 741 741 Instrue,
764 682 806 726 ne
828 662 938 728 verbis
961 662 1082 727 titubet
1104 684 1196 728 mens
1217 663 1329 728 nescia
1352 663 1443 729 recti.

893 983 1048 1053 Xuvm
1072 986 1166 1072 (ulcr.
1183 986 1228 1073 2).

231 1177 390 1252 DICTlO
425 1160 568 1254 MISSA
602 1179 873 1255 HONORATO
905 1180 1137 1256 EPISCOPO
1168 1180 1460 1254 NOVARIENSI
1492 1181 1540 1255 IN
1567 1182 1887 1257 DEDICATIONE

344 1315 596 1392 BASILICAE
623 1318 984 1394 APOSTOLORVM
1011 1319 1091 1392 VBI
1118 1319 1346 1394 TEMPLVM
1374 1319 1485 1392 FVIT
1512 1320 1776 1395 IDOLORVM.

345 1476 465 1576 Credo
488 1531 550 1597 ego
573 1532 646 1594 vos,
677 1513 795 1578 fratres
824 1513 997 1595 carissimi,
1027 1519 1097 1578 tota
1118 1514 1237 1578 mentis
1261 1534 1340 1578 cura
1361 1513 1528 1593 venerari,
1560 1514 1645 1599 quod
1669 1513 1702 1577 iu
1725 1514 1798 1577 loco
1821 1513 2041 1618 ¹¹⁰⁰¹⁰⁵⁰1·‚⁸1⁴3⁸⁰·

232 1618 385 1678 manente
408 1615 521 1699 templi
544 1617 675 1682 nomine
698 1623 791 1683 vetus
813 1617 949 1702 perierit
976 1637 1034 1702 pro
1065 1616 1222 1702 religione
1254 1617 1397 1697 cultura,
1427 1616 1514 1702 quod
1542 1618 1670 1682 delubri
1701 1616 1886 1681 reverentia

166 1760 170 1768 ·
231 1715 352 1800 fugatis
380 1717 570 1784 instituatur
596 1720 823 1800 libaminibus,
854 1719 940 1807 quod
967 1720 1143 1786 sacrarium
1173 1720 1357 1806 adpelletur
1380 1721 1512 1799 merito,
1542 1726 1717 1806 postquam
1740 1719 1886 1784 seniores

231 1817 355 1885 hostias
379 1821 552 1903 abiuravit,
575 1830 609 1888 et
631 1824 665 1888 in
688 1823 842 1891 adolendi
864 1824 1045 1888 mutatione
1070 1822 1221 1889 sacrificii
1245 1824 1374 1889 divinae
1397 1823 1488 1888 aedis
1511 1844 1632 1888 nomen
1655 1820 1887 1907 adsumpserit,

231 1929 396 2007 postremo
420 1925 505 2010 quod
529 1927 562 1991 in
585 1928 685 1992 alium
708 1934 830 1993 statum
852 1927 1054 1992 inconcussis
1071 1927 1285 2013 migraverint
1304 1927 1516 1992 fundamenta
1532 1926 1728 1990 culminibus
1745 1932 1788 2005 et,
1812 1946 1886 1989 eum

231 2025 273 2090 ad
302 2032 499 2093 stmcturam
530 2051 645 2115 pamm
675 2031 836 2096 humanus
866 2030 966 2096 sudor
995 2029 1169 2114 adiecerit,
1207 2052 1433 2117 quaecumque
1465 2031 1598 2096 fuorunt
1629 2031 1783 2095 innovata
1811 2028 1886 2105 sint,

231 2129 309 2193 dum
338 2131 526 2215 persistunt.
572 2134 606 2198 in
633 2155 774 2216 summa,
805 2134 898 2200 cuius
928 2134 1166 2199 aestimandum
1196 2142 1248 2198 cst
1275 2155 1346 2198 esse
1378 2134 1543 2215 miraculi,
1575 2134 1631 2198 ubi
1654 2133 1732 2198 dum
1755 2131 1918 2196 modnm2

232 2238 344 2298 teneat
366 2234 528 2316 machina,
551 2235 658 2302 adhuc
680 2258 745 2302 uon
761 2236 891 2303 desistit
907 2237 1087 2304 ascendere
1105 2243 1138 2303 et
1154 2239 1187 2302 in
1204 2237 1345 2323 antiquis
1363 2237 1541 2301 constituta
1555 2237 1704 2322 vestigiis
1719 2235 1888 2301 adtollitur

230 2336 453 2404 incremento?
499 2341 727 2427 requirendum
750 2363 845 2421 sane,
875 2342 947 2426 quis
974 2342 1071 2405 huius
1094 2342 1218 2426 operis,
1246 2340 1318 2426 quis
1342 2340 1561 2404 innovationis
1584 2347 1700 2405 auctor
1723 2337 1886 2404 extiterit:

230 2440 447 2526 prodecessor
470 2464 587 2529 nempe
611 2445 780 2531 parvitatis
802 2466 897 2511 meae
914 2445 1113 2511 venerabilis
1126 2444 1241 2509 Victor
1264 2444 1412 2523 antistes,
1436 2444 1487 2508 cui
1511 2444 1640 2508 futurae
1664 2442 1887 2508 adnuntiatrix

230 2543 438 2610 innocentiae
467 2544 621 2611 divinitas
653 2569 772 2612 nomen
803 2548 958 2634 inposuit.
1004 2568 1079 2612 nam
1107 2548 1184 2634 quid
1213 2548 1254 2612 de
1284 2547 1335 2612 hia
1365 2568 1448 2632 quae
1480 2547 1702 2633 suscipiuntur
1729 2545 1887 2610 adversus

232 2645 311 2710 vitia
340 2647 504 2714 mundana
536 2651 770 2717 certaminibus
801 2651 970 2739 praedicto
1001 2658 1138 2716 eventus
1168 2652 1357 2717 accesserit!
1403 2672 1476 2716 cum
1500 2651 1694 2717 vocabulum
1723 2649 1885 2729 didiceris,

165 2792 170 2803 ·
232 2757 325 2835 gesta
348 2754 529 2836 cognoscis.
575 2755 636 2820 iste
660 2776 719 2841 per
741 2755 922 2842 spiritalem
950 2754 1206 2837 dimicationem,
1235 2760 1273 2820 ut
1294 2755 1450 2818 victorem
1475 2753 1599 2835 decuit,
1631 2753 1672 2818 de
1696 2753 1917 2821 criminibus3

231 2852 424 2934 triumfavit,
454 2861 487 2919 ct
516 2857 670 2943 quicquid
698 2860 803 2944 portio
834 2859 967 2924 sinistra
999 2856 1192 2923 mortalibus
1213 2858 1350 2943 ingerit,
1380 2856 1421 2922 de
1445 2878 1484 2923 eo
1508 2878 1618 2922 casum
1642 2878 1707 2921 uon
1731 2857 1887 2942 requiras,

232 2976 306 3020 cum
341 2957 540 3024 nominatum
575 2961 749 3048 intellegas
778 2962 880 3027 fuisse
910 2960 997 3047 quod
1027 2959 1132 3026 dictus
1163 2968 1222 3026 est.
1272 2961 1365 3025 cuius
1396 2960 1515 3025 merita
1546 2960 1703 3025 orationis
1736 2981 1887 3045 campum

231 3061 410 3146 postulant,
434 3062 462 3125 si
485 3083 538 3127 me
560 3063 602 3128 ad
624 3065 742 3130 latiora
763 3065 917 3151 progredi
938 3072 995 3130 aut
1017 3065 1139 3151 ingenii
1161 3065 1284 3130 macies
1307 3070 1475 3150 pateretur
1498 3071 1554 3128 aut
1569 3065 1687 3132 meriti.
1725 3063 1886 3151 quaedam

233 3163 318 3228 enim
342 3170 473 3229 actuum
502 3166 653 3231 nobilitas
676 3176 727 3234 est
749 3169 884 3254 dignum
907 3168 1045 3233 inveniri
1067 3168 1165 3233 laude
1187 3188 1391 3253 magnorum.
1436 3166 1522 3231 hunc
1545 3165 1755 3233 mediocritas
1777 3175 1918 3237 nostrat

153 3316 165 3328 .
233 3265 265 3330 in
294 3264 531 3334 aedificationis
562 3291 640 3336 cura
668 3271 744 3336 dum
771 3274 926 3359 sequitur,
957 3272 998 3336 ad
1029 3271 1343 3337 consummationem
1372 3269 1434 3335 deo
1465 3270 1598 3356 auspice
1622 3277 1699 3334 vota
1723 3270 1887 3357 perduxit.

233 3390 327 3434 nemo
349 3372 502 3439 aestimet
524 3371 739 3460 adrogantiae
763 3397 836 3441 esse
860 3375 946 3461 quod
970 3374 1049 3440 dixi.
1088 3374 1137 3438 fas
1161 3381 1211 3438 est
1234 3395 1307 3438 cum
1331 3394 1371 3437 eo
1388 3378 1465 3437 vota
1489 3373 1634 3458 iungere,
1658 3374 1710 3437 cui
1733 3395 1792 3460 par
1814 3395 1887 3438 esso

233 3495 376 3559 nequeas
405 3477 551 3558 actione,
580 3479 657 3563 quia
678 3478 822 3544 adsertio
846 3478 1068 3544 conscientiae
1093 3483 1144 3542 ost
1166 3477 1334 3541 moliorem
1358 3477 1391 3539 in
1415 3496 1618 3562 quacumque
1641 3481 1734 3561 parto
1759 3477 1888 3543 sectari.

232 3596 407 3662 numquam
430 3581 641 3647 tenebrosum
666 3583 794 3664 callem,
818 3582 902 3647 sicut
925 3582 1148 3661 aestimamus,
1172 3579 1318 3660 incurrit,
1341 3579 1368 3642 si
1393 3599 1478 3659 eum,
1503 3600 1599 3665 quem
1622 3580 1713 3643 novit
1735 3585 1887 3666 praeten-

234 3681 312 3746 dere
345 3681 430 3747 v'itac
464 3684 590 3763 lumen,
629 3686 820 3772 insequitur.
874 3684 1072 3750 luculentius
1107 3692 1216 3748 tamon
1251 3688 1417 3768 gestarum
1453 3681 1551 3746 fidem
1583 3702 1691 3746 rerum
1726 3682 1917 3750 sermonis5

154 3807 173 3846 a.
234 3784 414 3871 pandamus
444 3787 561 3855 officio.
605 3788 659 3854 hic
688 3798 764 3857 ante
793 3790 968 3856 fallacibus
996 3789 1149 3855 dedicata
1179 3787 1368 3875 praestigiis
1397 3793 1431 3852 ot
1459 3787 1547 3872 turpi
1580 3787 1740 3873 pecudum
1772 3809 1887 3853 cruore

233 3888 366 3973 perfusa
397 3897 529 3958 veteres
564 3893 739 3959 simulacra
773 3895 959 3973 coluerunt,
994 3893 1047 3958 hic
1080 3893 1112 3957 in
1147 3891 1327 3956 divinitatis
1362 3890 1478 3955 iniuria
1510 3911 1568 3976 per
1600 3892 1703 3955 altare
1737 3891 1887 3957 infaustis

233 3993 431 4058 cumulatum
455 3996 645 4062 muneribus
668 4019 721 4063 res
744 4000 836 4064 caelo
859 3997 988 4063 debitas
1011 3995 1193 4062 daemoniis
1216 3994 1423 4075 obtulerunt,
1446 3994 1499 4059 hic
1522 3994 1664 4059 iunicum
1689 4002 1766 4060 exta
1790 3996 1886 4059 semi-

232 4094 314 4161 vivis
338 4097 533 4183 palpitantia
554 4101 697 4165 motibus
720 4102 838 4168 misero
861 4102 1044 4187 inquisitori
1061 4099 1170 4163 futura
1186 4097 1387 4176 cecinerunt,
1410 4097 1485 4162 hinc
1502 4098 1610 4161 fumus
1624 4097 1761 4163 sordidis
1777 4120 1887 4164 aerem

233 4199 339 4284 ipsum
355 4201 473 4286 polluit
489 4224 622 4288 sparsus
639 4225 698 4290 per
713 4207 816 4271 multa
835 4205 1006 4291 contagiis,
1029 4204 1070 4268 ad
1086 4204 1201 4268 ultima
1217 4202 1291 4266 hinc
1308 4208 1452 4267 mactata
1469 4223 1526 4288 per
1550 4202 1684 4265 lanistas
1707 4200 1886 4267 hostiamm

234 4302 406 4367 multitudo
430 4307 581 4392 quicquid
598 4307 679 4372 dous
695 4315 746 4372 est
761 4309 928 4393 effugavit,
951 4308 1029 4371 dum
1044 4307 1132 4370 farra
1148 4306 1282 4390 sanguis
1298 4312 1372 4369 tura
1388 4305 1552 4370 verbenae
1569 4304 1665 4369 idolis
1680 4305 1888 4385 exhibentur,

233 4403 309 4469 dum
332 4407 429 4471 ritum
453 4409 634 4495 simplicem
657 4417 751 4476 aetas
774 4410 906 4476 Christo
930 4411 1062 4475 inimica
1084 4431 1149 4474 non
1171 4408 1287 4494 recipit
1311 4414 1345 4473 et
1374 4408 1562 4473 multifariis
1590 4429 1689 4472 consu
1719 4409 1888 4473 laborante

233 4508 453 4575 oblationibus
488 4535 662 4600 supernam
699 4521 865 4581 mercatur
902 4515 1072 4580 offensam.
1125 4512 1244 4578 liberet
1279 4511 1327 4575 irc
1361 4532 1420 4597 per
1456 4511 1586 4596 singula
1621 4517 1654 4576 et
1686 4512 1920 4581 funestorumd

338 4807 362 4839 v.
383 4785 417 4839 13
434 4790 578 4842 necessaria
589 4788 639 4854 131,
655 4791 778 4857 separant
794 4797 818 4842 ct
834 4789 921 4840 nescia
937 4804 1064 4854 superscr.
1078 4783 1123 4836 13²

337 4888 466 4959 [XCVIII]
501 4889 621 4958 duetus]
639 4901 710 4945 sams
722 4893 747 4944 B
811 4893 919 4960 perierat
931 4891 956 4942 B
1022 4890 1152 4957 relagioue
1164 4889 1189 4940 B
1292 4889 1309 4941 5
1326 4891 1472 4958 appelletur
1486 4890 1511 4939 V
1568 4899 1700 4958 postquam
1719 4907 1774 4956 rap.
1787 4889 1832 4939 tin.
1845 4886 1888 4938 B²

233 4975 250 5029 6
267 4978 405 5031 abiuraust
417 4976 459 5029 131
515 4980 683 5046 assumpserit
699 4979 722 5027 V
811 4976 1042 5046 'lmigrauarnntb
1141 4975 1222 5029 8sint
1235 4977 1323 5041 Sis-rra,
1341 4988 1402 5028 sunt
1414 4977 1511 5028 codices
1608 4976 1691 5029 {lesse
1702 4976 1735 5040 Β,
1752 4993 1801 5027 cnr.
1814 4976 1888 5027 caat

235 5064 268 5116 10
293 5065 428 5117 machinas
444 5065 469 5115 B
571 5065 741 5118 attolliturV
876 5064 906 5116 ll
937 5066 1051 5117 extiterit
1074 5074 1100 5116 st
1127 5064 1290 5131 prodecessor
1307 5063 1344 5127 B,
1371 5073 1397 5114 et
1424 5063 1564 5115 eicimrduns
1590 5071 1636 5112 ortt
1662 5071 1701 5112 est
1727 5061 1888 5112 scriboetdrtm

236 5148 268 5201 12
285 5152 450 5218 prodecessor
461 5151 546 5215 BVL,
562 5153 740 5219 praedecessor
752 5153 798 5203 ret.
860 5169 952 5218 nempe
970 5169 1043 5204 mous
1059 5150 1193 5218 paruitatis
1209 5147 1254 5213 1⁴⁷¹,
1272 5168 1330 5202 uem
1345 5151 1480 5216 parilitatis
1492 5150 1517 5200 L
1578 5149 1732 5200 uenerabilis
1745 5165 1794 5199 om.
1808 5147 1886 5198 Siras.

233 5239 334 5289 antistis
346 5237 371 5287 B
448 5239 490 5288 cui
509 5238 535 5289 B
548 5247 571 5290 st
588 5240 616 5289 r'a
633 5257 682 5305 mg.
700 5237 746 5303 T2,
769 5256 818 5290 orn.
836 5237 971 5290 VLTlt'P
1086 5234 1118 5287 13
1135 5237 1197 5302 quid
1208 5235 1241 5298 B,
1263 5236 1307 5300 qui
1325 5236 1400 5287 ceteri
1515 5232 1547 5286 14
1563 5235 1698 5287 accesserit
1715 5233 1747 5299 (it
1762 5234 1791 5284 irs
1803 5233 1850 5297 tls.)
1864 5234 1889 5285 Β

235 5321 267 5374 16
278 5323 447 5391 triumphauit
458 5323 482 5372 V
563 5320 599 5374 30
609 5325 799 5378 aedificationes
811 5322 849 5373 Vt
936 5322 1144 5390 armogastes
1157 5321 1185 5385 V,
1198 5321 1349 5388 adrogantia
1358 5321 1383 5371 B
1436 5322 1616 5388 coniungeret
1703 5317 1738 5370 22
1750 5321 1855 5372 assertio
1868 5320 1893 5369 V

233 5405 268 5460 23
285 5409 353 5474 siB,
369 5410 415 5476 qui
431 5411 507 5462 ceteri
609 5409 644 5463 28
661 5411 790 5479 palpantia
807 5428 863 5478 sup.
876 5412 921 5462 tin.
939 5411 960 5462 it
971 5410 997 5461 B
1105 5407 1141 5460 30
1157 5410 1235 5476 quleq
1246 5405 1250 5472 Ι
1263 5407 1325 5473 quid
1338 5404 1380 5457 13¹
1451 5407 1577 5458 uerbenae
1590 5405 1686 5470 sema,
1703 5406 1827 5459 uerbiuae
1839 5405 1889 5471 13¹,

233 5494 356 5547 bsrbinaa
367 5492 419 5559 1³2,
444 5496 568 5548 neritinae
585 5497 661 5549 ceteri
805 5494 837 5547 31
857 5498 936 5549 ritum
953 5495 1121 5564 sitammam
1138 5496 1177 5559 B,
1204 5495 1345 5561 simplicem
1363 5495 1440 5545 ritum
1457 5491 1574 5544 VLTC'I’
1675 5509 1756 5545 ceusu
1770 5492 1807 5557 Β,
1830 5510 1889 5546 cen·

233 5596 296 5634 sura
311 5580 399 5643 ceteri,·
416 5583 450 5650 cs.
464 5598 493 5648 p.
508 5584 549 5645 63,
563 5585 599 5633 22
666 5582 928 5636 emanavere?
1030 5579 1065 5634 32
1082 5588 1228 5634 mercantur
1240 5579 1266 5630 B

336 5671 476 5730 Βκκουωε.
1649 5670 1682 5723 16
