4500 6232
866 332 914 387 m.
941 330 989 387 ns
1008 331 1243 388 norrronmus
1262 314 1414 388 annom.
1909 334 1972 388 nm

311 531 423 575 nomen
446 509 477 573 in
501 505 626 572 Ennodi
651 503 788 572 editione
810 507 877 572 sinc
900 530 1013 592 magno
1036 506 1221 572 detrimento
1244 508 1361 572 omitti:
1390 531 1484 573 unarn
1507 507 1606 594 recepi
1634 529 1673 571 ex
1695 507 1761 572 eius
1784 509 1970 573 coniecturis

312 636 411 700 neque
442 635 510 678 eam
537 612 604 675 sine
632 609 825 675 dubitatione
859 616 919 696 (op.
935 610 1251 676 OCOLXXXVIH
1268 615 1329 690 51).
1378 635 1414 676 ac
1443 635 1482 676 ne
1512 636 1549 677 ea
1577 610 1716 698 quidem,
1749 634 1828 698 quae
1854 612 1970 678 lllanso

312 716 516 798 (tlescbicbte
542 715 597 779 des
622 712 756 796 Ostyotb.
781 714 928 791 Reicies,
952 714 1093 778 Breslaa
1116 718 1215 790 1824)
1245 723 1277 778 ct
1303 715 1400 780 Ebert
1426 716 1627 796 (Gescbiclrtc
1649 715 1705 777 der
1727 715 1968 780 christu-larcin.

312 823 388 886 Litl.
413 820 640 898 lere-420)
667 826 699 881 et
729 818 837 903 Fertig
864 818 1050 900 (Ennodirrs
1077 818 1146 881 read
1175 819 1260 881 scine
1282 818 1368 895 Zeit,
1396 823 1417 879 3
1440 818 1699 899 Proprommoto:
1723 818 1850 882 Pussau
1874 821 1967 895 1855,

312 923 480 990 Irrmlshrd
513 923 597 984 1858
625 926 654 984 el
682 924 781 1003 1860)
808 920 1061 999 elaboraverunt,
1095 921 1139 984 cis
1170 921 1223 1006 qni
1251 943 1300 985 res
1329 921 1454 1007 penitus
1483 922 1694 1007 pervestigare
1722 920 1848 986 student
1876 923 1969 987 satis-

309 1031 431 1094 facient.
468 1048 569 1113 pauca
583 1035 658 1090 sunt
679 1025 735 1090 sed
757 1049 795 1090 ex
810 1027 902 1112 plena
925 1049 1026 1091 rerum
1049 1027 1160 1091 notitia
1183 1028 1391 1113 petitaque
1408 1027 1531 1092 Usener
1553 1029 1584 1091 in
1600 1026 1752 1092 anecdoto
1774 1023 1907 1089 Holderi
1930 1025 1969 1091 dc

310 1130 457 1197 Ennodio
485 1130 611 1216 profert.
661 1130 713 1215 qni
744 1152 814 1194 cnm
848 1131 957 1216 paucis
989 1130 1092 1193 verbis
1122 1130 1306 1194 utilissimas
1335 1131 1503 1194 sententias
1531 1131 1804 1216 complecteretur,
1836 1129 1968 1194 'salinus

311 1238 417 1303 multis
440 1235 544 1300 verbis
573 1256 683 1321 parum
712 1235 844 1320 pmfecit
870 1234 1043 1317 (Episunio
1071 1236 1109 1298 cd
1135 1235 1295 1301 Ennodio.
1321 1235 1377 1298 Gli
1400 1235 1554 1299 Studiis
1576 1235 1677 1299 Italia
1700 1237 1784 1298 1880
1806 1239 1836 1296 ct
1858 1235 1966 1316 1881).

310 1339 349 1404 dc
377 1362 459 1405 anno
488 1361 551 1425 quo
581 1339 787 1425 panegyricus
820 1339 860 1403 ab
888 1338 1035 1403 Ennodio
1063 1339 1189 1404 habitus
1220 1340 1274 1415 sit,
1303 1338 1477 1425 disputavit
1503 1338 1630 1426 Cipolla
1658 1338 1825 1420 (Arclririo
1853 1339 1968 1402 elorico

309 1443 451 1509 Italiaoo
474 1441 560 1506 Scrie
582 1443 605 1505 1
610 1441 640 1506 V
657 1464 687 1505 a.
712 1446 756 1503 33
783 1447 854 1505 torn.
880 1443 938 1505 XI
957 1443 1064 1525 1883).
1111 1441 1295 1506 doctissima
1322 1451 1368 1506 est
1398 1442 1559 1506 Francisci
1588 1443 1717 1527 Magani
1747 1441 1968 1506 commentatio

309 1547 348 1612 de
379 1555 488 1612 sancto
519 1543 667 1609 Ennodio
694 1545 822 1630 eiusque
855 1544 1045 1609 editionibus
1076 1546 1148 1626 (La
1176 1545 1290 1610 Scrrola
1322 1545 1476 1611 Cottolica
1503 1545 1559 1610 col
1586 1547 1680 1610 XXI
1703 1546 1830 1610 Milone
1859 1549 1967 1628 1883).

308 1651 440 1738 deniqne
462 1648 560 1729 multi,
583 1648 725 1734 inprimis
748 1671 849 1713 rorum
869 1650 1044 1736 scriptores,
1067 1649 1191 1734 singula
1205 1648 1331 1713 Ennodi
1348 1651 1441 1715 verba
1465 1651 1625 1736 proferunt
1647 1662 1678 1714 et
1700 1650 1865 1737 explicant,
1887 1672 1967 1736 quos

307 1775 486 1819 enumcrare
509 1753 635 1838 longum
658 1762 712 1816 θεῖ.
751 1753 781 1816 in
806 1774 968 1816 commune
996 1764 1099 1817 antem
1127 1752 1188 1816 dici
1212 1762 1317 1838 potest
1338 1753 1519 1819 Ennodiurn
1542 1778 1561 1818 a
1583 1756 1691 1840 paucis
1713 1776 1782 1818 osse
1803 1755 1926 1833 lectum,
1949 1777 1967 1819 a

309 1857 509 1947 paucioribus
534 1856 732 1920 intellectum.

1018 1983 1021 1987 .
1035 1981 1089 1988 -.ἡ
1130 1982 1189 1986 ..,-..

408 2165 553 2251 Denique
575 2187 613 2228 cx
636 2187 669 2228 re
696 2187 764 2228 esse
787 2162 910 2228 videtur
936 2186 1037 2250 paum
1060 2163 1210 2228 disserere
1232 2164 1271 2229 de
1295 2167 1428 2245 ratione,
1457 2189 1550 2251 qnam
1581 2166 1611 2229 in
1639 2165 1697 2230 hac
1719 2163 1855 2229 editione
1881 2187 1965 2229 corn-

306 2268 445 2357 paranda
468 2268 565 2332 secuti
588 2290 707 2337 sumus.

410 2375 494 2436 Ante
516 2371 621 2436 omnia
643 2370 872 2436 animadvertes
897 2371 976 2436 hanc
999 2370 1165 2437 editionem
1194 2397 1213 2437 a
1236 2374 1372 2459 vulgatis
1396 2372 1520 2438 differre
1543 2373 1573 2436 in
1598 2371 1706 2436 ordine
1728 2394 1865 2458 operum.
1909 2371 2118 2447 diuonsapamm

305 2477 430 2566 quidem
452 2477 613 2555 haesitavi,
635 2487 738 2540 utrum
753 2474 967 2540 commoditati
981 2477 1065 2541 lnrnc
1086 2477 1200 2542 librrrm
1223 2478 1434 2543 evolventium
1457 2477 1596 2541 serviens
1619 2475 1767 2555 ordinem,
1790 2498 1881 2561 quem
1898 2476 1964 2540 Sir-

304 2581 438 2648 mondus
469 2579 589 2643 invenit
616 2579 863 2665 posterioresque
891 2590 1082 2666 receperunt,
1119 2582 1273 2646 servarem
1305 2605 1343 2645 an
1374 2581 1497 2645 utilitati
1531 2581 1735 2644 lectitantium
1769 2580 1963 2666 prospiciens

304 2685 457 2764 ordinem,
488 2684 542 2768 qni
570 2692 618 2745 est
647 2692 678 2745 ct
712 2683 742 2746 in
771 2683 915 2746 omnibns
944 2682 1104 2748 codicibus
1132 2685 1268 2770 antiquis
1297 2694 1327 2749 ct
1359 2685 1389 2748 in
1418 2684 1553 2748 editione
1581 2685 1734 2770 principe,
1762 2684 1962 2749 restituerem.

304 2788 465 2854 Hartelius
488 2785 609 2849 censuit
630 2785 800 2870 ,antiquum
824 2784 965 2849 codicum
988 2784 1127 2850 ordinem
1151 2787 1236 2850 nullo
1259 2796 1351 2873 pacto
1366 2786 1502 2850 editione
1518 2788 1739 2873 repraesentari
1756 2793 1858 2872 posse‘
1879 2787 1962 2868 (edit.

303 2889 426 2956 Ennod.
450 2913 479 2975 p.
495 2887 593 2967 XV);
615 2910 673 2972 ego
695 2886 838 2952 codicum
861 2889 1126 2974 integerrinromm
1151 2891 1366 2980 auctoritatem
1390 2913 1464 2977 prae
1487 2888 1645 2954 Sirmondi
1669 2891 1797 2955 arbitrio
1819 2913 1962 2977 spemem

303 2994 442 3080 religioni
465 2991 570 3056 habui.
608 3014 719 3077 nempe
741 2992 872 3056 molesta
894 3002 941 3056 est
963 2992 1016 3057 illa
1038 3016 1131 3078 qnam
1155 2995 1304 3080 praebent
1325 2993 1449 3059 codices
1472 2995 1676 3081 epistularum
1699 2995 1870 3059 carminum
1893 3017 1962 3058 ora·

302 3097 423 3162 tionum
445 3095 621 3182 permixtio,
643 3117 751 3181 neque,
773 3095 826 3181 qni
850 3117 944 3180 opera
966 3095 1096 3160 confusa
1118 3097 1149 3160 in
1165 3120 1278 3183 genera
1301 3099 1476 3183 seiungunt,
1498 3099 1640 3185 exemplo
1659 3099 1862 3162 recentiorrnn
1885 3122 1961 3184 qno·

303 3199 433 3266 nmdum
456 3199 605 3263 librorum
623 3208 740 3262 carent:
764 3209 795 3263 at
819 3199 872 3263 illa
889 3221 983 3284 opera
1005 3200 1148 3285 qnamris
1172 3200 1236 3264 sint·
1250 3200 1383 3281 diversa,
1406 3211 1509 3266 tamen
1527 3203 1572 3265 sic
1587 3202 1667 3265 inter
1682 3224 1715 3265 se
1730 3201 1903 3280 cohaerent,
1925 3213 1960 3266 nt

303 3327 340 3368 nc
355 3304 477 3392 poetica
498 3302 624 3389 quidem
647 3315 678 3367 ct
700 3303 835 3368 oratoria
858 3304 925 3367 sine
948 3303 979 3366 ri
1004 3327 1040 3368 ac
1061 3302 1246 3369 detrimento
1269 3305 1419 3391 distingui
1443 3306 1574 3392 possint.
1612 3314 1685 3369 sunt
1707 3305 1789 3369 enirn
1812 3306 1961 3370 nonnulla

302 3430 396 3494 opera
418 3429 456 3470 ex
481 3407 622 3471 versibus
645 3418 675 3471 ct
706 3407 809 3471 solnta
836 3407 976 3472 oratione
998 3408 1110 3472 mixta:
1140 3419 1210 3472 ntro
1240 3409 1423 3474 innumero
1450 3409 1526 3474 haec
1549 3407 1731 3472 collocanda
1757 3430 1825 3472 esse
1847 3413 1962 3494 putas?

303 3509 489 3575 Sirmondus
513 3510 584 3574 alia·
598 3512 728 3575 insenrit
750 3511 939 3575 canninibus
963 3517 1066 3592 (carm.
1081 3512 1098 3575 I
1114 3517 1208 3591 6-9,
1232 3513 1265 3576 Il
1287 3517 1356 3579 107.
1377 3517 1455 3592 150),
1478 3514 1539 3578 alia
1561 3512 1703 3598 epistulis
1721 3512 1813 3597 (epist
1827 3511 1872 3577 V.
1890 3515 1916 3577 7.
1932 3515 1961 3592 8,

302 3614 374 3681 Vll
397 3616 448 3679 21.
471 3617 537 3693 29),
573 3614 635 3678 alia
669 3614 828 3701 opusculis
859 3621 919 3700 (op.
935 3620 965 3694 0)
1002 3625 1032 3678 θῖ
1060 3614 1250 3680 dictionibus
1284 3615 1367 3695 (dict.
1400 3620 1447 3681 12.
1471 3620 1521 3681 24.
1544 3619 1612 3694 28),
1641 3615 1702 3678 alia
1730 3613 1863 3701 deniqne
1891 3615 1959 3701 ipsu

301 3717 466 3804 discerpsit
487 3716 571 3797 (dier.
595 3715 637 3782 24
664 3728 695 3781 et
717 3741 810 3781 carm.
832 3717 869 3780 Π
884 3721 935 3796 90,
958 3717 1030 3782 dict.
1053 3719 1092 3783 13
1115 3729 1146 3782 et·
1167 3741 1259 3782 carm.
1282 3719 1316 3782 Π
1337 3723 1416 3794 150).
1461 3717 1573 3782 deinde
1601 3716 1747 3803 displicet·
1775 3717 1959 3802 significatio

300 3844 362 3907 qua
391 3821 488 3885 utitur
515 3820 703 3886 Sirrnondns
731 3822 892 3907 ,opuscula
918 3822 1076 3900 miscellu‘,
1105 3845 1175 3886 cnm
1205 3844 1242 3886 eo
1270 3823 1424 3886 vocabulo
1453 3822 1558 3885 omnia
1587 3819 1711 3884 Ennodi
1741 3821 1857 3906 scripta
1879 3830 1960 3884 recte

300 3923 608 4012 (mmprehendantnr.
653 3926 733 3989 inter
755 3925 830 3989 haec
852 3926 984 3989 coniecit
1000 3924 1152 4011 quaedam
1177 3947 1271 4012 opera
1294 3924 1484 3990 dictionibus
1507 3923 1707 3989 attribuenda
1729 3930 1851 4010 (opusc.
1873 3924 1959 3988 misc.

300 4032 439 4109 8—10);
462 4027 647 4114 opusculum
665 4033 684 4095 0
701 4028 741 4092 ab
764 4029 834 4113 ipso
857 4027 1004 4092 Ennodio
1027 4028 1141 4093 dicitur
1162 4029 1307 4115 ,epistula
1322 4027 1554 4094 admonitionis
1569 4035 1609 4114 (p.
1625 4031 1698 4105 285,
1714 4032 1775 4105 21).
1809 4029 1960 4114 epistulae

301 4142 382 4212 srrnt,
405 4155 484 4219 qnae
507 4156 525 4197 a
548 4131 716 4196 Sirmondo
739 4133 819 4196 inter
840 4133 978 4196 earmina
999 4133 1017 4196 l
1042 4136 1069 4198 7.
1092 4137 1120 4199 8.
1144 4133 1180 4196 ll
1208 4137 1265 4199 107
1290 4142 1363 4197 sunt
1385 4132 1496 4196 relata:
1523 4132 1562 4195 in¹
1577 4131 1654 4218 ipsis
1677 4130 1836 4196 codicibus
1860 4132 1960 4196 norni-

300 4248 412 4300 nantnr
427 4234 589 4314 dictiones,
612 4257 691 4320 qnae
707 4235 738 4298 in
754 4233 892 4299 eiusdem
908 4233 1045 4299 editione
1060 4236 1255 4321 reperiuntur
1277 4236 1356 4299 inter
1371 4235 1508 4299 carmina
1530 4233 1588 4297 12.
1604 4236 1633 4297 9.
1649 4238 1678 4300 ti.
1712 4256 1786 4297 num
1809 4233 1859 4298 hic
1881 4234 1960 4298 ordo

298 4351 384 4406 tanta
407 4341 616 4407 inconstantia
638 4349 669 4403 et
685 4339 833 4404 violentia
848 4338 976 4403 effectus
999 4338 1113 4423 dignus
1129 4338 1254 4402 videtur
1277 4339 1330 4424 qui
1352 4347 1530 4425 pennaneat
1553 4338 1584 4400 in
1607 4337 1731 4401 saecula
1746 4337 1960 4402 saeculorum?

299 4455 432 4530 quantae
455 4442 656 4508 difficultates
679 4444 812 4523 obstent,
836 4465 873 4507 ne
896 4441 1022 4506 Ennodi
1047 4464 1140 4528 opera
1164 4441 1276 4507 idoneo
1299 4441 1393 4506 modo
1417 4440 1658 4518 distribuantur,
1682 4441 1768 4505 mrlla
1790 4464 1822 4505 rc
1846 4441 1958 4505 melius

298 4548 471 4613 illustratur
492 4570 585 4633 qnam
608 4549 636 4613 si
652 4547 794 4612 diversos
816 4545 1024 4611 distribuendi
1046 4555 1178 4610 conatus
1194 4568 1427 4631 comparamus:
1450 4545 1482 4609 in
1501 4543 1653 4609 codiceT
1675 4545 1813 4609 carmina
1835 4555 1955 4610 tuntum

297 4653 410 4718 selecta
433 4661 507 4716 srrnt
528 4659 644 4738 (neque
672 4674 709 4716 ea
736 4656 941 4729 constanter),
971 4651 1002 4715 in
1031 4650 1185 4716 Urbinatc
1212 4648 1485 4734 Magliabcclriano
1511 4648 1696 4712 Monacensi
1723 4647 1958 4734 distinguuntur·

297 4756 452 4821 orationes
468 4757 621 4842 epistulae
636 4756 783 4834 cannino,
806 4754 954 4819 Schottus
978 4753 1088 4819 divisit
1109 4754 1261 4840 epistulas
1285 4753 1440 4817 umtiuncs
1460 4751 1700 4816 declamationes
1723 4754 1869 4833 camrina,
1891 4754 1957 4817 Sir·

297 4859 431 4924 mondns
454 4858 586 4946 deniqne
608 4860 758 4946 epistulas
781 4859 933 4945 opuscula
959 4858 1096 4922 miscella
1118 4858 1271 4923 dictiones
1294 4857 1438 4921 camrina
1483 4855 1632 4920 Schottns
1656 4856 1806 4941 epistulas
1829 4857 1860 4920 in
1884 4856 1955 4919 ΧΠ

296 4962 392 5028 libros
415 4961 580 5050 dispertiit,
603 4963 790 5027 Simrondns
813 4963 844 5026 in
860 4963 927 5026 lx:
951 4962 1001 5026 bic
1024 4962 1108 5025 Plini
1132 4960 1311 5048 Symmachi
1331 4959 1440 5023 Sidoni
1462 4960 1640 5045 exemplum
1655 4968 1788 5038 secutus,
1810 4959 1861 5022 ille
1877 4958 1957 5022 Cas·

296 5067 422 5146 siodori,
446 5077 553 5132 neuter
575 5067 717 5132 codicum
741 5067 925 5132 auctoritate
948 5067 1048 5130 nixus.
1090 5064 1184 5130 hodic
1207 5076 1242 5130 nt
1261 5063 1386 5129 Ennodi
1410 5086 1505 5151 opera
1527 5086 1624 5150 prope
1647 5063 1713 5127 sola
1735 5086 1772 5126 cx
1796 5060 1953 5127 Simrondi

296 5171 431 5236 editione
453 5183 527 5236 notu
549 5182 637 5249 sunt,
666 5172 708 5235 ita
737 5171 887 5235 latissime
916 5191 1000 5234 error
1022 5168 1156 5233 diffusus
1186 5179 1234 5233 est
1256 5169 1295 5232 ab
1318 5166 1465 5232 Eunodio
1494 5190 1606 5232 norem
1633 5167 1833 5254 epistularum
1857 5166 1954 5230 libros

295 5275 485 5362 compositos
508 5297 576 5339 esse
598 5275 647 5354 (cf.
671 5276 747 5339 Birt
769 5275 903 5338 Antidcs
925 5272 1120 5336 Bueluocsor
1139 5295 1171 5352 p.
1188 5276 1271 5348 378).

398 5378 487 5443 Haec
510 5379 573 5442 iere
589 5388 662 5442 sunt
685 5401 765 5464 quac
782 5387 890 5442 contra
906 5375 1064 5440 Sirnrondi
1089 5376 1281 5461 aliorumque
1297 5375 1469 5440 divisiones
1490 5384 1640 5462 pugnant,
1663 5395 1762 5459 ncquc
1783 5373 1953 5442 levioribus

294 5484 397 5549 (ansis
420 5493 455 5547 nt
477 5481 518 5547 ad
540 5481 684 5547 codicum
700 5481 840 5546 ordinem
856 5479 1018 5545 redeamus
1042 5502 1212 5545 movemur.
1245 5480 1271 5543 si
1296 5481 1366 5566 quis
1389 5502 1482 5566 opera
1498 5477 1625 5543 Ennodi
1648 5476 1819 5542 secundnm
1842 5478 1953 5541 seriem

294 5586 328 5653 iu
350 5584 511 5653 codicibus
528 5585 683 5654 'traditam
713 5586 892 5674 perlegerit,
927 5584 959 5649 in
986 5584 1040 5650 illa
1071 5606 1151 5671 quae
1174 5580 1296 5649 ridetur
1327 5582 1489 5648 temeraria
1512 5581 1744 5670 perturbatione
1767 5581 1868 5647 vicina
1892 5581 1953 5646 sibi
