4500 6232
1948 204 2007 225 Ὰκ

298 285 359 347 132
800 280 914 335 cxxur
933 279 1067 348 (opusc.
1084 281 1122 348 s),
1140 278 1251 334 cxxrv
1272 278 1376 347 (uror.
1397 278 1448 345 ιι).

294 455 431 517 terrenis
454 452 599 536 obligata
622 452 818 531 carceribus,
842 453 992 536 quotiens
1015 451 1062 514 illi
1087 450 1309 515 vicissitudine
1333 448 1533 513 subvenitur.
1573 449 1606 512 in
1629 448 1799 533 antiquum
1822 446 1952 513 sudoris

295 556 463 619 iuveniscit
486 555 649 635 effectum,
674 555 728 638 qui
752 555 985 618 necessitatem
1008 555 1132 638 gratiae
1154 554 1252 616 molle
1276 557 1453 615 conmutat.
1499 558 1684 615 sanctorum
1707 572 1844 636 poenae,
1872 551 1951 616 dum

294 678 414 722 corona
450 659 627 743 quaeritur,
664 657 864 722 abiurantur.
915 657 967 720 oui
1001 656 1135 721 dubium
1171 662 1237 733 est,
1272 655 1358 740 quod
1394 675 1454 718 nec
1489 653 1530 718 ad
1563 655 1690 718 caelum
1720 654 1791 720 eine
1830 653 1951 719 fiducia

262 761 564 827 aremnncrationis
589 760 779 826 adceditur?
816 760 974 825 imitanda
995 766 1071 824 sunt
1086 760 1279 824 mortalibus
1296 758 1377 822 duce
1394 758 1556 844 sapientia
1571 757 1639 839 illa,
1662 756 1779 842 quibus
1794 767 1949 822 aeternus

293 865 371 929 erdo
406 866 608 951 conponitur.
661 872 834 928 secuturus
867 869 918 928 cst
946 864 1073 928 actibus
1102 865 1245 937 animus,
1280 862 1367 927 unde
1399 862 1537 947 sumpsit
1572 861 1747 947 originem,
1781 860 1857 926 dum
1886 862 1950 927 deo

292 968 409 1034 devote
440 969 636 1032 famulantes
667 968 751 1053 quod
782 969 1021 1055 praestolamur
1051 967 1229 1032 offerimus.
1275 986 1460 1050 asuperna
1487 964 1576 1028 euim
1609 965 1856 1030 couversatione
1885 987 1950 1030 uon

292 1071 473 1157 discrepat,
507 1072 563 1156 qui
592 1072 691 1135 talem
721 1072 980 1156 obsequentibus
1008 1071 1156 1157 inpendit
1178 1071 1357 1147 dominum,
1387 1070 1516 1154 qualem
1548 1067 1610 1132 sibi
1634 1069 1703 1132 vult
1731 1089 1805 1134 esse
1834 1070 1951 1134 salutis

263 1178 470 1240 3auctorem.
491 1192 502 1219 ·
521 1174 713 1238 Gerontium
744 1176 871 1259 itaque,
905 1176 996 1238 cuius
1023 1195 1043 1236 a
1070 1195 1122 1238 me
1152 1179 1309 1259 conperta
1338 1172 1419 1238 fides
1451 1171 1556 1258 pudor
1585 1173 1756 1258 integritas
1782 1179 1816 1236 et
1846 1173 1951 1257 exigit

292 1277 479 1341 libertatem
513 1285 546 1342 et
575 1280 641 1342 suis
673 1278 804 1342 dotibus
836 1277 1026 1359 innotescit,
1061 1298 1120 1361 per
1151 1295 1308 1361 praeseus
1344 1277 1532 1362 petitorium
1559 1298 1579 1341 a
1606 1274 1807 1341 beatitudine
1840 1284 1949 1340 vestra

293 1381 460 1446 Romanae
484 1381 643 1466 deprecor
666 1383 806 1446 civitatis
831 1382 975 1467 gaudere
999 1382 1176 1458 consortio,
1196 1381 1295 1444 ‘cuius
1318 1402 1380 1464 ego
1403 1379 1614 1444 absolutionis
1636 1401 1701 1445 uon
1723 1388 1790 1444 tam
1814 1380 1951 1463 largitor

263 1489 390 1569 dquam
415 1486 509 1549 testis
533 1486 656 1551 existo:
683 1486 812 1549 abiecta
835 1487 919 1549 enim
944 1491 1033 1548 esset
1056 1490 1174 1547 natura
1196 1483 1366 1568 designati,
1389 1481 1452 1545 nisi
1468 1483 1609 1546 moribus
1626 1482 1825 1567 vulgaretur.
1864 1481 1951 1546 huuc

293 1587 424 1672 quidem
450 1610 520 1652 sum
545 1588 666 1652 dudum
690 1589 930 1652 interveniente
955 1587 1209 1650 commutatione
1233 1592 1412 1665 mercatus,
1443 1585 1501 1650 sed
1525 1586 1749 1670 quianullum
1773 1591 1824 1649 est
1846 1586 1951 1649 maius

293 1690 496 1755 commodum
524 1712 620 1775 quam
649 1692 728 1757 illud
758 1691 842 1777 quod
873 1713 1025 1755 serenum
1049 1711 1188 1755 examen
1212 1691 1414 1776 adsequitur,
1442 1689 1527 1774 elegi
1551 1689 1693 1777 palmam
1716 1689 1829 1754 iudicii
1852 1710 1951 1775 quam

292 1793 333 1857 de
357 1793 518 1879 adquisito
542 1795 664 1860 habere
690 1796 916 1881 conpendium.
963 1792 1106 1857 ostendit
1128 1793 1207 1857 mihi
1230 1794 1316 1856 iusta
1339 1793 1498 1880 praedicti
1521 1794 1662 1858 servitus
1686 1813 1860 1879 personam
1885 1812 1951 1857 nou

292 1918 367 1961 esse
390 1899 551 1961 servilem.
598 1920 675 1982 ergo
700 1900 866 1963 nominato
891 1918 955 1961 uon
978 1904 1045 1959 tam
1070 1897 1165 1982 cupio
1190 1897 1424 1981 ingenuitatem
1447 1896 1546 1961 tribui
1570 1917 1667 1982 quam
1695 1895 1834 1961 refundi.
1880 1897 1950 1960 scio
2005 1929 2028 1966 u

261 1999 379 2086 5quod
404 2009 492 2065 recte
508 2002 571 2065 vile
595 2024 713 2066 nomeu
737 2002 912 2087 expulerit,
936 2000 1090 2085 quiante
1114 2001 1276 2084 ingenuus
1300 2000 1388 2065 credi
1411 2001 1529 2064 meruit
1545 2021 1642 2084 quam
1658 2000 1778 2065 vocari.
1817 2000 1952 2064 remisso

293 2125 371 2188 ergo
388 2105 428 2167 ab
446 2125 484 2168 co
502 2104 585 2188 qnod
602 2105 680 2168 mihi
696 2105 879 2169 debebatur
901 2103 1069 2187 obsequio,
1092 2124 1188 2187 quam
1213 2124 1303 2166 suam
1328 2124 1403 2168 esse
1427 2103 1675 2167 conversatione
1699 2101 1819 2176 docuit,
1843 2101 1951 2167 eidem

294 2209 429 2271 restituo
450 2208 646 2285 libertatem,
672 2209 859 2294 supplicans
882 2227 1019 2270 coronae
1034 2213 1173 2282 vestrae,
1197 2215 1234 2270 ut
1254 2208 1357 2291 gestis
1378 2205 1611 2271 ecclesiasticis
1628 2206 1774 2270 exomni
1791 2205 1950 2271 obnoxie-

294 2317 362 2374 tate
391 2313 546 2391 solvatur,
575 2321 611 2374 ut
638 2320 797 2397 perpetuo
820 2311 989 2375 Romanae
1016 2310 1105 2374 urbis
1135 2311 1239 2396 possit
1268 2312 1417 2376 exultare
1442 2311 1596 2395 collegio,
1627 2310 1714 2374 omni
1737 2310 1868 2395 peculio
1892 2331 1952 2372 suo

295 2414 366 2478 sine
390 2415 500 2500 aliqua
523 2416 737 2479 inminutione
760 2436 933 2483 concesso:
964 2435 1025 2478 nec
1049 2415 1098 2478 fas
1123 2421 1174 2478 cst
1197 2415 1227 2478 ei
1250 2414 1291 2478 de
1314 2414 1484 2500 adquisitis
1506 2413 1682 2498 quidquam
1705 2413 1822 2477 minui.
1853 2433 1952 2498 quem
2004 2448 2030 2485 a·

294 2519 456 2604 polliceor
478 2519 572 2582 donis
597 2519 695 2582 etiam
720 2518 902 2604 potioribus
927 2517 1202 2602 subsequendum.

951 2807 1098 2876 cxxlv
1118 2809 1213 2895 (uror.
1233 2809 1298 2894 11).

520 3004 682 3077 DICTIO
711 3003 839 3092 QVAE
867 3005 1013 3078 DICTA
1040 3007 1128 3079 EST
1156 3004 1353 3094 QVANDO
1381 3003 1547 3078 EVSEBI
1577 2966 1730 3077 l'lLIVS

792 3144 1036 3217 TRADITVS
1064 3145 1151 3217 EST
1178 3144 1243 3216 AD
1271 3142 1458 3216 STVDIA.

267 3297 277 3356 1
412 3271 518 3364 Licet
551 3301 635 3364 sicut
663 3302 790 3365 novitas
828 3302 874 3365 ita
908 3301 1051 3366 habeant
1084 3303 1270 3366 intermissa
1307 3299 1510 3365 formidinem
1546 3309 1580 3365 et
1610 3301 1672 3364 hoc
1709 3301 1765 3375 sit,
1803 3321 1877 3365 cum
1907 3300 1948 3365 de

294 3400 413 3466 adtritu
438 3403 559 3468 favoris
582 3404 705 3489 publici
730 3405 817 3468 frons
842 3404 976 3490 refugit,
1008 3405 1092 3490 quod
1117 3406 1193 3483 fuit,
1223 3413 1397 3490 antequam
1420 3405 1577 3485 disceret,
1607 3405 1683 3470 dum
1706 3404 1747 3470 ad
1771 3405 1948 3470 eluctatam
2002 3436 2026 3474 a

294 3506 460 3571 reducitur
488 3507 618 3571 dicendi
646 3530 704 3572 usu
733 3515 891 3593 pereunte
922 3517 1074 3574 senectus
1099 3509 1277 3574 infantiam.
1324 3509 1490 3572 exercitus
1515 3508 1695 3594 Olympicis
1718 3509 1952 3573 certaminibus

294 3608 335 3674 de
358 3611 468 3696 palma
491 3611 623 3675 confidit
647 3612 780 3676 eculeus
804 3619 847 3691 et,
872 3613 898 3675 si
923 3634 987 3676 uon
1011 3614 1075 3676 otio
1098 3612 1298 3687 debilitetur,
1322 3614 1354 3675 in
1379 3633 1437 3676 suo
1460 3612 1531 3678 iure
1555 3612 1660 3677 credit
1683 3633 1757 3677 esse
1771 3612 1952 3677 victoriam.

294 3734 425 3798 semper
454 3715 483 3778 ei
513 3735 665 3778 coronam
697 3715 928 3779 blandimentis
957 3716 1145 3780 efficacibus
1174 3738 1251 3802 spes
1278 3717 1450 3801 promittit,
1483 3717 1543 3780 nisi
1574 3715 1740 3781 velocitati
1768 3715 1952 3802 praemium

263 3814 441 3881 2desidiae
464 3818 601 3902 languor
624 3820 780 3882 excutiet.
815 3819 935 3881 artifex
959 3819 1121 3884 iaculandi
1145 3821 1185 3883 de
1209 3819 1383 3904 triumphis
1407 3841 1541 3885 securus
1564 3826 1656 3904 optat
1678 3820 1816 3883 incerta:
1842 3826 1876 3884 et
1898 3819 1950 3882 cui

293 3921 437 3983 occurrit
459 3941 590 4004 semper
614 3921 645 3983 in
674 3922 744 3985 acic
773 3922 892 4004 gloria,
927 3923 1023 4006 longa
1046 3944 1126 4009 pace
1150 3929 1332 4008 superatur.
1378 3930 1547 4009 poctarum
1573 3922 1712 3987 hederas
1735 3920 1950 3985 nobilioribus
2002 3948 2028 3986 eo

293 4023 456 4108 corymbis
480 4032 512 4087 et
527 4023 680 4088 viridanti
703 4025 812 4109 specie
837 4026 947 4091 nutrix
970 4026 1092 4110 ingenii
1115 4027 1214 4091 comit
1236 4026 1430 4090 adsiduitas:
1455 4032 1605 4090 cessante
1621 4024 1805 4109 frequentia
1819 4025 1950 4110 probati

293 4132 533 4190 ommutescunt
562 4148 618 4190 ora
641 4127 808 4193 causidici.
854 4128 1011 4192 educatus
1036 4131 1067 4193 in
1091 4129 1257 4216 puppibus
1281 4151 1405 4215 aequor
1426 4130 1583 4215 liquidum
1606 4128 1677 4193 sine
1700 4134 1825 4193 terrore
1849 4136 1950 4193 nauta

295 4229 487 4313 perlustrat:
512 4230 566 4313 qui
584 4230 612 4292 si
628 4230 669 4294 ad
686 4237 816 4296 terrena
831 4232 929 4295 vitam
947 4231 1045 4295 ducat
1061 4232 1178 4308 officie,
1203 4255 1264 4297 uec
1281 4233 1508 4297 itinera-astris
1524 4253 1584 4297 nec
1600 4237 1715 4297 ventos
1731 4229 1951 4315 deprehendit

294 4333 458 4417 auspiciis.
509 4333 652 4417 agricola
680 4334 707 4396 si
737 4333 911 4418 aliquando
941 4355 1106 4400 vomerem
1135 4338 1276 4402 inlectus
1306 4337 1491 4401 urbanitate
1523 4340 1725 4411 contemnat,
1756 4335 1789 4398 iu
1818 4333 1949 4399 devium

264 4435 413 4513 3bubus,
437 4434 514 4498 dum
538 4436 650 4500 scribit
672 4444 773 4522 terga,
800 4437 952 4522 rapietur.
998 4461 1077 4524 ergo
1102 4441 1187 4505 sicut
1210 4444 1328 4505 artium
1352 4442 1384 4504 in
1409 4461 1468 4504 suo
1491 4460 1641 4524 quaeque
1664 4458 1763 4525 opere
1786 4437 1952 4502 invenitur
2002 4468 2027 4505 a

147 4534 286 4578 ¹⁸¹⁶·⁸¹¹³⁰¹·
296 4545 401 4604 mater
424 4540 592 4619 instantia,
623 4540 668 4603 ita
692 4561 832 4604 noverca
854 4539 1046 4607 eruditionis
1070 4552 1121 4609 est
1143 4547 1366 4630 neglegentia.
1409 4546 1484 4609 talis
1508 4551 1558 4609 est
1579 4551 1726 4624 noemae,
1755 4564 1852 4629 quam
1876 4552 1951 4631 post

169 4599 183 4626 e
200 4619 226 4638 .,
246 4593 266 4630 8.

183 4589 234 4641 Μ
294 4649 478 4729 temporum
503 4643 675 4709 intervalla
698 4643 916 4728 producimus,
941 4645 1087 4710 condicio
1111 4647 1270 4712 dictionis.
1315 4671 1381 4713 non
1404 4655 1517 4714 notum
1542 4647 1675 4713 schema
1697 4646 1861 4728 deferens,
1883 4668 1949 4712 neu

400 4866 592 4933 leubuenitur
613 4870 642 4919 in
661 4869 697 4919 lit.
714 4867 740 4917 B
866 4866 1050 4920 2iuuenascit
1070 4868 1094 4915 V
1215 4869 1385 4924 dacceditur
1404 4872 1429 4921 V
1547 4871 1688 4924 banimus
1712 4872 1814 4925 actibus
1832 4871 1953 4922 vader>

294 4951 520 5019 lipraestolsmur]
540 4955 698 5020 postulamur
712 4953 756 5004 ΟΡ
864 4949 925 5006 'ise
942 4956 1073 5006 dominum
1087 4956 1121 5008 Cb
1186 4959 1245 5009 uult
1262 4958 1351 5026 (taap.
1364 4959 1420 5023 lia.)
1433 4959 1458 5009 B
1568 4956 1600 5009 13
1617 4958 1716 5024 cligiB
1821 4956 1854 5010 18
1871 4961 1951 5027 supli-

294 5040 392 5090 causB
501 5038 534 5090 19
552 5041 655 5106 colligio
668 5040 694 5091 Β
800 5036 836 5089 20
853 5038 888 5103 ei]
908 5042 976 5091 eninr
990 5040 1067 5093 0P¹b
1137 5044 1323 5110 adquisistisB
1393 5046 1530 5111 quiequam
1545 5043 1570 5093 V
1675 5041 1707 5095 21
1727 5045 1848 5112 polliceor
1865 5043 1949 5113 doum]

294 5125 385 5190 pellice
403 5127 499 5178 ordinis
512 5126 537 5175 Β
605 5127 813 5191 subsequendum
832 5126 924 5177 tinitB

399 5225 526 5294 [CXXIV]
562 5225 597 5278 22
614 5229 712 5280 eusebii
727 5226 808 5278 L¹Tb
911 5228 945 5280 25
962 5232 1057 5284 adtritu
1070 5232 1103 5295 B,
1120 5235 1206 5286 attrito
1224 5235 1299 5285 ceteri
1359 5234 1456 5285 laboris
1469 5231 1494 5282 Β
1596 5231 1632 5284 26
1649 5249 1700 5284 usu
1718 5232 1817 5284 dicendi
1832 5231 1952 5284 VLTUI’

294 5314 415 5380 olimpyci
432 5315 573 5380 captiae
590 5314 617 5378 V,
637 5315 765 5381 olimpiaci
780 5314 824 5364 GP
892 5319 1037 5369 aeruminis
1054 5318 1140 5370 V¹CP
1240 5318 1273 5372 27
1291 5322 1446 5374 debelitstur
1464 5319 1551 5382 (uria
1564 5319 1612 5381 lit.)
1626 5317 1667 5369 B¹
1770 5316 1804 5369 29
1821 5319 1913 5385 langor
1924 5317 1950 5369 B

294 5396 326 5448 31
346 5400 482 5450 assiduitas
496 5399 520 5450 V
577 5401 705 5466 frequenti
719 5399 796 5452 Siras.
859 5403 958 5467 probati
976 5414 1165 5458 ommutescunt
1176 5407 1210 5472 B,
1228 5410 1377 5475 probatione
1395 5414 1542 5460 mutescunt
1554 5405 1630 5457 ceteri
1733 5401 1768 5455 32
1784 5406 1912 5457 αιιωᾱίοἰ
1925 5405 1951 5456 Β

294 5481 328 5533 33
346 5492 471 5536 terrenam
485 5485 563 5537 adimi.
634 5496 726 5538 nautea
739 5486 842 5549 Harrei,
860 5498 954 5539 uentus
968 5489 1078 5554 BVL'I',
1095 5501 1205 5543 euentus
1220 5493 1278 5543 UPb
1386 5490 1420 5544 34
1438 5493 1553 5559 agricula
1565 5490 1591 5540 B
1659 5491 1783 5543 uomerim
1795 5490 1821 5542 B
1889 5510 1950 5545 cou-

294 5578 409 5636 tsmpuat
425 5570 449 5618 l'
548 5569 582 5622 35
600 5573 683 5623 bobus
700 5572 724 5622 l'
824 5570 858 5622 36
876 5575 1031 5641 negligentia
1045 5576 1071 5624 Β
1173 5574 1207 5625 37
1224 5593 1309 5628 scema
1323 5577 1349 5626 Β
