4500 6232
690 292 967 363 corrumpier.
986 294 1011 358 s,
1029 292 1083 362 aa),
1102 293 1252 350 coxnvu
1270 294 1394 364 (neren.
1413 297 1438 360 a,
1455 295 1509 364 aa).

886 583 1058 653 ouxnvl
1081 585 1191 672 (nerse.
1208 590 1238 667 9,
1256 585 1322 672 22).

871 763 1107 838 ENNODIVS
1135 763 1337 837 FAVSTO.

394 890 508 1006 Spero
538 922 571 985 in
602 923 747 987 trinitate
777 922 839 987 deo
865 930 976 988 nostro
1000 946 1061 1011 per
1083 924 1239 1009 suffragia
1262 920 1450 987 veneranda
1473 929 1674 1001 sanctorum,
1707 923 1792 1009 quod
1816 932 1958 992 servosl

275 1024 308 1087 in
333 1044 535 1110 quocumque
558 1026 630 1089 loco
651 1026 787 1110 positos,
811 1026 1083 1112 quemadmodum
1099 1028 1243 1092 munitur
1260 1026 1345 1090 oculi
1361 1026 1495 1111 pupilla,
1520 1025 1683 1090 custodiat
1699 1034 1733 1091 et
1749 1028 1791 1092 ad
1806 1028 1926 1095 bonam
1936 1046 2085 1101 mussare.

276 1126 489 1193 valitudinem
521 1129 657 1194 reducat
688 1131 841 1215 quicquid
870 1131 1003 1195 inimica
1032 1131 1131 1216 fregit
1161 1131 1389 1216 inaequalitas.
1441 1151 1502 1215 ego
1532 1138 1657 1212 tamen,
1696 1131 1758 1194 etsi
1794 1152 1931 1220 corpore

276 1252 414 1316 nequeo,
438 1252 557 1317 sequor
579 1232 711 1305 officiis;
743 1253 819 1297 nam
842 1235 980 1319 imperio
1005 1234 1235 1299 sollicitudinis
1259 1232 1361 1298 verba
1384 1234 1533 1298 concessi
1556 1233 1749 1319 deprecans,
1772 1242 1809 1300 ut
1833 1256 1931 1325 quam

274 1335 345 1398 sani
373 1335 444 1398 sitis
475 1334 624 1399 edocear.
671 1356 749 1400 ecce
774 1336 829 1399 vix
858 1335 928 1400 fero
956 1336 1105 1417 brevem,
1139 1335 1293 1401 absentia
1323 1338 1424 1422 longa
1452 1336 1650 1421 fatigandus.
1696 1338 1754 1402 sed
1776 1346 1930 1424 potentes

276 1445 351 1501 sunt
374 1446 409 1502 et
430 1438 526 1502 amici
548 1438 670 1519 domni,
694 1439 810 1523 quibus
834 1460 892 1503 ros
915 1440 1023 1503 anima
1044 1445 1158 1503 sancta
1182 1440 1356 1503 commisit.
1402 1460 1464 1524 ego
1489 1460 1661 1519 memores,
1687 1448 1722 1506 ut
1745 1439 1964 1527 depositum2

277 1552 425 1621 servent,
459 1543 528 1606 sinc
558 1543 742 1607 cessatione
770 1543 937 1606 convenio.
984 1542 1123 1608 aderunt
1154 1543 1301 1629 partibus
1334 1543 1401 1606 suis
1430 1549 1463 1605 et
1492 1542 1577 1627 quod
1601 1543 1642 1608 ab
1667 1543 1717 1607 eis
1741 1551 1930 1630 susceptum

278 1651 327 1709 est
359 1646 429 1710 sine
461 1646 676 1710 inminutione
710 1645 898 1710 servabunt.
944 1645 995 1708 his
1021 1645 1105 1709 addo
1136 1653 1327 1731 praestante
1357 1647 1591 1732 omnipotentis
1623 1646 1675 1712 dei
1708 1646 1931 1711 misericordia

278 1771 390 1814 servos
414 1756 541 1815 vestros
565 1750 605 1814 do
621 1749 770 1814 Venetiis
795 1750 859 1813 iam
883 1770 1053 1837 regressos
1078 1750 1270 1817 exhibuisse
1294 1749 1489 1815 documenta
1513 1751 1705 1814 confirmata
1727 1749 1769 1815 de
1792 1750 1931 1836 legibus,

276 1853 328 1917 hic
354 1852 628 1917 introductionem
658 1852 850 1916 sollemnem
873 1853 948 1916 ilico
970 1852 1073 1918 fuisse
1098 1853 1292 1918 conlectam.
1338 1876 1424 1918 nunc
1448 1861 1554 1918 utrum
1579 1855 1684 1918 amico
1707 1875 1727 1917 a
1750 1855 1842 1918 vobis
1866 1853 1930 1918 dici

275 1956 397 2042 aliquid
421 1956 552 2037 debeat,
575 1957 631 2023 illa
654 1976 718 2041 qua
742 1957 857 2021 solatis
880 1956 1069 2022 maturitate
1093 1955 1263 2023 consulite.

872 2246 1066 2316 buxall]
1089 2247 1199 2337 (sares.
1216 2252 1246 2330 9,
1264 2249 1331 2333 23).

865 2425 1102 2500 ENNODIVS
1130 2426 1337 2502 LIBERIO.

383 2556 521 2652 Datum
546 2594 598 2652 est
620 2587 697 2651 mihi
728 2588 879 2655 caelestis
908 2586 1072 2657 infusione
1101 2588 1248 2673 mysterii
1281 2588 1385 2653 libers
1413 2588 1537 2653 habere
1565 2587 1702 2667 iudicia,
1732 2589 1830 2654 ctiam
1860 2590 1961 2654 cumi

277 2690 338 2755 sim
371 2691 539 2758 beneficiis
572 2689 748 2776 obligatus.
799 2697 848 2756 ast
877 2692 962 2756 enim
996 2693 1130 2777 superni
1167 2691 1312 2756 muneris
1340 2698 1377 2756 ut
1410 2693 1585 2777 ingenuam
1621 2693 1817 2757 sententiam
1849 2693 1935 2757 leret

276 2795 438 2860 obnoxius
462 2815 522 2859 nec
547 2793 739 2861 debilitetur
761 2796 953 2861 inmanitate
977 2797 1106 2881 gratiae
1131 2796 1222 2881 vigor
1246 2796 1418 2860 examinis.
1457 2795 1602 2860 divinum
1626 2805 1686 2875 est,
1710 2796 1840 2882 quando
1864 2798 1934 2863 sine

276 2900 483 2985 cormptione
512 2898 553 2962 dc
583 2906 615 2963 te
646 2898 791 2984 loquitur
821 2901 873 2963 cui
903 2901 1004 2965 multa
1032 2901 1227 2981 contuleris,
1255 2921 1316 2965 nec
1346 2900 1491 2984 iniquum
1522 2900 1616 2984 ponit
1639 2899 1760 2984 aliquid
1784 2901 1817 2964 in
1840 2901 1934 2967 lance

275 3003 423 3068 veritatis
453 3001 612 3069 donorum
644 3009 774 3067 tuorum
798 3003 916 3089 opibus
942 3005 1146 3090 subiugatus.
1192 3025 1267 3069 nam
1291 3004 1346 3068 ubi
1372 3002 1412 3067 dc
1435 3003 1613 3088 potissimis
1638 3025 1744 3068 sermo
1768 3011 1820 3070 est
1843 3014 1876 3070 et
1899 3006 1964 3069 in2

276 3127 373 3172 aures
397 3106 507 3170 mundi
531 3107 617 3171 itura
640 3106 830 3185 formantur,
856 3107 1023 3193 publicum
1039 3108 1263 3172 testimonium
1279 3107 1408 3193 privata
1424 3107 1509 3171 actio
1525 3127 1582 3170 cur
1598 3105 1791 3171 obumbret?
1829 3107 1934 3174 debeo

276 3209 429 3296 equidem
459 3209 644 3277 celsitudini
668 3217 799 3274 vestrae
823 3211 897 3295 plus
920 3232 1018 3296 quam
1041 3211 1255 3292 universitas,
1286 3210 1344 3275 scd
1367 3210 1442 3273 nolo
1466 3210 1572 3274 maius
1596 3210 1716 3296 aliquid
1740 3232 1837 3296 quam
1859 3213 1933 3277 uni-

275 3315 440 3379 versitatis
463 3321 601 3399 possunt
624 3335 679 3377 ora
703 3312 905 3399 depromere,
930 3320 962 3377 et
986 3314 1174 3400 epistularis
1198 3315 1370 3398 angustiae
1393 3315 1467 3399 lege
1485 3319 1657 3378 contentus
1673 3314 1754 3378 satis
1770 3314 1933 3380 modicum

275 3414 317 3482 de
347 3418 405 3481 illa
436 3418 624 3482 meritorum
654 3438 760 3481 messe
790 3417 949 3503 praelibo.
995 3416 1186 3482 felicissime
1217 3417 1397 3498 hominum,
1428 3417 1490 3481 hoc
1522 3418 1598 3481 totis
1630 3417 1794 3484 hostilitas
1818 3418 1966 3484 viriumd

276 3542 408 3586 suarum
431 3521 559 3587 laborat
581 3520 755 3607 inpendiis,
779 3527 815 3584 ut
838 3542 897 3607 per
917 3527 1021 3586 totum
1038 3521 1151 3587 orbem
1168 3528 1204 3585 tu
1221 3522 1311 3586 solus
1328 3519 1485 3607 dissipata
1501 3541 1677 3608 conponas.
1714 3523 1937 3591 aestimationi

276 3631 424 3690 remanet
451 3624 556 3714 qualis
586 3625 628 3688 sit
658 3625 714 3689 ille
743 3624 795 3689 cui
820 3624 957 3701 militas,
987 3622 1117 3710 quando
1140 3623 1235 3710 lapsa
1259 3631 1379 3689 exusta
1402 3623 1547 3710 perdita,
1580 3644 1654 3688 cum
1677 3631 1711 3689 te
1733 3627 1936 3715 aspexerint,

277 3730 520 3796 convalescunt.
566 3729 622 3793 rix
651 3729 849 3815 pascebatur
877 3726 974 3792 Italia
1006 3727 1128 3813 publici
1164 3728 1281 3793 sudore
1311 3724 1491 3813 dispendii,
1526 3725 1655 3813 quando
1689 3734 1725 3792 tu
1759 3749 1833 3795 eam
1867 3730 1937 3797 sina

275 3833 447 3898 intervallo
471 3832 630 3918 temporis
654 3838 687 3896 ct
710 3834 750 3896 ad
776 3853 868 3917 spem
894 3830 1108 3917 reparationis
1131 3830 1220 3896 etad
1239 3830 1480 3917 praebitionem
1496 3830 1702 3895 tributariam
1718 3832 1936 3898 commutasti.

275 3935 355 4000 laeti
377 3935 546 4021 coepimus
569 3939 601 3999 te
625 3934 818 4000 moderante
842 3933 963 3999 inferre
986 3934 1121 3999 aerariis
1144 3932 1304 4020 publicis,
1334 3934 1420 4019 quod
1445 3955 1518 3997 cum
1543 3935 1685 3999 maximo
1708 3933 1823 4003 dolore
1847 3935 1968 4002 sole-d

276 4037 392 4103 bamus
427 4039 588 4124 accipere.
637 4037 701 4102 fuit
734 4058 865 4123 semper
899 4036 1034 4102 ubertas
1069 4043 1179 4102 nostra
1214 4036 1418 4123 dispensatio
1449 4046 1515 4102 tua.
1567 4038 1720 4105 iuverunt
1747 4037 1937 4106 venerabile

277 4162 420 4227 superna
444 4141 628 4207 consilium.
666 4162 741 4205 nam
764 4141 849 4204 vires
873 4141 1084 4225 vectigalium
1108 4146 1143 4204 tu
1161 4141 1211 4204 rel
1235 4140 1364 4204 nutristi
1388 4163 1447 4228 pro
1471 4140 1557 4206 bono
1581 4141 1714 4229 publico
1730 4143 1782 4208 vel
1806 4141 1936 4210 dedisti.

279 4244 478 4311 culminibus
503 4246 653 4311 omnibus
676 4245 772 4310 homo
797 4243 977 4323 sublimior,
1001 4249 1038 4307 tu
1061 4245 1184 4330 primus
1200 4243 1308 4308 iecisti
1326 4244 1455 4330 regales
1473 4244 1584 4330 copias
1601 4245 1672 4310 sine
1688 4246 1774 4311 malo
1790 4246 1937 4335 privatae

278 4352 504 4418 concussionis
535 4351 680 4417 effluere.
727 4350 786 4414 tibi
808 4355 882 4435 post
906 4347 1003 4412 deum
1027 4345 1175 4426 debetur,
1207 4346 1293 4432 quod
1319 4347 1405 4434 apud
1428 4348 1690 4435 potentissimum
1713 4347 1879 4413 dominum
1903 4353 1969 4415 et5

277 4456 397 4540 ubique
422 4455 579 4520 rictorem
603 4456 709 4519 securi
733 4454 863 4518 divitias
888 4451 1089 4516 confitemur.
1128 4455 1199 4517 tuta
1222 4450 1308 4513 enirn
1333 4459 1410 4516 tunc
1435 4460 1485 4517 est
1509 4450 1732 4518 subiectorum
1756 4451 1937 4539 opulentia,

277 4558 407 4645 quando
443 4579 507 4622 non
544 4558 672 4643 indiget
706 4558 893 4643 imperator.
944 4552 1021 4641 quid
1054 4552 1139 4640 quod
1173 4554 1247 4618 illas
1277 4554 1465 4620 innumeras
1497 4553 1680 4620 Gothorum
1707 4561 1856 4621 catervas
1884 4555 1940 4621 vix

277 4661 456 4728 scientibus
479 4661 638 4726 Romanis
661 4662 755 4746 larga
785 4658 995 4745 praediorum
1027 4658 1211 4724 conlatione
1242 4655 1363 4722 ditasti.
1408 4659 1489 4724 nihil
1520 4658 1606 4723 enim
1636 4659 1776 4745 amplius
1800 4660 1940 4724 victores

279 4764 413 4850 cupiunt
441 4769 474 4828 et
502 4765 592 4828 nulla
624 4769 799 4829 senserunt
834 4761 952 4826 damna
986 4760 1142 4847 superati.
1191 4768 1286 4825 taceo
1323 4760 1583 4826 consideratione
1618 4762 1781 4847 paginalis
1818 4760 1969 4848 aloquiid

382 4986 533 5056 [CDXLVI]
569 4987 586 5040 3
608 4989 703 5056 popilla
721 4988 747 5039 Β
850 4986 979 5039 custodiat
997 4984 1035 5050 (to
1052 4985 1079 5036 in
1092 4984 1140 5048 tia)
1154 4984 1180 5035 Β
1323 4983 1339 5035 4
1364 4985 1553 5038 uslititudiusnr
1570 4987 1595 5037 B
1734 4985 1751 5038 5
1773 4986 1880 5054 imparia
1899 4982 1941 5034 V⁶

277 5075 392 5127 coneesai
405 5074 438 5138 B,
460 5075 579 5141 congessi
594 5075 671 5126 ceteri
814 5072 830 5123 6
848 5074 910 5125 sites
922 5070 963 5122 Bt
1071 5072 1150 5123 brena
1167 5070 1306 5121 BVLOPb
1450 5068 1465 5121 7
1489 5089 1537 5124 uos
1555 5090 1603 5124 ons.
1616 5072 1642 5122 B
1745 5072 1888 5126 memborss
1899 5069 1941 5122 Βι

279 5158 310 5213 11
329 5163 469 5213 solemnem
486 5161 510 5210 V
1473 5169 1501 5215 ῃ

383 5261 547 5331 [CDXLVH]
585 5262 617 5316 15
634 5266 740 5332 ingnanr
759 5264 873 5329 stapha
891 5262 963 5315 auB
1087 5259 1120 5312 16
1137 5260 1284 5313 debilitatur
1302 5259 1626 5325 mudasconensis,
1649 5271 1677 5313 ut
1699 5263 1753 5329 ι’ρκ
1775 5263 1941 5326 corsicanam,

278 5353 398 5405 delitetur
410 5351 443 5414 B,
464 5352 605 5403 delectetur
622 5351 698 5403 ceteri
777 5350 903 5403 exanimis
915 5348 941 5400 B
1059 5345 1092 5399 18
1109 5347 1270 5414 positissimis
1288 5345 1354 5396 V⁰L
1473 5344 1505 5397 19
1527 5349 1602 5413 priua
1618 5347 1644 5398 Β
1758 5344 1794 5400 m
1811 5348 1941 5415 quidsmb

277 5435 312 5491 21
329 5434 401 5504 satis]
414 5437 472 5488 caiti
484 5436 510 5487 Β
606 5434 641 5487 25
658 5436 839 5488 connatiscunt
853 5434 879 5485 B
977 5431 1010 5484 27
1029 5433 1146 5485 asneriis
1164 5430 1249 5498 (ρήιω
1267 5449 1280 5484 r
1297 5431 1361 5496 det.)
1374 5430 1400 5481 Β
1456 5432 1596 5486 solibarnus
1608 5433 1634 5485 Β
1729 5431 1764 5487 28
1781 5435 1903 5488 iubarum
1915 5433 1941 5485 B
1990 5486 1998 5504 ¹

278 5521 314 5576 di)
331 5524 407 5577 homo
425 5540 473 5575 om.
488 5523 547 5574 OPb
629 5524 719 5589 cupias
731 5521 757 5572 Β
871 5519 905 5572 31
924 5521 1032 5572 affluere
1046 5519 1104 5572 01³⁶
1225 5517 1259 5570 33
1278 5535 1329 5571 non
1346 5526 1371 5570 ct
1386 5518 1410 5567 V
1422 5527 1446 5570 ct
1457 5517 1482 5568 1.
1499 5535 1555 5587 sup.
1569 5521 1615 5573 tin.
1736 5516 1773 5572 dt
1789 5518 1939 5586 maban]

279 5609 450 5662 candentibus
462 5606 502 5658 B¹
571 5609 708 5660 collatione
724 5607 748 5656 V
848 5604 883 5657 35
900 5607 1011 5673 dampna
1030 5604 1054 5653 V
2021 5608 2029 5620 ¹

1680 5696 1736 5750 39*
