4500 6232
698 298 830 359 certem
848 301 971 373 (EPlS'l'.
989 306 1015 367 6.
1032 305 1078 373 26)
1097 303 1538 377 -ccxcv1(ur18r.e,as).
1880 310 1943 375 227
1995 324 2005 347 ⁵

291 474 430 555 locutus,
454 495 538 561 quae
561 497 614 541 me
638 497 738 542 causa
761 477 803 542 ab
827 478 879 543 his
903 480 1023 545 muniis
1039 480 1266 567 suspenderet,
1290 480 1439 567 relinquo
1456 480 1675 547 conscientiae
1693 491 1833 559 restrae,
1856 504 1941 570 quse

291 579 391 643 iaciat
412 579 661 664 obsequentem.
692 578 789 645 deum
805 588 915 648 tamen
934 593 1089 670 precatus
1104 584 1137 648 in
1153 584 1241 648 bona
1255 602 1307 647 mc
1323 583 1503 647 valitudine
1518 585 1571 650 vel
1587 585 1780 671 Lupicinum
1796 589 1972 652 nostrumd

293 703 367 745 csse
390 682 545 765 significo,
571 681 630 747 hoc
646 683 687 747 de
703 684 796 750 vobis
819 685 956 771 cupiens
980 707 1065 771 quae
1089 708 1109 749 a
1132 708 1185 752 me
1209 693 1286 752 sunt
1304 693 1478 773 prorogata
1494 708 1704 772 cognoscere.
1739 691 1815 755 nolo
1832 696 1943 755 tamen

292 807 402 850 euram
428 792 569 849 vostram
595 788 789 869 sequestrati
813 789 957 872 pignoris
981 789 1070 854 fasee
1093 788 1296 875 deprimatis.
1343 789 1469 854 credite
1492 792 1713 856 conscientiae
1737 814 1844 872 meae,
1870 794 1943 879 plus

226 918 237 953 r.
292 890 338 953 illi
364 909 424 974 per
451 887 594 952 studium
625 887 729 953 debeo
760 911 855 975 quam
884 892 957 976 ipsa
986 890 1142 955 exhibere
1171 899 1301 977 poteras
1329 912 1387 977 per
1416 900 1575 959 naturam.
1621 895 1746 959 utinam
1776 897 1943 982 ingenium

292 992 377 1055 illius
402 990 562 1055 beneficia
585 1012 728 1076 superna
749 993 934 1058 meliorent!
971 1016 1048 1059 vere
1064 993 1147 1093 dico,
1169 993 1259 1057 vobis
1276 993 1316 1057 ad
1335 995 1482 1080 longiora
1498 995 1757 1081 digredientibus
1773 1000 1942 1085 utriusque

292 1095 437 1180 parentis
461 1094 646 1158 sollicitudo
669 1115 721 1158 me
745 1096 889 1180 respicit,
912 1118 1009 1181 quam
1033 1096 1198 1183 potuimus
1222 1097 1376 1161 inunum
1399 1098 1496 1182 positi
1520 1120 1593 1163 cum
1616 1100 1794 1166 ambitione
1818 1102 1942 1187 partiri.

292 1197 423 1260 domina
457 1197 518 1275 mi,
553 1197 781 1262 salutationem
816 1200 1040 1284 plenissimam
1071 1200 1186 1264 dicens
1220 1219 1350 1285 precor,
1387 1210 1423 1264 ut
1456 1207 1582 1265 tantum
1617 1202 1694 1266 milri
1729 1205 1875 1268 caritatis
1909 1207 1973 1269 ct3

292 1300 449 1364 orationis
472 1302 663 1386 suffragium
688 1302 884 1384 concedatis,
909 1312 1066 1388 quantum
1092 1325 1143 1369 me
1167 1303 1207 1368 ad
1232 1303 1385 1368 desiderii
1409 1307 1508 1369 vestri
1532 1308 1683 1372 ellectum
1707 1308 1842 1373 tendere
1865 1329 1942 1372 con-

293 1403 466 1488 probastis.

906 1644 1069 1714 ccxclv
1091 1647 1242 1733 (uersati.
1259 1648 1325 1732 27).

876 1841 1113 1916 ENNODIVS
1140 1841 1360 1917 SENARIO.

412 1987 510 2082 Vber
543 2017 774 2082 conscientiam
809 2024 949 2082 vestram
980 2037 1039 2104 pro
1074 2037 1218 2102 superna
1251 2018 1497 2104 dispensatione
1529 2017 1720 2083 vicissitudo
1753 2021 1971 2087 comitetur:l

291 2121 406 2185 reddat
435 2141 493 2207 pro
525 2121 684 2206 parvitate
715 2141 790 2184 mea
820 2119 1014 2200 altissimus,
1046 2118 1133 2204 quod
1163 2121 1312 2205 agnoscit
1334 2142 1354 2185 a
1377 2120 1482 2199 vobis,
1517 2121 1571 2207 qui
1596 2143 1727 2208 semper
1756 2124 1943 2189 amantibus

291 2223 405 2287 fideles
428 2224 592 2305 extitistis,
616 2223 717 2288 luisse
735 2222 910 2288 conlatum.
944 2228 1053 2286 certus
1074 2228 1186 2308 portus
1202 2231 1255 2287 est
1270 2224 1414 2311 pectoris
1430 2225 1530 2288 vestri
1546 2225 1711 2290 invenisse
1728 2224 1942 2311 diligentiam.

228 2359 238 2393 .·,
293 2329 372 2392 estis
389 2328 450 2392 bac
467 2329 715 2392 conversatione
739 2326 891 2414 praediti,
914 2333 950 2391 ut
971 2327 1149 2391 amicorum
1167 2349 1258 2414 spem
1277 2328 1426 2393 beneficii
1444 2329 1630 2392 conlatione
1647 2329 1794 2395 vincatis.
1826 2349 1943 2392 secun·

292 2431 366 2495 dam
384 2432 636 2496 admonitionem
649 2431 812 2509 desidero,
830 2437 865 2495 ut
880 2430 1060 2495 iniunctum
1078 2431 1140 2496 iter
1155 2432 1324 2519 adripiam.
1348 2431 1425 2497 date
1442 2432 1570 2497 felicem
1585 2430 1756 2497 dexteram
1769 2432 1943 2497 humilitati

292 2556 384 2598 meae
408 2543 441 2600 ct
464 2556 622 2622 prospera
644 2556 772 2599 mecum
788 2541 897 2600 vestra
913 2533 1058 2598 dividite.
1092 2532 1223 2599 domine
1239 2536 1293 2614 mi,
1317 2535 1523 2600 salutationis
1546 2535 1706 2620 obsequia
1729 2539 1976 2620 praesentanei

293 2658 427 2722 quaeso,
448 2646 484 2701 ut
505 2638 532 2701 si
556 2658 663 2701 rerum
681 2637 830 2702 domiuus
846 2636 933 2724 opud
948 2637 1140 2702 &vennam
1156 2638 1297 2703 feliciter
1312 2637 1577 2720 commorabitur,
1600 2634 1759 2718 indicetis,
1783 2644 1945 2723 quatenus

293 2741 362 2804 sine
387 2740 540 2825 ambiguo
564 2747 740 2827 praecepte
764 2746 874 2805 uestra
896 2740 1074 2826 perficiam.

914 3065 1055 3135 GCXGV
1078 3068 1189 3154 (errsr.
1205 3073 1236 3149 6,
1254 3069 1320 3154 28).

859 3260 1096 3338 ENNODIVS
1124 3261 1377 3337 GVDILEVO.

413 3408 539 3506 Solent
562 3439 680 3524 quibus
703 3437 842 3504 felicitas
865 3443 898 3502 ct
921 3438 1070 3522 potentia
1098 3437 1161 3505 deo
1190 3438 1361 3505 ordinante
1391 3437 1584 3505 conceditur
1612 3437 1753 3503 humiles
1782 3435 1972 3507 consolarit

293 3543 402 3609 officio
425 3545 608 3609 litterarum
632 3550 665 3606 et
687 3561 844 3628 prospera
867 3562 928 3605 sua
950 3542 1141 3628 paginarum
1160 3542 1421 3629 promulgatione
1437 3541 1563 3627 partiri.
1598 3564 1661 3629 ego
1677 3540 1780 3606 multo
1797 3547 1943 3627 tempore

293 3656 329 3714 ut
358 3650 409 3714 his
438 3650 630 3715 sublevarer
657 3648 775 3712 muniis
804 3648 993 3734 expectavi,
1023 3646 1081 3714 sed
1111 3649 1318 3714 cessantibus
1348 3648 1440 3713 robis
1469 3647 1692 3713 necessarium
1723 3642 1846 3709 credidi
1877 3663 1943 3709 nou

290 3760 416 3833 tacere,
439 3759 476 3817 ut
499 3752 585 3838 quod
608 3772 701 3816 amor
722 3771 787 3816 nun
811 3751 928 3836 exigit,
962 3752 1055 3817 iuxta
1079 3752 1305 3838 evangelicam
1329 3752 1503 3816 lectionem
1527 3756 1692 3816 mereatur
1715 3746 1943 3833 inportunitas.

214 3885 238 3922 a
292 3856 422 3922 domine
445 3857 500 3937 mi,
523 3856 752 3921 salutationem
776 3855 1001 3943 plenissimam
1025 3854 1138 3922 dicens
1161 3876 1295 3942 quaeso,
1318 3864 1354 3920 ut
1368 3876 1421 3921 mc
1438 3854 1607 3941 antiquum
1623 3853 1782 3918 cultorem
1799 3856 1977 3921 restrum2

291 3961 347 4025 illo
377 3961 515 4025 foveatis
544 3981 608 4046 quo
639 3961 714 4026 olim
744 3960 939 4047 promisistis
968 3960 1089 4027 affectu
1120 3968 1154 4026 et
1184 3980 1344 4047 prospera
1370 3966 1481 4026 vestra
1510 3958 1704 4045 paginarum
1733 3976 1785 4021 me
1817 3954 1945 4019 faciatis

291 4064 470 4129 directione
495 4083 705 4150 cognoscere.

908 4302 1071 4373 ccxcvl
1094 4304 1202 4390 (near.
1218 4308 1249 4385 6,
1266 4305 1332 4387 29).

884 4498 1094 4575 ENNODIV
1095 4500 1120 4574 S
1147 4498 1349 4574 FAVSTO.

366 4684 369 4691 '
404 4644 575 4765 Quamvis
603 4677 733 4743 sublimi
762 4677 831 4743 siro
861 4684 895 4742 et
922 4677 1010 4743 omni
1038 4676 1228 4763 integritate
1260 4674 1408 4761 praedito
1432 4672 1556 4738 Sabino
1580 4669 1718 4737 Romam
1745 4676 1945 4758 properante
1960 4634 1975 4740 l

214 4818 240 4857 ao
293 4787 362 4846 tute
385 4783 579 4867 paginarum
602 4781 711 4845 ollicia
733 4780 981 4857 commisissem,
1003 4786 1041 4845 ut
1062 4777 1262 4866 resignanda
1284 4799 1344 4864 per
1361 4776 1488 4843 litteras
1503 4774 1609 4841 tidelis
1625 4774 1747 4839 relator
1761 4773 1942 4853 adsereret,

396 5043 407 5092 l
427 5045 589 5111 suspenderit
604 5043 693 5093 malim
808 5039 826 5091 2
844 5040 1028 5108 uellopicinum
1039 5039 1117 5092 BVL
1229 5036 1422 5106 ddepremotes
1434 5037 1460 5088 Β
1570 5033 1585 5086 'l
1604 5031 1752 5103 mpicctB
1863 5030 1881 5083 8
1898 5028 1942 5096 mi]

290 5128 353 5178 mibi
366 5126 443 5178 BVL
510 5129 684 5196 plenissimam
696 5126 730 5190 B,
748 5125 849 5194 plenum
867 5126 943 5178 ceteri
1045 5123 1063 5176 9
1080 5126 1229 5193 suffragiom
1246 5123 1286 5173 Va
1356 5123 1495 5175 concidatis
1508 5121 1533 5172 Β
1761 5159 1770 5174 .

395 5228 540 5297 [ccxtnv]
577 5229 610 5282 12
627 5232 774 5282 cominatur
785 5228 812 5280 Β
944 5225 978 5280 13
996 5229 1122 5296 pronitate
1134 5228 1159 5279 Β
1290 5225 1324 5278 lt
1341 5226 1423 5279 fidelis
1435 5225 1461 5277 Β
1592 5222 1624 5276 15
1641 5221 1813 5292 praeeundum
1825 5216 1875 5282 13¹,
1897 5218 1943 5270 diti

289 5327 318 5369 ut
338 5356 405 5372 ...
425 5318 535 5369 uincatis
557 5318 586 5369 ia
602 5336 652 5385 mg.
668 5318 718 5385 ias.
736 5325 760 5369 ct
780 5333 809 5369 se
830 5316 901 5368 istra
919 5315 1002 5369 tincas
1019 5315 1103 5383 suppl.
1119 5311 1163 5365 Β2
1303 5311 1335 5365 16
1357 5313 1477 5380 arripiam
1498 5308 1523 5360 V
1657 5305 1689 5360 ll
1712 5305 1760 5374 mi]
1784 5306 1847 5358 mihi
1866 5302 1944 5355 BVL

289 5412 455 5472 praesentans
467 5403 501 5468 Β,
518 5411 651 5471 praestans
666 5402 742 5454 VLT

393 5504 527 5575 [CCXCV]
561 5504 596 5558 21
615 5508 720 5559 humilis
732 5506 757 5558 Β
859 5503 895 5558 23
911 5506 1059 5574 exspectaui
1076 5503 1101 5554 V
1198 5502 1233 5557 25
1251 5500 1295 5569 mi]
1313 5501 1377 5553 mihi
1388 5499 1466 5550 BVL
1535 5498 1651 5550 anticum
1663 5494 1688 5546 Β

393 5607 540 5681 [CCXCVI]
575 5608 610 5662 29
627 5612 739 5679 predicto
751 5609 778 5661 Β
846 5608 938 5662 auiae
949 5606 1056 5660 Bran
1119 5609 1266 5676 properanti
1285 5605 1350 5658 coni.
1364 5602 1461 5657 Παγαὶ

1684 5688 1740 5747 ppo
