4500 6232
285 310 349 374 248
695 304 879 361 cccxxxvi
899 304 1005 373 (le'l'.
1022 306 1060 373 5),
1076 304 1275 361 cccxxxvn
1292 304 1419 373 (EPIS'l'.
1436 304 1464 371 1,
1479 308 1535 371 Ἠ).

285 481 474 569 imperium,
508 501 569 545 nec
603 478 775 545 subiaceat
808 479 952 544 moribus
985 480 1040 566 qui
1075 480 1258 567 praeminet
1291 479 1468 565 dignitate:
1502 502 1563 568 per
1593 480 1767 547 dominum
1808 488 1971 547 nostm

286 584 398 651 Iesum
421 584 601 651 Christum.

855 702 1025 769 ORATIO
1048 702 1170 768 ANTE
1192 702 1376 770 masau.

234 846 272 905 lh
392 844 551 909 Conlator
579 843 738 908 honorum
766 841 865 911 deus.
896 840 949 906 cui
977 840 1116 906 effectus
1140 841 1173 905 in
1196 849 1272 905 voto
1295 852 1363 909 est.
1392 842 1447 928 qui
1470 842 1512 909 de
1535 842 1643 909 medio
1664 844 1787 931 populi
1813 843 1967 931 Moysen

283 948 315 1012 in
339 946 520 1033 prophetae
544 967 684 1034 persona
705 944 866 1011 dedicasti
890 980 931 991 -
953 963 1031 1008 nam
1053 942 1129 1007 dum
1153 944 1301 1029 queritur
1322 945 1364 1011 de
1388 946 1616 1029 inbecillitate,
1645 954 1680 1013 te
1701 956 1855 1015 anemo
1879 968 1967 1013 eon·
2025 970 2037 1009 s

284 1050 400 1124 valuit3
428 1051 567 1138 sumpsit
595 1051 746 1115 meritum
770 1049 942 1135 pontificis,
970 1046 1048 1111 dum
1070 1048 1175 1111 iustus
1200 1048 1252 1112 sui
1275 1049 1400 1114 arbiter
1422 1072 1459 1114 se
1484 1050 1642 1116 vociferat
1663 1051 1711 1117 nil
1733 1052 1879 1135 mereri,
1909 1051 1968 1117 cui

283 1153 411 1240 apicem
442 1154 570 1219 actione
599 1153 771 1219 sublimem
802 1150 989 1216 conciliauit
1016 1151 1184 1216 humilitas
1206 1188 1249 1198 —
1272 1151 1315 1218 da
1336 1141 1450 1239 parem
1479 1156 1600 1220 nostris
1622 1154 1772 1221 exordiis
1798 1155 1969 1243 guttam,

235 1259 267 1317 11
285 1259 362 1343 quia
395 1258 642 1344 propensiorem
677 1255 791 1322 deberi
831 1256 959 1320 actibus
994 1254 1201 1320 declaramus
1234 1255 1406 1322 offensam.
1459 1278 1525 1322 non
1558 1264 1634 1322 sunt
1667 1257 1839 1324 inusitata
1873 1278 1968 1346 quae

285 1361 464 1447 poscimus:
499 1360 685 1447 benignitas
718 1367 776 1424 tua
807 1359 995 1424 testimonio
1026 1365 1158 1424 tenetur
1192 1360 1345 1446 exempli.
1396 1383 1436 1426 eo
1465 1362 1555 1427 eirca
1588 1383 1649 1428 nos
1683 1364 1751 1428 eris
1785 1362 1967 1431 bonorum

286 1466 457 1550 largitione
486 1465 687 1545 clementior,
716 1485 781 1551 quo
804 1463 988 1528 substantie
1011 1467 1122 1527 nostra
1144 1463 1231 1526 iacta
1253 1470 1305 1528 est
1326 1464 1368 1530 de
1391 1465 1520 1551 peccati
1541 1465 1633 1530 fasce
1656 1464 1856 1551 proclivior.
1905 1464 1965 1546 da,
2018 1488 2042 1527 ss

285 1568 370 1633 bene
398 1568 586 1656 imperator,
616 1568 749 1655 dignam
778 1573 834 1632 tua
860 1566 1021 1631 electione
1045 1565 1215 1646 virtutem,
1245 1566 1322 1652 quia
1349 1567 1409 1631 sub
1439 1568 1494 1655 pio
1522 1568 1669 1654 principe
1692 1568 1787 1633 nulla
1813 1569 1967 1635 militem

284 1673 453 1739 decolorat
475 1674 633 1741 abiectio:
657 1696 717 1761 per
739 1673 904 1738 dominum
927 1676 1072 1736 nostrum
1095 1668 1206 1735 Iesum
1231 1669 1408 1736 Christum.

853 2014 1108 2085 (lOGXXXVll
1132 2016 1242 2101 (rrrsr.
1261 2020 1290 2099 7,
1307 2021 1375 2103 22).

880 2214 1072 2289 MAXIMO
1099 2214 1347 2289 ENNODIVS.

255 2386 264 2444 1
400 2359 558 2453 Fidelius
581 2413 601 2453 a
623 2390 825 2457 sublimitate
848 2399 905 2456 tua
925 2412 1041 2457 vocem
1065 2393 1247 2478 suscipiunt
1270 2398 1327 2456 aut
1349 2393 1532 2480 interrupta
1553 2392 1711 2458 montium
1733 2397 1791 2457 aut
1817 2400 1964 2459 secreta

129 2490 234 2595 „ngf‘lq
248 2494 452 2592 „siluarumz
477 2493 637 2579 praebent
660 2494 848 2559 hominibus
871 2503 1008 2562 naturae
1026 2497 1230 2561 institutione
1247 2501 1281 2561 et
1297 2504 1387 2559 muta
1403 2516 1606 2582 responsum,
1629 2494 1714 2561 redit
1728 2493 1771 2559 ad
1786 2497 1963 2563 mortales
2016 2514 2041 2551 1³

142 2594 266 2649 ”mm
282 2595 474 2661 vicissitudo
505 2598 668 2662 clamosae
697 2597 900 2680 solitudinis,
932 2620 997 2663 non
1029 2601 1115 2686 perit
1142 2598 1230 2686 quod
1260 2599 1392 2684 linguae
1422 2599 1612 2685 acceperint
1633 2599 1685 2664 vel
1714 2600 1823 2664 lustra
1855 2599 1962 2667 beni·

281 2702 400 2765 licium.
445 2722 547 2788 quere
570 2701 656 2767 istud
682 2702 715 2767 in
738 2702 961 2788 magnitudine
984 2710 1042 2768 tua
1065 2703 1172 2769 leudis
1196 2712 1230 2769 et
1252 2702 1481 2790 philosophiae
1505 2723 1611 2787 genus
1634 2709 1697 2783 est,
1726 2702 1809 2767 nihil
1835 2702 1962 2773 dicere

283 2810 318 2868 et
340 2804 463 2870 silentii
486 2811 600 2870 tenere
625 2806 710 2870 inter
733 2805 986 2871 declamantium
1009 2808 1133 2872 incerta
1158 2807 1358 2873 cautionem:
1390 2806 1504 2885 honio,
1527 2827 1624 2893 quem
1647 2826 1708 2871 nec
1729 2804 1960 2873 infecundum

251 2908 402 2974 ‘tratura
425 2910 560 2996 protulit
583 2932 643 2976 nee
666 2909 895 2975 infabricatum
919 2910 1069 2975 doctrina
1092 2910 1290 2997 dereliquit?
1329 2909 1397 2989 sed,
1420 2909 1530 2990 credo,
1554 2930 1607 2974 me
1629 2907 1820 2995 dedignaris
1844 2910 1959 2977 allatu

282 3012 387 3099 epicis
416 3012 532 3078 nolens
564 3015 710 3099 pretiosa
739 3013 817 3079 dare
841 3014 942 3079 verba
969 3014 1101 3081 iudicio.
1146 3013 1350 3101 quidquod!
1390 3014 1519 3097 signum
1548 3018 1598 3077 est
1620 3010 1729 3077 divitis
1751 3012 1956 3099 eloquentia
2012 3034 2038 3075 ss

284 3115 356 3197 uiri,
389 3138 450 3182 nec
480 3115 618 3183 indoctis
648 3138 836 3183 sermonum
864 3118 976 3205 cupita
999 3117 1203 3183 subtrahere.
1248 3117 1416 3182 mendicus
1446 3116 1614 3181 fluminum
1647 3137 1761 3181 cursus
1789 3123 1861 3197 est,
1893 3118 1960 3204 qui

283 3228 409 3284 tantum
433 3219 712 3286 nobilissimorum
737 3222 858 3287 satiare
881 3228 1016 3308 putatur
1034 3221 1201 3288 ardorem:
1225 3222 1360 3287 ubertas
1384 3220 1535 3286 imbrium
1557 3227 1591 3286 et
1607 3219 1686 3285 nihil
1701 3220 1850 3306 paritura
1865 3242 1959 3289 saxa

283 3322 458 3409 pertundit.
505 3323 646 3410 liquidae
679 3326 813 3391 rationis
839 3325 918 3391 ordo
948 3334 1014 3404 est,
1046 3333 1083 3390 ut
1111 3331 1340 3411 paupertatem
1369 3324 1515 3408 resignet
1542 3324 1598 3410 qui
1626 3323 1745 3389 damna
1773 3324 1957 3391 formidat:

252 3425 441 3512 :lquicquid
464 3447 528 3491 non
551 3428 712 3514 procurrit
735 3429 823 3495 exile
848 3435 909 3495 est.
947 3429 988 3494 de
1007 3427 1196 3493 volueribus
1219 3436 1330 3493 tamen
1345 3450 1464 3493 munus
1480 3428 1646 3514 singulare
1661 3426 1834 3507 destinavi,
1858 3429 1957 3514 qnod

284 3530 373 3615 cepit
394 3531 560 3617 accipiter.
605 3553 679 3596 nam
709 3532 875 3619 progressi
905 3532 946 3597 ad
968 3532 1137 3597 Bromium
1167 3531 1346 3596 etBacchi
1375 3532 1483 3617 orgia,
1515 3532 1600 3597 inter
1629 3552 1707 3598 ares
1735 3530 1826 3597 bella
1856 3554 1956 3598 com-
2012 3550 2038 3591 ss

284 3632 443 3697 misimus.
488 3633 611 3720 proluit
633 3636 781 3722 quaestui
804 3642 914 3701 nostro
938 3642 1107 3701 certamen
1130 3636 1253 3701 sociale
1283 3636 1466 3722 pinnarum.
1511 3642 1693 3716 memento,
1723 3634 1809 3721 quod
1841 3637 1957 3703 solam

144 3729 268 3833 V'qug‘jl·
286 3744 416 3802 anatem
439 3736 635 3819 direximus,
665 3740 808 3805 scientes
831 3740 907 3826 quia
937 3742 1082 3805 ‘numero
1106 3738 1187 3805 deus
1212 3740 1325 3825 inpare
1350 3737 1493 3824 gaudet'.
1539 3738 1627 3803 dona
1649 3743 1761 3803 nostra
1783 3737 1958 3806 institutio

254 3840 349 3905 test:
374 3861 478 3921 sume,
502 3842 529 3905 si
547 3841 668 3929 diligis,
691 3864 749 3929 pro
771 3842 926 3928 dogmate
949 3842 1036 3929 quod
1062 3844 1216 3909 iocamur.
1254 3844 1305 3907 fac
1330 3864 1435 3908 meam
1459 3842 1650 3927 frugiferam
1673 3861 1749 3907 esse
1772 3841 1957 3909 laetitiam.

285 3944 311 4007 si
336 3944 395 4009 tibi
419 3954 599 4031 perpetuae
623 3946 826 4030 diligentiam
851 3947 1012 4012 castitatis
1034 3947 1200 4027 indixerit,
1224 3947 1387 4012 laborabit
1410 3947 1442 4010 in
1464 3945 1616 4010 laudibus
1631 3945 1695 4009 tuis
1711 3945 1834 4030 lingua,
1860 3967 1956 4033 quae

286 4046 379 4112 mede
402 4055 576 4114 exercetur
598 4050 630 4113 in
654 4050 795 4115 monitis.
841 4051 925 4131 vale,
949 4048 1089 4131 domine,
1114 4054 1148 4116 et
1170 4050 1291 4115 amanti
1315 4056 1352 4114 ut
1373 4048 1501 4129 doetus,
1524 4049 1550 4112 si
1573 4069 1709 4129 mereor,
1732 4053 1954 4134 sequestrata
2010 4068 2038 4108 ar

286 4149 545 4217 dissimulatione
569 4151 743 4240 responde.

593 4328 702 4336 .-.--ι

389 4446 406 4497 ‘2
426 4448 510 4499 losum
527 4448 658 4499 (hristum
675 4466 722 4499 ons.
741 4446 785 4499 Vh
791 4447 836 4499 Tu
893 4449 1034 4500 christum.
1047 4449 1104 4500 linit
1116 4448 1141 4499 Β
1236 4448 1253 4499 3
1271 4449 1349 4500 missa
1360 4447 1386 4498 Β
1480 4447 1497 4498 4
1515 4447 1623 4499 eillator
1639 4445 1665 4494 V
1719 4446 1848 4497 honorum
1860 4444 1957 4515 BVL,

289 4534 413 4583 lmsserusn
438 4532 494 4585 Tt'b
576 4535 658 4600 nrrsysi
675 4533 700 4585 Β
820 4531 838 4585 b
860 4534 1010 4586 inhicilitats
1027 4534 1061 4599 B,
1085 4535 1258 4587 imbecillitate
1278 4534 1299 4582 V
1417 4533 1433 4584 a
1457 4534 1613 4586 uociferatus
1634 4550 1705 4586 mass.
1724 4539 1788 4599 poet.
1806 4531 1835 4583 ia
1847 4531 1876 4584 B
1894 4536 1956 4588 ab

289 4612 305 4668 7
322 4619 448 4671 senonem
463 4617 486 4668 11
590 4617 623 4669 12
639 4628 755 4671 ricstruru
775 4621 859 4672 lesum
877 4622 1008 4673 Christum
1027 4639 1075 4672 om.
1094 4621 1189 4673 Vero
1260 4622 1385 4673 christum
1398 4660 1404 4672 .
1418 4622 1476 4672 linit
1487 4621 1513 4671 Β

393 4721 600 4789 [cccxxxvul
637 4722 670 4775 13
689 4725 821 4775 llussodius
839 4726 984 4776 blaximob
1108 4722 1141 4775 16
1163 4726 1302 4792 acciperint
1319 4724 1345 4774 B
1432 4725 1584 4776 lserrcllcium
1601 4722 1626 4772 V
1743 4720 1776 4774 ll
1797 4723 1888 4778 hedis
1911 4736 1957 4780 est

288 4808 437 4876 lllemphiac
450 4808 475 4859 Β
579 4806 612 4860 19
630 4818 721 4861 tratura
734 4810 782 4875 Ilb,
800 4820 866 4863 terra
884 4812 959 4863 ceteri
1065 4810 1100 4861 ‘20
1117 4811 1196 4877 opicis
1208 4811 1258 4874 Bt,
1281 4812 1362 4863 obicis
1380 4812 1464 4875 ceteri,
1485 4812 1552 4879 opici
1570 4810 1634 4862 cerci
1647 4810 1727 4862 Siras.
1830 4808 1866 4862 11
1887 4814 1955 4866 sub·

287 4895 401 4945 stralrers
414 4894 439 4945 Β
555 4894 589 4946 2⁶2
607 4896 737 4948 umbriam
751 4896 776 4947 Β
893 4896 927 4949 ‘23
945 4898 1053 4963 resiguit
1064 4896 1108 4947 Βιι
1186 4897 1296 4964 dampna
1312 4897 1336 4945 V
1446 4894 1480 4948 ‘24
1498 4898 1619 4949 distiumi
1632 4896 1658 4946 B
1772 4892 1809 4946 ‘25
1826 4896 1906 4950 bacci
1919 4897 1958 4964 B,

288 4981 362 5033 bachi
380 4980 400 5029 V
502 4980 536 5033 26
554 5000 695 5050 patinarum
712 4981 734 5031 V
834 4979 868 5033 ‘27
887 4984 991 5035 scientis
1003 4983 1029 5033 Β
1131 4979 1166 5034 28
1183 4985 1280 5036 laetitia
1292 4984 1317 5034 B
1420 4983 1452 5036 31
1473 4985 1596 5051 responde
1607 5023 1612 5035 .
1623 4985 1680 5036 linit
1691 4983 1717 5034 Β
