4500 6232
710 288 790 345 0011
807 287 930 356 (arian
948 288 974 347 5.
991 288 1037 357 23)
1055 318 1088 329 -
1106 287 1214 343 CCLIlI
1232 287 1355 355 (EPIS'l'.
1373 289 1399 351 b.
1416 288 1471 355 25).
1857 293 1916 355 197

261 470 407 528 restrum
431 461 472 527 de
489 460 682 527 tabellarum
698 460 899 526 abstinentia
921 461 991 526 iure
1007 462 1189 546 culparem,
1213 462 1267 546 qui
1289 466 1462 547 postquam
1486 461 1528 526 ad
1549 461 1664 526 urbem
1679 461 1818 526 Romam
1841 483 1917 548 pro·

263 566 340 630 lecti
363 565 452 640 estis,
476 565 567 629 nulla
589 586 641 629 me
664 562 901 629 recordationis
923 563 1018 646 fruge
1042 562 1237 628 sublevavit.
1284 563 1342 628 sed
1366 564 1440 628 vide
1464 585 1653 650 perrarum
1678 563 1950 651 providentiam

262 690 360 755 quam
383 674 478 733 cauta
501 673 550 732 est
573 667 738 731 scuiomm
761 666 963 752 dispensatio
986 673 1019 730 ct
1042 666 1209 731 fabricatis
1232 667 1331 754 plena
1354 667 1574 733 sermonibus:
1603 669 1814 756 praevenitur
1836 690 1914 754 que·

262 773 339 837 relis
363 771 549 836 innocentia
573 776 623 851 et,
654 791 694 835 ue
726 768 871 834 dolorem
896 770 1045 834 suumin
1068 771 1175 835 lucem
1199 770 1367 856 producat,
1391 773 1550 857 arguitur:
1581 773 1618 836 lit
1639 793 1711 841 rea,
1740 794 1781 837 ne
1803 771 1913 840 faeiat.

263 897 341 961 ergo
371 876 452 940 haee
483 874 561 937 mihi
589 872 779 958 digrediens
807 873 967 958 promissa
992 875 1202 939 contuleras?
1237 874 1298 938 hac
1323 875 1551 940 deosculatum
1579 874 1697 940 fiducia
1721 875 1914 953 sublevasti,

263 986 297 1042 ut
320 976 488 1042 crederem
513 976 578 1040 mei
602 977 797 1040 inmemores
821 996 879 1039 vos
902 976 1049 1041 futuros?
1074 997 1115 1040 an
1139 976 1180 1041 ad
1204 976 1293 1041 aliud
1315 978 1500 1043 adtributae
1524 985 1600 1042 sunt
1615 980 1767 1064 paginae,
1792 979 1854 1042 nisi
1878 984 1915 1042 ut

263 1088 392 1146 secreta
414 1086 582 1167 pectorum
608 1081 672 1144 oris
695 1080 787 1143 clave
810 1080 1042 1144 manifestent?
1076 1080 1134 1145 scd
1166 1081 1314 1145 abstineo
1344 1084 1534 1168 prolixitate
1558 1083 1719 1168 paginali,
1749 1104 1790 1147 ne
1814 1081 1944 1167 gran-3

262 1186 384 1251 dionem
409 1191 546 1270 generet
577 1183 798 1248 confabulatio
832 1184 990 1269 producta
1013 1205 1194 1250 rancorem.
1239 1184 1280 1249 ad
1303 1185 1511 1249 salutationis
1535 1185 1695 1272 obsequia
1717 1207 1769 1249 me
1793 1185 1914 1249 reduco

262 1310 397 1373 rogans,
428 1293 465 1351 ut
497 1309 556 1373 pro
583 1308 636 1352 mc
660 1287 746 1373 apud
770 1286 936 1372 apostolos
966 1287 1019 1351 dei
1044 1309 1159 1374 preces
1182 1287 1347 1367 effundas,
1380 1295 1415 1352 ut
1438 1309 1550 1352 corum
1574 1289 1743 1354 benefieiis
1767 1288 1912 1352 mortalis

262 1392 435 1475 angustiae
458 1398 629 1476 superetur
650 1390 836 1454 obscenitas
857 1395 890 1455 et
913 1388 954 1453 dc
977 1411 1059 1475 puro
1082 1390 1309 1455 mandatorum
1326 1393 1518 1457 caelestium
1537 1393 1665 1456 tramite
1684 1413 1775 1455 mens
1791 1412 1908 1456 serena

262 1497 453 1579 gratuletur.

895 1696 1015 1765 ocull
1039 1700 1148 1785 (srrsr.
1166 1705 1196 1774 5,
1214 1701 1280 1786 24).

843 1892 1053 1967 LACONIO
1080 1894 1330 1969 ENNODIVS.

369 2042 473 2136 Bene
497 2071 614 2156 cupitis
638 2090 779 2157 superna
802 2070 1005 2156 dispensatio
1029 2070 1119 2135 dedit
1143 2073 1293 2136 ellectum
1324 2078 1356 2136 ct
1387 2072 1427 2137 de
1451 2072 1614 2155 negotiosi
1639 2072 1811 2136 occasione
1835 2077 1940 2136 con-l

259 2175 360 2261 loquii
384 2175 561 2238 fraternam
586 2172 738 2236 refovens
755 2172 971 2257 diligentiam,
995 2172 1080 2257 quod
1097 2174 1275 2260 putabatur
1291 2175 1523 2247 necessarium,
1546 2176 1626 2240 lecit
1650 2175 1805 2261 optabile.
1841 2176 1915 2239 hinc

197 2330 201 2341 .
262 2280 413 2344 caelestis
437 2299 515 2341 cura
538 2278 627 2362 nepti
652 2297 746 2341 meae
770 2297 904 2362 procum
929 2297 992 2339 non
1017 2278 1149 2341 omnino
1174 2299 1193 2340 a
1216 2278 1377 2362 sanguino
1401 2286 1513 2343 nostro
1530 2279 1795 2364 peregrinantem
1819 2278 1916 2342 iussit

260 2382 434 2457 accedere,
464 2389 500 2444 ut
529 2381 605 2444 dum
635 2380 826 2444 consulendi
850 2381 952 2443 instat
981 2382 1200 2465 oportunitas,
1234 2388 1348 2445 sancto
1379 2383 1482 2446 amori
1513 2381 1634 2467 pabula
1655 2386 1914 2466 praestarentur.

260 2487 314 2549 vix
338 2484 538 2549 sustinebam
562 2484 669 2548 fateor
689 2483 855 2569 procurati
879 2481 986 2546 studia
1008 2484 1107 2567 longa
1130 2484 1259 2562 silentii,
1284 2484 1342 2548 sed
1366 2486 1528 2571 interpres
1551 2485 1662 2549 mitior
1676 2484 1832 2569 putabam
1856 2485 1947 2549 ssd-2

260 2588 446 2673 plicandnm
470 2587 587 2665 timori,
612 2585 698 2672 quod
722 2585 969 2650 subducebatur
992 2586 1135 2650 affectui.
1174 2585 1236 2649 deo
1259 2589 1393 2671 gratias,
1418 2588 1472 2674 qui
1496 2588 1538 2653 ad
1560 2608 1656 2652 usum
1680 2588 1744 2651 stili
1761 2589 1913 2652 fraterni-

259 2697 360 2755 tatem
382 2698 526 2755 aestram
556 2690 688 2755 reduxit
719 2698 752 2754 et
779 2690 917 2775 gratiae.
964 2690 1083 2755 divinis
1114 2698 1223 2756 tamen
1254 2692 1385 2776 legibus
1410 2692 1639 2776 cognationem
1670 2690 1812 2755 indiculo
1837 2711 1913 2755 con-

181 2827 186 2839 ·
260 2794 455 2879 prehensam
486 2795 518 2858 in
547 2793 754 2857 matrimonio
785 2793 885 2858 licere
918 2795 1036 2859 sociari
1066 2794 1137 2858 sinc
1168 2794 1373 2859 dubitatione
1401 2796 1566 2860 noveritis.
1614 2793 1671 2858 sed
1696 2795 1849 2859 continuo
1873 2794 1915 2859 ad

258 2896 373 2961 urbem
397 2895 533 2961 Romam
558 2896 707 2960 homines
731 2915 821 2959 meos
845 2895 950 2981 dirigo
974 2903 1150 2962 exacturos
1173 2917 1193 2960 a
1214 2899 1393 2963 venerabili
1417 2919 1503 2985 papa
1527 2918 1625 2983 super
1653 2898 1713 2960 hac
1736 2905 1831 2983 parte
1861 2920 1913 2962 re·

258 3021 431 3086 sponsum,
461 3007 497 3063 ut
520 3001 663 3064 animum
690 3006 834 3062 vestrum
858 3001 995 3085 potioris
1018 3002 1187 3087 praecepti
1214 3002 1322 3066 firmet
1345 3004 1530 3067 auctoritas.
1576 3001 1722 3081 domine,
1746 3009 1782 3064 ut
1803 2999 1945 3087 snpra.3

257 3104 487 3168 salutationem
516 3104 740 3187 plenissimam
772 3103 973 3188 accipientes
1007 3110 1155 3168 sanctum
1184 3126 1312 3191 quoque
1344 3111 1376 3168 ct
1405 3126 1610 3169 communem
1640 3112 1766 3190 patrem
1800 3106 1912 3189 parilis

258 3206 416 3270 noveritis
439 3227 513 3270 esse
538 3207 733 3279 sentcntiae,
757 3206 849 3269 euius
873 3205 994 3271 advos
1018 3229 1078 3292 per
1102 3207 1265 3271 hominem
1288 3228 1407 3282 meum,
1433 3207 1459 3269 si
1484 3207 1613 3271 divinus
1637 3208 1728 3271 lavor
1752 3206 1912 3276 adnuerit.

181 3340 205 3377 a.
260 3332 332 3374 cum
357 3309 667 3397 sedisapostolicae
692 3311 840 3396 apicibus
865 3310 991 3375 litteras
1015 3311 1196 3375 destinabo.

882 3601 1024 3670 ccum
1047 3603 1156 3687 (amsa.
1174 3607 1204 3679 5,
1221 3603 1287 3687 25).

873 3782 1020 3856 AVITO
1052 3781 1300 3856 ENNODlVS.

367 3925 486 4038 Quam
517 3980 616 4044 saepe
646 3958 754 4023 aliena
780 3964 919 4044 peccata
947 3978 1006 4023 nos
1031 3958 1205 4042 ingravant
1235 3964 1286 4028 et,
1319 3953 1448 4038 quoda
1480 3952 1574 4018 nobis
1604 3975 1668 4018 non
1693 3954 1810 4033 oritur,
1843 3954 1939 4020 iurel

257 4068 366 4124 nostro
390 4061 559 4148 inputatur
583 4064 751 4126 excessui!
784 4082 824 4126 ex
857 4083 908 4127 me
941 4060 1040 4125 didici
1063 4061 1157 4125 fidem
1183 4068 1330 4125 veterum
1355 4079 1419 4122 non
1444 4058 1569 4142 perire,
1598 4057 1673 4122 dum
1698 4078 1757 4143 per
1780 4058 1910 4142 negotia

256 4165 384 4229 novella
415 4186 497 4229 cana
528 4172 696 4250 poetarum
729 4172 899 4251 reparatur
933 4164 1146 4229 adnuntiatio.
1198 4162 1239 4227 de
1268 4184 1320 4226 mc
1350 4161 1472 4227 dictum
1502 4163 1654 4227 aestimo:
1694 4160 1825 4226 ‘decidit
1859 4162 2059 4262 imvm?-

257 4269 339 4333 felix
379 4269 486 4333 alieno
524 4267 680 4333 vulnere’.
742 4289 842 4354 super
881 4267 1106 4353 expectandae
1152 4265 1331 4331 memoriae
1372 4265 1431 4329 viri
1466 4262 1579 4328 Sabini
1624 4264 1692 4329 filio
1738 4249 1977 4336 enhibctur2¹

257 4370 407 4457 praelata
431 4372 650 4450 concinnatio,
674 4371 729 4456 qui
755 4371 912 4435 hactenus
936 4370 1149 4456 aegritudinis
1173 4378 1283 4435 tentus
1307 4368 1488 4434 obstaculis
1512 4370 1581 4432 sine
1607 4369 1685 4433 vitio
1708 4390 1766 4432 suo
1790 4369 1910 4433 consti·

255 4480 326 4538 tuta
355 4475 500 4539 violavit.
545 4473 651 4538 fatcor
680 4495 785 4560 paene
816 4475 958 4539 animum
990 4494 1099 4538 meum
1127 4494 1218 4537 reum
1246 4473 1371 4537 lecerat
1398 4471 1632 4557 magnitudinis
1663 4479 1792 4537 vestrae
1820 4471 1913 4537 dives

254 4577 397 4642 adsertio
421 4585 454 4642 et
477 4577 653 4642 credebam
678 4579 807 4664 culpam
832 4599 906 4643 osse
930 4576 1105 4663 propriam,
1129 4596 1227 4660 quam
1250 4576 1450 4640 conscientia
1473 4595 1538 4639 non
1562 4575 1716 4640 habebat.
1763 4597 1851 4651 ecce,
1877 4581 1913 4638 ut

361 4803 449 4871 iqui]
466 4806 529 4871 quia
540 4808 607 4871 fort.
716 4803 892 4857 2sublenasti
907 4804 965 4855 oPa
1074 4800 1147 4867 but]
1166 4820 1198 4854 ne
1214 4801 1272 4853 ult
1341 4801 1372 4854 ad
1391 4801 1453 4852 cdd.
1471 4800 1546 4864 TOP,
1566 4819 1615 4852 om.
1628 4800 1717 4862 Bm
1739 4818 1773 4853 an
1792 4801 1913 4853 adalind

251 4892 363 4943 tributae
380 4893 469 4942 aialim
538 4893 681 4943 attributae
697 4890 722 4940 V

356 4993 467 5062 [cetu]
505 4993 538 5045 12
555 4995 690 5047 Ennodius
708 4996 820 5047 Laconia
837 4996 852 5045 b
981 4992 1014 5045 13
1035 4994 1156 5060 colloquii
1173 4992 1196 5041 V
1321 4990 1353 5043 16
1370 4993 1486 5045 accidere
1500 4992 1524 5042 B
1645 4988 1678 5042 17
1696 4992 1876 5059 applicandum
1895 4990 1917 5040 V

256 5080 287 5132 19
306 5082 390 5134 indico
406 5081 473 5149 (rap.
488 5083 534 5133 lin.
546 5082 601 5144 ulo)
620 5081 643 5131 V
756 5079 788 5132 21
808 5090 944 5133 exacturos
956 5080 989 5142 B,
1012 5087 1151 5132 exactum
1169 5080 1244 5130 ceteri
1359 5076 1394 5128 22
1412 5079 1483 5130 timet
1499 5095 1555 5144 sap.
1568 5079 1613 5128 lia.
1632 5076 1683 5128 rB
1797 5074 1832 5129 23
1848 5078 1913 5129 acei-

253 5169 346 5235 pientia
357 5168 383 5219 B
486 5167 521 5218 25
538 5168 665 5220 diatinmo
679 5167 704 5217 B

359 5268 482 5338 [ccum]
513 5271 587 5322 Hace
604 5271 695 5322 cadem
712 5271 822 5337 cpiamla
841 5271 931 5321 mnam
949 5269 1015 5319 inter
1030 5266 1196 5319 cocum
1206 5275 1229 5317 et
1243 5265 1393 5317 evam
1404 5267 1454 5332 (cp.
1470 5265 1512 5317 VJ
1522 5271 1550 5317 12
1561 5275 1584 5317 et
1596 5266 1637 5321 13)
1652 5267 1743 5332 legiter
1755 5266 1783 5316 in
1792 5264 1869 5317 BVL
1875 5265 1913 5316 To

254 5357 314 5423 (ena.
329 5356 375 5410 GP
389 5359 425 5408 s'la‘
441 5359 540 5410 ambre
558 5359 656 5409 lacerta
673 5357 784 5423 Ιιὶαιιια)
905 5354 940 5407 26
962 5356 1088 5407 ennodius
1105 5357 1175 5407 auito
1187 5352 1235 5407 Be
1247 5352 1338 5408 Vrbe
1459 5349 1492 5404 27
1511 5369 1572 5419 sepo
1584 5352 1629 5407 Ba
1749 5350 1784 5404 28
1805 5353 1914 5419 imputa-

252 5454 296 5496 tur
316 5442 383 5500 Vale
389 5462 399 5500 1
411 5441 508 5506 TrOP,
531 5444 674 5510 imputatur
695 5441 788 5498 Vita
800 5443 841 5498 Tc
978 5439 1013 5492 29
1031 5441 1194 5493 adnunciatio
1206 5438 1251 5494 132
1347 5439 1444 5489 dietum
1467 5437 1495 5502 (u
1514 5455 1545 5489 aa
1563 5436 1589 5503 a)
1607 5436 1648 5494 131
1743 5437 1837 5489 decidit
1854 5436 1914 5488 &Pb

252 5528 355 5583 decidat
370 5531 446 5583 celeri
463 5529 596 5592 (sternitur
612 5528 685 5594 Verq.
704 5530 721 5579 l.
739 5529 771 5593 c.)
912 5526 947 5578 30
964 5527 1152 5593 exspectandas
1167 5525 1272 5588 VnLn,
1298 5525 1451 5591 spectandas
1463 5522 1612 5588 Peudrmip
1715 5523 1799 5575 maini
1816 5522 1914 5574 codices

252 5612 285 5667 dl
299 5614 658 5681 bactintr,actantr
717 5612 969 5681 egritudinisBrVa
1065 5607 1190 5676 fflpacne
1201 5609 1256 5672 Va,
1268 5610 1418 5676 penaccten'
1468 5608 1572 5660 diuisB
1657 5607 1914 5678 33esacculpam0b
