4500 6232
345 277 407 337 310
874 271 957 326 CDLI
975 271 1079 339 (ulcr.
1099 273 1151 340 13),
1169 272 1266 327 CDLll
1284 271 1419 339 (OPUSC.
1437 272 1473 338 6).

344 464 473 510 mecum
495 444 601 529 campi
625 442 794 508 sollemnis
818 441 875 505 illa
897 443 1099 524 vociferatio,
1121 466 1250 509 mecum
1267 443 1425 509 Severum
1447 449 1480 508 et
1497 441 1665 507 Paterium
1683 448 1717 507 et
1731 442 1807 506 aula
1823 448 2001 506 veneratur

344 554 377 612 et
403 547 506 612 curis:
544 568 682 633 quorum
714 546 862 632 quamvis
891 545 1016 611 familia
1044 548 1164 613 meruit
1201 548 1363 634 scipiones
1395 554 1427 610 et
1457 545 1604 627 trabeas,
1637 545 1782 631 seposita
1813 551 1924 611 tamen
1956 543 1999 609 ad

345 657 475 737 tempus
498 649 574 715 dote
599 651 779 736 sanguinis,
802 649 887 735 quod
911 671 1062 716 occasum
1086 673 1145 738 per
1167 651 1344 736 dignitates
1361 656 1394 715 et
1410 657 1484 735 pest
1500 650 1652 735 sepulcra
1668 649 1827 728 nesciunt,
1850 649 1998 714 moribus

313 758 538 840 dexegerunt.
585 755 735 835 mentior,
759 754 821 818 nisi
844 754 926 818 vivit
948 754 1099 819 Paterius
1123 755 1156 820 in
1180 757 1331 840 opinione
1353 753 1522 819 doctorum
1545 760 1578 816 et
1593 752 1729 838 perenni
1746 773 1824 818 aere
1839 752 2000 819 formatus

345 858 433 922 illam
459 859 667 943 eloquentiae
692 859 808 944 palmis
832 856 974 922 nobilem
1005 857 1091 922 inter
1115 859 1236 944 peritos
1267 863 1455 945 praesentat
1484 855 1637 940 effigiem.
1683 855 1799 919 horum
1828 857 1999 943 prosapies
2065 880 2077 916 ,ι

346 961 452 1026 adhuc
476 962 606 1047 quidem
630 982 741 1048 parva,
770 962 833 1024 iam
856 963 1011 1040 maxima,
1041 969 1206 1046 gemmata
1229 961 1441 1048 pubescentis
1464 960 1591 1023 flosculi
1615 979 1672 1022 ora
1694 959 1885 1043 praeferens
1909 960 2000 1024 vocis

315 1067 334 1126 7
345 1066 558 1151 praesidium,
582 1064 667 1150 quod
691 1064 873 1143 exhibebit,
904 1065 1055 1150 inploret,
1085 1065 1145 1128 hoc
1168 1066 1257 1131 taciti
1281 1085 1419 1151 poscens
1442 1062 1641 1147 allegatione
1665 1061 1842 1145 conloquii:
1877 1064 2000 1129 ‘iuvate

344 1172 509 1255 parvulos,
540 1191 621 1254 quos
650 1168 816 1232 habebitis
845 1170 972 1254 patriae
1003 1189 1077 1231 mcx
1108 1175 1274 1254 parentes;
1310 1166 1478 1254 inpendite
1514 1164 1677 1251 praesidia
1706 1164 1935 1229 defensoribus
1967 1172 2001 1229 et

344 1280 489 1357 pugnato
520 1294 578 1358 pro
609 1273 743 1349 teneris,
775 1293 816 1336 ne
849 1273 1044 1337 maturiores
1078 1293 1160 1336 aevo
1194 1272 1446 1337 subcunrbamus
1481 1291 1539 1356 pro
1574 1269 1790 1334 universitate
1826 1269 1999 1334 bellantes.

345 1377 435 1439 scitis
450 1398 533 1461 quae
550 1376 665 1440 domus
683 1397 740 1461 pro
758 1375 904 1460 generali
925 1377 1111 1440 calamitate
1128 1375 1276 1455 desudet,
1301 1375 1351 1439 cui
1368 1374 1528 1438 debeatur
1551 1392 1609 1459 pro
1633 1373 1796 1436 communi
1820 1374 1999 1437 securitate
2055 1394 2079 1432 ro

344 1482 458 1558 litatio,
482 1503 501 1543 a
524 1501 588 1566 qua
610 1480 751 1559 fluxerit,
775 1477 860 1564 quod
884 1480 968 1542 inter
992 1478 1132 1543 adversa
1153 1479 1241 1544 inter
1262 1499 1319 1542 vos
1343 1478 1482 1542 civilitas
1506 1497 1571 1540 non
1594 1476 1738 1541 vacillat.
1783 1474 1882 1539 debet
1906 1476 1999 1539 vobis

346 1586 436 1670 origo
459 1592 571 1647 nostra
595 1583 678 1646 hanc
702 1583 906 1646 tributariam
931 1583 1143 1660 functionem,
1174 1588 1209 1645 ut
1240 1602 1371 1667 semper
1399 1580 1521 1644 nutriat
1547 1580 1672 1666 patriae
1697 1599 1776 1644 suae
1801 1580 1871 1642 sine
1896 1581 1998 1645 inter-

312 1689 497 1755 8missione
522 1686 685 1751 custodes.
732 1707 811 1771 ergo
837 1687 864 1749 si
888 1692 967 1750 nota
989 1686 1083 1749 vobis
1108 1692 1183 1749 sunt
1206 1685 1292 1749 bona
1314 1684 1470 1769 germinis
1492 1684 1606 1761 nostri,
1630 1679 1804 1746 inserenda
1821 1685 1999 1768 suggerite,

343 1796 380 1853 ut
403 1789 488 1876 quod
511 1790 594 1853 nitet
623 1790 656 1852 in
685 1790 809 1853 semine
841 1791 968 1853 cultura
996 1790 1157 1868 melioret,
1192 1789 1314 1853 habeat
1348 1809 1464 1874 cespes
1499 1787 1597 1851 radici
1631 1786 1857 1851 obsecundans
1890 1809 1999 1873 poma,

343 1914 426 1978 quae
449 1893 580 1956 tribuat.
626 1914 691 1957 non
716 1898 791 1957 sunt
814 1895 998 1980 peregrina,
1022 1914 1088 1957 non
1111 1893 1249 1978 fugitiva
1272 1912 1355 1978 quae
1379 1890 1553 1977 poscimus.
1593 1890 1620 1954 si
1636 1889 1727 1954 Eleis
1745 1898 1778 1954 et
1795 1889 1998 1977 Olympiacis
2054 1910 2079 1947 ιτ·

343 1997 546 2062 conflictibus
562 1996 704 2060 nutritur
720 1998 854 2061 eculeus
871 1997 913 2061 de
929 1997 1120 2083 parentibus
1137 1998 1339 2072 aestimatus,
1357 2017 1415 2059 nos
1433 1994 1538 2058 adhue
1555 1994 1796 2080 proficientium
1814 2002 2000 2059 creatorum

341 2102 527 2165 muniamur
557 2099 727 2184 exemplis.
775 2100 866 2165 vobis
894 2107 1021 2164 tantum
1052 2102 1274 2187 praebuerunt
1303 2099 1452 2183 obsequii
1483 2120 1536 2162 res
1564 2097 1739 2175 secundae,
1770 2098 1900 2184 quando
1923 2120 2000 2184 pro-

341 2210 560 2288 pugnatorum
584 2210 765 2267 vestrorum
791 2209 824 2268 ct
847 2203 1006 2269 adolescit
1028 2204 1204 2289 posteritas
1228 2211 1261 2268 et
1285 2202 1390 2267 adhuc
1412 2203 1514 2289 patris
1529 2203 1647 2288 avique
1663 2201 1767 2267 tutela
1782 2223 1846 2266 non
1864 2201 1997 2269 deficit!

310 2311 420 2391 bergo
443 2307 494 2370 his
519 2307 659 2369 stimulis
682 2307 864 2387 incitatum,
892 2307 1007 2371 doctor
1031 2307 1241 2390 venerabilis,
1271 2308 1401 2393 suscipe
1430 2307 1655 2371 universorum
1678 2325 1777 2369 voees
1806 2306 1999 2372 afferentem

342 2414 375 2473 et
405 2410 557 2494 genitalis
588 2411 650 2473 soli
680 2411 933 2495 allegationibus
962 2411 1137 2496 benignam
1167 2411 1288 2497 praebe
1317 2410 1560 2475 conscientiam.
1606 2409 1734 2494 respice
1758 2407 1855 2474 dete
1879 2410 1999 2475 iudicia
2054 2430 2081 2470 so

343 2518 509 2577 nostrast
533 2512 681 2578 elevatus
705 2515 967 2578 consideratione
991 2515 1100 2579 meriti
1123 2535 1237 2600 parem
1261 2522 1293 2578 te
1317 2514 1494 2577 multorum
1518 2513 1622 2577 forma
1646 2512 1840 2580 sententiae.
1884 2515 2001 2580 labora

340 2622 378 2680 ut
399 2616 535 2680 munitio
559 2623 672 2680 nostra
695 2624 727 2681 te
752 2618 934 2683 instruente
959 2617 1127 2697 solidetur,
1158 2625 1191 2683 et
1220 2639 1261 2682 ne
1287 2618 1419 2681 inimica
1441 2617 1581 2682 arietum
1604 2617 1713 2681 vincat
1735 2617 1936 2702 inpugnatio,
1965 2624 2001 2681 tu

293 2719 445 2783 ldmuris
473 2719 600 2804 patriae
628 2719 810 2783 studiorum
838 2742 929 2786 arma
964 2722 1134 2807 coniunge.
1180 2722 1299 2786 scimus
1335 2741 1473 2807 quorum
1504 2720 1564 2785 tibi
1597 2720 1731 2785 suboles
1762 2721 2001 2787 committatur:

343 2821 477 2908 provide
499 2829 536 2886 ut
559 2822 644 2908 quod
668 2830 784 2888 natura
806 2821 949 2888 validum
972 2825 1100 2910 peperit
1130 2825 1293 2889 confortet
1318 2824 1489 2888 industria.
1535 2822 1628 2888 ducis
1661 2824 1731 2902 erit,
1762 2845 1825 2888 non
1854 2824 2001 2909 originis,

344 2926 370 2990 si
395 2924 436 2990 de
460 2926 521 2990 viri
544 2926 637 2989 fortis
661 2926 763 3012 stirpe
787 2927 893 2992 editus
915 2927 1037 2992 habeat
1059 2928 1145 2992 inter
1161 2928 1249 2993 bella
1265 2928 1480 2992 formidinem.
1517 2928 1637 2992 sufficit
1658 2934 1691 2992 te
1708 2928 1755 2992 sic
1776 2928 2001 2995 instructionis
2055 2952 2079 2990 a.

290 3034 418 3095 11tuae
443 3027 560 3093 sudore
584 3050 745 3109 erescere,
769 3036 805 3093 ut
827 3037 1018 3116 praesentes
1042 3053 1160 3118 pueros
1182 3032 1321 3098 formam
1344 3039 1490 3099 veterum
1513 3031 1614 3097 facias
1640 3033 1798 3119 optinere.
1834 3029 1891 3097 sed
1908 3030 2001 3097 dicas

342 3133 494 3198 forsitan:
526 3133 602 3197 licet
630 3138 662 3198 te
692 3133 854 3219 professio
885 3135 1029 3198 sanctior
1057 3142 1183 3220 urgeat,
1214 3156 1265 3200 me
1295 3136 1326 3199 in
1356 3135 1428 3199 istis
1456 3156 1522 3201 non
1550 3134 1651 3200 habet
1680 3155 1759 3199 cura
1787 3141 2000 3221 postremum.

343 3255 404 3321 ego
430 3257 512 3315 sum,
536 3237 589 3300 cui
611 3235 778 3301 Paterium
802 3236 904 3300 filium
927 3244 1089 3304 meteret
1113 3239 1203 3323 virgo
1226 3240 1309 3302 sacri
1332 3239 1431 3301 fontis
1455 3238 1547 3302 alvus
1571 3237 1704 3302 effudit:
1729 3259 1791 3323 ego
1815 3240 1847 3301 in
1871 3240 2000 3305 animae

343 3340 413 3403 eius
438 3337 583 3403 secunda
605 3340 776 3404 nativitate
801 3346 857 3403 aut
882 3341 1086 3406 recreatione
1113 3362 1184 3405 sum
1214 3341 1353 3425 genitor.
1400 3362 1479 3426 ergo
1509 3340 1685 3428 peculiaris
1714 3340 1905 3405 eruditionis
1928 3343 2000 3405 eius

341 3463 393 3506 me
416 3442 563 3528 provisio
586 3443 730 3528 respicit,
754 3443 847 3507 cuius
872 3449 967 3528 pater
990 3450 1023 3508 et
1045 3444 1131 3508 inter
1153 3444 1311 3508 caelestia
1332 3466 1404 3508 sum
1428 3451 1571 3508 vocatus.
2054 3468 2080 3505 ro

1004 3767 1131 3835 cum
1154 3770 1336 3856 (caused).

770 3963 1007 4038 ENNODIVS
1035 3963 1283 4040 AMBROSIO
1311 3966 1371 4039 ET
1398 3964 1571 4040 ΒΕΑΤΟ.

312 4114 321 4171 ¹
451 4093 538 4189 Deo
562 4123 783 4207 obsequimur,
806 4123 883 4187 dum
910 4125 979 4188 eius
1005 4126 1231 4189 convenientia
1254 4127 1385 4190 monitis
1409 4128 1605 4212 inperamus.
1635 4145 1711 4189 nam
1735 4123 1819 4209 quod
1844 4124 2021 4211 petitioni

340 4233 469 4291 vestrae
492 4226 600 4291 studio
625 4227 771 4291 caritatis
796 4228 1051 4312 adquiescimus,
1082 4231 1223 4314 mystica
1252 4238 1327 4294 sunt
1356 4237 1544 4316 praecepta.
1590 4229 1699 4292 multis
1724 4229 1846 4292 etenim
1871 4229 1996 4315 suppli-

340 4331 524 4395 cationibus
547 4329 716 4414 exegistis,
741 4338 776 4393 ut
800 4333 920 4417 pagina
942 4333 1035 4396 vobis
1060 4335 1317 4399 concinnationis
1342 4333 1559 4398 didascalicae
1582 4333 1771 4418 fingeretur.
1812 4334 1925 4397 volens
1942 4355 1995 4397 me

340 4434 373 4496 in
402 4434 578 4498 multorum
608 4434 680 4498 iura
710 4436 866 4504 summisi,
902 4436 975 4517 quia
1007 4474 1044 4481 —
1071 4437 1181 4500 videro
1216 4438 1293 4521 quid
1328 4440 1359 4501 in
1394 4436 1505 4501 verbis
1539 4435 1734 4500 adhibeatur
1768 4435 1995 4500 examinis-
2052 4452 2077 4489 ιι

445 4709 457 4760 1
482 4717 618 4763 uenerator
630 4710 655 4759 B
797 4708 814 4759 2
837 4711 958 4763 meruerit
976 4710 1063 4762 Sciron
1081 4721 1104 4762 ct
1122 4713 1232 4772 Hortel5
1255 4715 1289 4779 cs.
1304 4731 1333 4778 p.
1352 4717 1406 4774 101,
1425 4715 1456 4764 31
1596 4711 1614 4762 3
1637 4713 1752 4779 sepolora
1768 4712 1801 4775 B,
1826 4715 1962 4780 sepulchra
1978 4714 2001 4762 Γ

339 4794 546 4863 dexigeruutB
634 4797 706 4847 uiuet
718 4796 744 4845 B
869 4795 994 4849 chorum
1010 4798 1097 4864 Sirm,
1119 4817 1219 4852 morum
1239 4800 1298 4851 libri
1424 4798 1440 4849 6
1462 4799 1621 4865 patrissantis
1645 4801 1744 4852 fluscoli
1756 4800 1782 4851 B
1908 4797 1996 4851 tolti-

337 4883 440 4949 gatione
454 4882 478 4931 B
542 4884 663 4950 colloquii
680 4882 704 4930 V
771 4883 858 4933 iubate
871 4882 896 4932 B
1002 4883 1018 4934 9
1036 4886 1220 4938 maturiorisB
1287 4885 1486 4938 succumbamus
1502 4883 1526 4933 V
1628 4883 1661 4935 10
1678 4888 1754 4938 scitas
1767 4886 1792 4936 Β
1859 4887 1962 4938 desudit
1973 4886 1998 4937 Β

339 4965 372 5019 13
389 4977 450 5019 sunt
468 4970 542 5020 uobis
556 4968 633 5021 Sim.
755 4969 787 5020 14
805 4970 888 5021 habea
900 4968 925 5018 B
1001 4973 1083 5039 cespis
1099 4971 1175 5037 VLP,
1198 4973 1269 5039 cispa
1281 4971 1306 5023 B
1429 4969 1461 5022 15
1483 4972 1561 5022 ueleis
1574 4971 1607 5034 Β,
1625 4972 1705 5025 heleis
1722 4971 1745 5019 V
1817 4974 1952 5039 oliupiacia
1964 4973 1997 5033 B,

338 5055 479 5122 olimpiacis
497 5055 521 5103 V
632 5055 664 5106 16
683 5058 793 5107 nutritor
806 5057 830 5106 Β
945 5056 977 5108 18
994 5058 1118 5109 adolisost
1130 5057 1155 5107 Β
1229 5057 1321 5125 tutela]
1340 5059 1416 5110 titvrla
1428 5057 1454 5107 Β
1529 5058 1621 5110 delicet
1633 5057 1658 5107 B
1775 5058 1806 5110 19
1823 5060 1934 5112 stimulis
1948 5059 2002 5109 ΒΤ

337 5149 360 5193 et
376 5158 432 5207 cup.
446 5142 491 5192 tta
509 5141 561 5206 Vl,
578 5143 670 5193 studiis
686 5140 813 5194 v1s101’
911 5145 946 5196 20
963 5155 989 5195 et
1006 5145 1126 5211 genitalis
1140 5171 1171 5179 —
1185 5152 1271 5195 nostra
1290 5161 1338 5194 om.
1353 5142 1431 5195 Siron.
1494 5143 1687 5211 alligationibus
1699 5144 1725 5194 B
1819 5143 1854 5197 22
1871 5147 1960 5199 ῐιιιιιιίο
1973 5146 1999 5197 Β

337 5225 487 5292 instruente]
506 5229 647 5279 sustinente
660 5227 739 5279 Sirra.
857 5227 891 5279 23
910 5230 1009 5280 soboles
1026 5229 1049 5276 V
1120 5231 1257 5281 comitatur
1276 5228 1362 5280 VLTI
1475 5227 1509 5280 24
1526 5231 1631 5297 provide
1650 5249 1697 5281 om.
1711 5230 1790 5283 sirm.
1869 5233 1940 5284 ducit
1952 5231 1998 5282 B⁰

337 5316 448 5383 origenis
461 5313 487 5364 B
602 5313 635 5365 25
653 5316 708 5366 ueri
721 5314 746 5364 Β
825 5317 926 5367 sufficet
939 5316 964 5364 B
1078 5314 1113 5367 26
1130 5318 1254 5383 opitinere
1268 5316 1293 5367 Β
1404 5314 1439 5367 28
1456 5313 1541 5380 aluus]
1560 5317 1650 5369 saluus
1662 5317 1687 5368 B
1802 5315 1836 5368 29
1855 5316 1997 5383 nativitate]

336 5409 463 5455 netuttate
475 5400 501 5451 B
507 5398 518 5436 ¹
587 5402 642 5453 sius
660 5419 708 5451 om.
721 5400 747 5451 B
852 5399 888 5452 30
905 5403 1018 5468 respioet
1029 5400 1055 5451 Β

439 5499 556 5571 [cusu]
591 5499 624 5552 31
642 5503 794 5556 Paraenesis
811 5503 963 5554 didascalica
980 5504 1012 5554 ad
1030 5503 1195 5555 Ambrosium
1213 5512 1238 5556 et
1255 5506 1365 5557 Beatum
1380 5504 1458 5556 Sir-m.
1546 5502 1581 5557 32
1599 5506 1695 5571 petioni
1708 5504 1753 5555 B⁶
1839 5504 1874 5559 33
1892 5506 1998 5561 misam

337 5588 362 5651 (e
378 5588 406 5637 ia
423 5589 431 5639 i
449 5592 527 5651 corr.)
542 5589 566 5638 B
670 5586 702 5638 34
722 5589 843 5654 exigistes
857 5588 908 5652 Ba,
927 5589 1042 5655 exigistis
1056 5587 1099 5638 Ba
1204 5588 1238 5640 Β)
1256 5591 1345 5642 uidero
1358 5588 1391 5654 B,
1408 5591 1501 5642 uidebo
1520 5592 1595 5642 ceteri
