4500 6232
328 297 390 360 308
751 292 900 349 CDXLVII
917 292 1041 360 OEPIS‘l'.
1059 294 1085 360 9,
1102 294 1147 363 23)
1167 325 1199 334 -
1218 293 1301 349 colu
1318 293 1441 363 (celer.
1459 294 1484 359 9,
1501 294 1555 364 25).

328 467 563 532 communionis
593 473 627 530 et
655 464 951 531 blandimentorum
986 473 1117 532 tuorum
1152 469 1251 534 mella
1286 467 1474 554 praeceptis
1504 468 1703 533 caelestibus
1736 469 1887 532 instituta
1918 486 1982 531 non

328 573 436 636 minus
467 572 564 636 rebus
597 571 770 635 nobilitata
800 592 897 656 quam
921 573 1045 638 verbis:
1079 573 1260 638 orationem
1288 593 1394 637 meam
1423 571 1465 636 ad
1493 593 1533 636 ea
1561 592 1646 657 quae
1676 573 1873 637 eminentiae
1903 576 1981 636 tuae

328 675 490 741 debentur
514 680 592 739 vota
620 674 809 756 transduco,
845 677 921 762 quia
949 698 1077 742 meeum
1107 676 1236 743 Galliae
1264 678 1297 740 in
1324 677 1386 741 hac
1414 676 1668 761 adstipulatione
1698 677 1911 754 conveniunt,
1945 681 1982 738 ut

329 780 460 845 Christo
493 779 553 844 deo
577 781 650 842 vivo
683 778 879 867 disponente
910 781 1066 845 ordinatis
1095 783 1174 863 illis,
1208 781 1326 867 quibus
1358 780 1549 845 civilitatem
1581 786 1655 866 post
1678 780 1799 844 multos
1822 799 1981 844 annorum

329 885 468 949 circulos
493 885 643 964 intulisti,
667 905 749 969 quos
773 890 849 949 ante
872 891 905 949 ta
929 906 995 949 non
1018 886 1156 970 contigit
1178 907 1330 972 saporem
1354 883 1394 947 de
1417 883 1567 948 Romana
1590 883 1743 949 libertate
1766 889 1910 969 gustare,
1939 882 1980 947 ad

296 986 455 1052 'lItaliam
485 993 574 1053 tuam
605 994 639 1053 et
667 989 879 1075 poscentibus
911 989 1004 1054 nobis
1033 996 1067 1054 et
1096 990 1162 1054 illis
1185 987 1374 1055 tenentibus
1397 986 1574 1052 reducaris.
1621 987 1668 1052 sic
1694 988 1865 1074 utriusque
1896 985 1983 1052 orbis

327 1112 387 1179 per
414 1098 545 1157 sanctas
575 1093 719 1158 actiones
752 1093 924 1178 indigena,
957 1092 1181 1158 venerabilem
1204 1092 1335 1157 domum
1359 1098 1392 1156 et
1415 1096 1595 1157 summates
1615 1091 1700 1157 filios
1724 1113 1797 1156 curn
1820 1091 1983 1156 universis

327 1195 458 1259 Italiam
482 1195 729 1281 possidentibus
753 1196 857 1260 felicis
880 1195 1090 1281 praesentiae
1113 1201 1190 1260 tuae
1214 1194 1291 1259 dote
1314 1194 1480 1260 sublimes.
1517 1216 1578 1280 ego
1601 1201 1712 1260 autem
1735 1195 1877 1260 servitiis
1893 1194 1981 1259 salu-

327 1300 461 1363 tationis
485 1299 643 1364 exhibitis
660 1300 771 1365 valere
794 1321 846 1364 me
870 1299 984 1363 nuntio
1001 1305 1034 1363 et
1055 1299 1095 1364 de
1112 1298 1206 1364 vobis
1223 1298 1306 1384 quod
1322 1306 1399 1364 voto
1417 1319 1489 1364 meo
1506 1299 1698 1365 satisfacere
1713 1300 1816 1384 possit
1832 1303 1982 1384 expecto.

917 1622 1133 1692 cnnvlll
1157 1625 1265 1711 (nerse.
1284 1628 1313 1707 9,
1330 1625 1397 1711 24).

927 1801 1164 1878 ENNODIVS
1190 1803 1381 1878 AVlENO.

298 1957 311 2015 l
442 1935 548 2031 Bene
573 1973 644 2031 erat
668 1967 775 2031 animo
804 1987 893 2044 meo,
924 1968 950 2029 si
974 1967 1028 2031 vel
1050 1966 1093 2030 ad
1116 1967 1328 2051 scriptionem
1351 1965 1506 2051 frequens
1528 1966 1721 2051 portitorum
1751 1970 1984 2050 suggereretur

326 2070 469 2149 occasio,
497 2071 573 2154 quia
596 2071 628 2134 in
654 2069 799 2135 remedio
823 2070 979 2135 desiderii
1004 2071 1112 2135 sanior
1134 2070 1342 2156 providentia
1364 2091 1481 2134 munus
1505 2071 1687 2134 litterarum
1712 2069 1926 2153 comparavit,
1950 2068 1982 2132 in

325 2192 389 2257 quo
419 2172 461 2236 ad
484 2174 591 2238 vicem
622 2176 828 2260 praesentiae
859 2175 998 2239 formato
1026 2174 1253 2239 aestuantibus
1283 2172 1451 2237 blanditur
1482 2173 1634 2257 alloquio.
1680 2179 1713 2237 et
1739 2172 1816 2236 licet
1839 2170 1880 2235 de
1904 2172 1983 2257 ipsis

327 2275 481 2340 remediis
515 2298 607 2340 mons
643 2285 816 2362 aegrescat
851 2277 1036 2341 absentium
1070 2284 1103 2341 et
1138 2276 1179 2342 de
1215 2274 1377 2341 medicina
1411 2274 1640 2340 sollicitudinis
1676 2297 1753 2340 cura
1787 2275 1982 2360 geminetur,

295 2378 473 2443 2attamen
500 2401 565 2445 non
594 2386 670 2444 sunt
691 2380 877 2446 deserenda
900 2402 985 2465 quae
1009 2382 1081 2445 sola
1102 2387 1187 2445 sunt.
1232 2401 1310 2465 ergo
1333 2380 1457 2444 infante
1473 2378 1651 2443 Valentino
1674 2378 1813 2443 Romam
1836 2385 1982 2465 petente,

327 2490 484 2569 quantum
509 2484 570 2547 sub
595 2485 764 2549 eeleritate
788 2485 891 2571 potui,
915 2483 955 2547 de
978 2485 1028 2548 his
1052 2505 1136 2570 quae
1161 2490 1254 2549 erant
1268 2482 1435 2568 loquenda
1452 2483 1612 2568 subripui,
1636 2483 1780 2547 breviter
1796 2483 1983 2568 significans

326 2585 538 2651 valitudinem
572 2588 717 2672 eorporis
750 2588 814 2651 mei
845 2587 947 2651 fuisse
980 2587 1156 2652 turbatam.
1203 2587 1283 2652 satis
1312 2592 1364 2651 est
1393 2592 1521 2666 tamen,
1555 2587 1584 2650 si
1610 2587 1724 2651 nuntio
1754 2586 1984 2672 prosperitatis

325 2695 470 2769 vestrae,
503 2689 580 2753 dum
608 2689 644 2753 lit
673 2691 787 2755 hilaris
817 2691 941 2770 anima,
972 2692 1209 2757 convalescam.
1256 2689 1386 2754 domine
1414 2691 1474 2770 mi,
1508 2691 1711 2755 salutationis
1734 2693 1868 2770 muniis,
1899 2692 1985 2755 sicut

327 2795 511 2857 reverentia
533 2800 643 2858 vestra
666 2795 826 2880 postulat,
858 2796 1016 2859 exsolutis
1039 2816 1135 2880 rogo,
1164 2802 1201 2858 ut
1224 2795 1288 2858 iam
1312 2815 1364 2859 me
1388 2792 1430 2858 de
1453 2800 1600 2857 votorum
1624 2795 1744 2858 effectu
1769 2802 1803 2858 et
1825 2794 1865 2858 de
1888 2795 1983 2858 bonis

325 2898 444 2962 vestris
468 2898 657 2983 epistularis
682 2897 864 2962 sublevetis
888 2899 1151 2984 promulgatione
1176 2898 1351 2983 conloquii.

967 3221 1074 3291 (tell.
1097 3222 1208 3310 (rrrsr.
1225 3228 1256 3303 9,
1273 3223 1340 3308 25).

885 3401 1122 3475 ENNODIVS
1149 3402 1418 3476 AGNELLAE.

296 3553 308 3611 ¹
435 3531 588 3627 Gratum
611 3563 692 3626 mihi
716 3569 767 3628 est
791 3562 830 3626 ad
853 3562 1113 3648 magnitudinem
1130 3568 1272 3627 vestram
1297 3564 1480 3626 litterarum
1504 3582 1640 3628 munera
1662 3564 1881 3649 promulgare,
1905 3563 1981 3650 quia

325 3672 359 3731 et
381 3667 497 3752 generi
521 3673 554 3729 et
578 3668 801 3732 eonscientiae
817 3673 948 3733 vestrae
972 3687 1034 3730 non
1059 3674 1125 3731 tam
1150 3666 1326 3733 exhibetur
1348 3665 1451 3730 honor
1472 3666 1533 3730 iste
1550 3686 1647 3751 quam
1665 3667 1820 3732 redditur.
1859 3668 1980 3732 iustum

325 3775 377 3834 eet
403 3776 440 3833 ut
467 3771 612 3855 religiosi
642 3769 739 3834 homo
768 3769 929 3856 propositi
959 3777 1105 3834 sanctam
1128 3769 1259 3835 viduam
1284 3776 1316 3834 et
1339 3770 1479 3835 nobilem
1503 3777 1679 3835 veneretur
1702 3771 1871 3856 ingenuus.
1916 3791 1980 3856 ago

2035 1837 2062 1875 10

2035 2912 2062 2949 20

293 3872 388 3939 ideo
415 3895 489 3939 meo
519 3876 658 3960 gratiae,
689 3876 766 3961 quia
793 3876 897 3939 bonus
921 3876 1082 3960 opinionis
1106 3881 1237 3940 vestrae
1260 3874 1301 3940 ad
1325 3896 1384 3938 nos
1407 3873 1487 3938 odor
1510 3874 1685 3940 emanavit.
1730 3875 1786 3939 ille
1809 3894 1914 3959 usque
1938 3872 1980 3938 ad
2047 3924 2052 3934 .

325 3979 640 4043 consummationem
657 3979 744 4043 vitae
767 3979 892 4043 fructus
916 3978 1049 4054 tribuat,
1073 3979 1128 4069 qui
1150 3980 1271 4043 bonam
1295 3979 1437 4043 radicem
1461 3978 1494 4041 in
1509 3976 1570 4042 hae
1587 3978 1712 4043 saeculi
1729 3977 1981 4043 conversatione

324 4081 496 4167 plantavit.
541 4081 626 4147 bene
656 4082 779 4164 fecisti,
814 4082 932 4147 domna
955 4083 1112 4168 Agnella,
1145 4083 1256 4148 mundi
1280 4083 1375 4147 istius
1399 4080 1623 4147 blandimenta
1646 4102 1815 4168 respuere,
1847 4087 1880 4145 et
1903 4080 1979 4145 dum

325 4186 466 4249 celsiora
489 4186 648 4269 sequeris,
673 4186 772 4250 etiam
796 4206 879 4271 quae
902 4193 1082 4272 potuerunt
1105 4189 1216 4252 venire
1242 4209 1262 4251 a
1285 4186 1441 4272 legitimis
1465 4183 1617 4249 remediis
1641 4205 1707 4248 non
1730 4184 1867 4249 habere:
1892 4185 1980 4249 scisti

325 4309 390 4351 non
415 4288 520 4352 solum
544 4288 675 4352 veniam
699 4310 856 4375 quaerere
881 4289 938 4354 sed
968 4311 1129 4355 coronam.
1176 4289 1341 4376 gaudeant
1368 4289 1408 4353 de
1439 4287 1603 4352 medicina
1631 4288 1841 4372 languentes:
1876 4310 1979 4374 prope

293 4395 376 4456 {lest
403 4397 440 4454 ut
470 4393 639 4477 proximus
669 4393 711 4456 sit
739 4393 921 4477 integritati
949 4394 1001 4456 cui
1033 4391 1232 4473 conceditur,
1262 4400 1298 4457 ut
1321 4392 1459 4456 feliciter
1482 4390 1628 4455 dediscat
1650 4391 1843 4456 inlecebras.
1890 4412 1980 4476 ergo,

325 4493 459 4559 domina
481 4495 536 4575 mi,
561 4496 768 4560 salutationis
791 4496 929 4580 gratiam
953 4495 1299 4581 honorificentiamque
1323 4496 1515 4581 persolvens
1538 4514 1629 4579 rogo,
1658 4500 1694 4558 ut
1717 4515 1775 4580 pro
1799 4516 1851 4559 me
1875 4496 1979 4559 amico

325 4602 359 4661 et
380 4604 517 4683 parente
541 4604 598 4662 tuo
623 4599 843 4685 apostolorum
867 4598 1032 4664 liminibus
1057 4622 1122 4664 non
1146 4600 1279 4666 desinas
1304 4599 1501 4685 subplicarc,
1529 4605 1566 4661 ut
1587 4618 1716 4663 merear
1738 4618 1868 4663 servare
1892 4597 1979 4684 quod

324 4699 480 4786 praedico
504 4708 538 4767 et
561 4702 648 4788 quod
671 4702 704 4766 in
727 4702 800 4767 aliis
824 4704 948 4768 extollo
972 4703 1043 4788 ipse
1066 4724 1132 4768 non
1154 4703 1339 4788 neglegam.

426 4978 519 5033 dillsa
532 4981 557 5031 B
643 4980 789 5033 beireulos
801 4980 834 5044 B,
852 4982 994 5032 curriculos
1006 4982 1081 5033 ceteri
1134 4982 1248 5048 contigat
1265 4982 1293 5032 ia
1306 4982 1342 5033 lit.
1356 4981 1382 5032 B
1432 4982 1545 5034 lisertate
1562 4990 1665 5050 gustate
1677 4980 1718 5032 131
1806 4978 1941 5048 lindigna
1955 4980 1980 5032 B

323 5062 340 5115 8
358 5067 549 5133 possidentibus
562 5067 666 5131 Hortel,
691 5066 833 5133 possidanai
851 5067 972 5118 dontibus
984 5066 1017 5130 Β,
1041 5067 1174 5133 possidens
1192 5068 1341 5119 uidentibus
1359 5067 1435 5119 ceteri
1521 5069 1595 5119 filicis
1607 5068 1633 5118 B
1754 5066 1770 5117 9
1789 5068 1942 5119 exhibuistis
1955 5067 1981 5118 B

323 5161 441 5220 exspecto
460 5152 486 5202 V

426 5253 605 5323 [cnxnvln]
639 5254 671 5308 13
688 5258 837 5309 stuantibus
850 5257 875 5307 B
971 5255 1003 5308 14
1020 5255 1185 5324 aagrmcatB
1242 5259 1405 5323 geminantur
1418 5256 1497 5308 Simo.
1592 5256 1625 5309 15
1642 5259 1760 5311 adtamen
1773 5258 1799 5309 Β
1891 5256 1924 5309 18
1941 5255 1979 5322 fit]

321 5343 350 5394 fil
363 5343 409 5394 Βιι
478 5344 572 5395 hilares
585 5342 610 5393 Β
679 5344 855 5395 conualiscam
868 5343 894 5393 Β
963 5340 1009 5409 mi]
1029 5343 1092 5393 mihi
1105 5342 1130 5392 B
1137 5341 1182 5394 Vc
1285 5341 1320 5394 20
1337 5345 1458 5411 colloquii
1478 5345 1501 5394 V

426 5443 528 5513 [CDIL]
559 5444 594 5497 22
611 5448 775 5516 promulgata
786 5447 831 5498 13⁰
921 5444 957 5498 23
974 5454 1076 5498 uestrae
1088 5463 1137 5497 om.
1151 5445 1177 5495 B
1266 5444 1301 5498 26
1319 5449 1417 5500 fructos
1429 5447 1455 5498 B
1545 5446 1580 5500 28
1597 5446 1701 5515 babere]
1714 5465 1793 5502 auore
1805 5449 1870 5501 cerri.
1883 5447 1981 5500 Hortel

321 5529 356 5583 29
373 5532 454 5583 solam
466 5531 540 5584 BVa
672 5531 707 5585 30
724 5534 864 5602 proximior
876 5532 955 5585 Sirm-
1047 5532 1184 5583 inlecibms
1198 5530 1224 5581 B
1349 5529 1382 5583 31
1403 5530 1448 5600 mi]
1467 5534 1529 5585 mihi
1542 5533 1619 5584 BVL
1743 5531 1778 5586 32
1795 5542 1942 5602 apostorum
1954 5532 1981 5584 Β

321 5619 467 5687 supplicare
482 5617 507 5667 V
606 5616 641 5670 33
658 5620 788 5687 negligam
800 5619 826 5671 Β
