4500 6232
816 305 838 358 Ι.
863 303 910 358 DE
927 303 1016 358 VITA
1038 303 1084 359 111
1103 304 1265 360 SORIP'I'IS
1283 306 1432 363 meacm.
1912 311 1952 366 111

292 478 320 542 ei
343 477 439 543 titisse
461 476 602 562 legimus,
624 486 653 541 et
676 500 706 562 p.
721 479 793 556 321,
806 479 848 542 23
870 477 1097 565 Transalpinos
1117 487 1260 566 parentes
1284 504 1358 546 suos
1381 483 1518 570 appellat
1540 483 1589 566 (cs.
1604 484 1695 549 etiam
1713 482 1900 550 CXLVIII
1911 486 1950 564 4).

293 583 413 659 urbem,
436 581 519 646 unde
541 580 692 666 originem
714 579 851 660 diruerit,
873 580 1039 646 Ennodius
1061 605 1215 668 nusquam
1237 585 1411 650 manifestis
1434 588 1538 652 verbis
1561 586 1746 674 designavit,
1768 585 1824 651 sed
1847 586 1952 651 omnia

293 710 372 774 quae
394 710 433 751 ex
455 686 602 772 operibus
624 685 690 748 eius
714 685 855 770 conquiri
871 695 1005 771 possunt
1027 685 1143 751 indicia
1165 687 1197 750 in
1212 688 1426 754 Arelatensem
1449 690 1557 755 urbem
1573 692 1769 756 conveniunt.
1803 690 1845 755 ibi
1868 690 1951 754 enim

293 789 447 855 habitavit
469 789 629 875 Euprepia
651 812 739 853 soror
760 788 887 854 Ennodi
911 795 951 876 tp.
967 793 1041 869 234,
1057 794 1108 872 24)
1135 792 1251 878 aliique
1272 795 1439 880 propinqui
1460 805 1491 860 et
1513 796 1605 860 amici
1627 797 1714 860 velot
1736 795 1898 859 Pomerius
1920 805 1952 858 et

294 893 461 958 Firminus
495 905 562 957 tum
584 894 616 956 in
632 893 690 957 hac
705 894 885 979 quaestione
907 895 1056 959 momenti
1078 917 1141 959 non
1163 897 1285 960 minimi
1308 907 1382 982 sunt
1397 921 1506 963 versus
1528 898 1631 963 adhuc
1652 921 1781 985 prorsus
1804 897 1951 982 neglecti:

413 1013 657 1079 cDxxfflle
680 1036 736 1078 nec
758 1015 851 1080 siccis
874 1015 973 1080 oculis
996 1017 1118 1103 respexi
1140 1019 1303 1082 marmoris
1326 1019 1402 1083 iras:

679 1140 750 1182 cum
772 1118 878 1182 subite
901 1119 1063 1184 absortum
1085 1119 1167 1186 vidit
1188 1132 1280 1186 vetus
1303 1123 1408 1187 accola
1430 1131 1569 1209 pontum,

678 1221 747 1284 risit
768 1231 800 1284 et
821 1221 934 1285 abiecti
956 1224 1106 1287 restantia
1128 1224 1219 1309 signa
1241 1226 1378 1310 pavoris.

397 1341 562 1407 Ennodius
586 1342 646 1406 hoe
668 1345 804 1408 camnine
827 1343 975 1410 describit
999 1346 1069 1426 iter,
1091 1346 1177 1432 quod
1199 1347 1272 1411 fecit
1295 1347 1326 1411 in
1349 1345 1439 1411 Pado
1461 1345 1540 1411 adeo
1562 1346 1739 1426 tumefacto,
1761 1357 1796 1412 ut
1817 1347 1951 1435 speciem

293 1448 387 1512 maris
403 1447 570 1534 praeberet.
605 1469 714 1512 seusus
730 1458 833 1512 autem
849 1471 1005 1529 versuum,
1028 1473 1107 1536 quos
1124 1450 1218 1515 modo
1233 1451 1419 1529 rettulimus,
1434 1449 1514 1516 alius
1530 1472 1599 1515 esse
1613 1451 1721 1536 nequit
1734 1451 1795 1515 nisi
1809 1450 1873 1515 hic:
1889 1473 1952 1515 non

294 1552 360 1615 sine
382 1552 492 1615 timore
513 1551 626 1616 fluctus
642 1551 722 1616 Padi
745 1550 855 1616 tumidi
880 1553 1046 1639 conspexi;
1069 1553 1123 1617 sed
1146 1576 1218 1618 cum
1241 1577 1339 1640 aquam
1363 1555 1395 1618 in
1415 1555 1499 1642 ripas
1522 1577 1590 1619 sese
1612 1555 1809 1641 recepissent,
1831 1554 1951 1619 timoris

296 1677 346 1719 me
367 1653 493 1742 puduit,
520 1656 702 1741 praesertim
725 1678 795 1719 cunr
819 1656 877 1718 sim
907 1666 998 1720 vetus
1022 1657 1116 1720 rnaris
1144 1657 1258 1722 accola.
1303 1658 1364 1722 fnit
1384 1681 1458 1744 crgo
1480 1656 1646 1723 Ennodius
1669 1657 1781 1723 Gallus
1804 1658 1951 1745 prosapia

294 1768 437 1854 etvetus
460 1760 554 1824 maris
578 1759 684 1823 accola
705 1768 799 1845 atque
821 1782 892 1823 cum
907 1761 1121 1846 compluribus
1136 1762 1374 1827 Arelatensibus
1397 1763 1629 1850 propinquitate
1652 1762 1849 1825 coniunctus:
1872 1782 1952 1846 quae

294 1863 321 1926 si
343 1863 530 1948 cogitatione
553 1863 734 1949 complexus
757 1864 826 1942 eris,
848 1886 910 1927 non
934 1873 1021 1928 tanta
1044 1887 1119 1928 usus
1143 1866 1295 1946 cautione,
1317 1876 1436 1952 quanta
1452 1865 1637 1931 Sirmondus
1660 1863 1825 1929 iudicavit:
1847 1886 1895 1943 ,an
1919 1864 1950 1927 in

295 1966 408 2044 Gallia,
431 1966 490 2029 hoc
505 1976 552 2029 est
567 1967 703 2045 Arelate,
727 1965 809 2031 unde
830 1968 875 2032 illi
899 1968 1009 2053 origo.
1026 2017 1032 2031 .
1049 2018 1056 2032 .
1073 1991 1111 2032 an
1135 1967 1220 2054 quod
1243 1969 1347 2055 potius
1370 1992 1447 2048 reor,
1471 1970 1501 2033 in
1517 1969 1647 2053 Liguria
1662 1966 1836 2032 Mediolani
1859 1976 1951 2031 natus

294 2071 347 2147 sit,
371 2071 519 2133 incertum
542 2068 684 2154 reliquit‘,
711 2070 873 2133 nobiscum
897 2070 1113 2157 pronuntiabis
1136 2070 1317 2135 Eunodium
1340 2073 1467 2136 Arelate
1489 2095 1551 2136 non
1574 2072 1674 2136 solum
1699 2069 1875 2150 oriundum,
1897 2069 1952 2134 sed

293 2173 386 2236 etiam
410 2181 518 2236 natum
540 2193 617 2235 esse.

397 2275 516 2356 Genus,
539 2274 621 2340 trude
636 2275 801 2340 Ennodius
824 2286 911 2340 ortus
934 2287 992 2356 est,
1014 2299 1209 2364 nequaquam
1232 2279 1293 2342 fuit
1313 2279 1457 2361 ignobile.
1495 2279 1567 2342 licet
1582 2279 1664 2343 euim
1680 2301 1737 2365 pro
1752 2278 1807 2344 illa
1821 2278 1952 2343 molesta
1965 2298 2041 2340 1111.

294 2378 447 2445 modestia
468 2402 501 2444 se
524 2381 591 2466 ipse
613 2381 692 2460 ,loeo
714 2380 873 2445 humilem‘
895 2381 980 2446 dicat·
1002 2388 1042 2468 (p.
1058 2384 1109 2459 47,
1121 2388 1150 2449 6.
1169 2386 1239 2460 las,
1251 2386 1301 2448 29.
1326 2384 1470 2464 1311111),
1493 2393 1622 2469 apparot
1644 2405 1715 2445 cunr
1739 2406 1775 2445 ex
1799 2381 1949 2468 epitaphii

295 2506 385 2548 versu
408 2484 515 2547 tertio:
969 2538 975 2552 .
1221 2537 1227 2551 .
1290 2538 1296 2551 .
1460 2538 1467 2552 .
1536 2539 1543 2552 .

679 2536 792 2601 Clanis
815 2538 901 2623 prole
924 2537 1065 2623 quidem,
1087 2559 1267 2619 generosior
1288 2559 1355 2623 ipse
1376 2560 1561 2623 propinquis

294 2666 360 2721 tum
389 2655 460 2721 inde
487 2656 571 2742 quod
599 2679 670 2720 cum
698 2658 878 2722 clarissimis
906 2657 1084 2722 bominibus
1114 2659 1298 2742 cognatione
1321 2659 1504 2723 coniunctus
1533 2658 1595 2723 fuit
1622 2668 1656 2722 ut
1684 2681 1753 2721 cum
1777 2657 1898 2722 Fausto
1920 2665 1952 2720 et

293 2762 427 2826 Boethio
442 2761 635 2841 consulibus,
651 2761 749 2826 nobili
765 2763 835 2826 loco
850 2786 920 2826 eum
937 2773 1044 2827 natum
1060 2786 1136 2829 esse.
1181 2763 1352 2828 claritatem
1367 2764 1488 2847 generis
1504 2764 1552 2827 sui
1568 2772 1708 2841 testatur,
1723 2785 1795 2826 cum
1809 2761 1951 2825 Firmino

293 2866 469 2952 propinquo
491 2887 549 2929 suo
571 2864 647 2929 haec
669 2864 777 2928 scribit
800 2871 840 2951 tp.
856 2871 907 2945 311,
921 2869 986 2944 ltl):
1016 2889 1082 2948 ,ego
1105 2889 1191 2931 meae
1220 2889 1289 2931 sum
1313 2868 1402 2953 inpar
1429 2867 1590 2954 prosapia,
1613 2889 1662 2931 me
1688 2864 1815 2930 dotibus
1838 2864 1951 2929 vestris

293 2969 382 3055 quasi
412 2969 609 3055 peregrinum
637 2968 785 3033 scientiae
813 2967 974 3054 plenitudo
1005 2992 1067 3032 uon
1096 2970 1215 3054 tetigit,
1245 2993 1303 3053 ego
1338 2994 1395 3034 vos
1425 2979 1547 3034 tanturm
1576 2967 1702 3034 laudare
1729 2969 1830 3054 magis
1856 2990 1951 3054 quam

293 3072 406 3136 imitari
428 3072 535 3136 valco‘.
581 3072 770 3157 quinetiam
793 3095 831 3136 ex
854 3073 997 3158 epistula,
1019 3096 1081 3158 qua
1103 3073 1223 3138 Fausto
1244 3074 1427 3157 gratulatur,
1450 3073 1533 3158 quod
1557 3073 1713 3151 Avienus,
1735 3072 1817 3135 tilius
1840 3071 1951 3135 Fausti

292 3186 322 3240 et
339 3176 505 3262 Cynegiae,
527 3198 606 3261 quae
629 3176 698 3261 ipsa
713 3175 839 3241 Ennodi
862 3177 1092 3262 consanguinea
1113 3178 1182 3257 suit,
1204 3177 1399 3242 consulatum
1422 3176 1553 3263 adeptus
1568 3185 1643 3256 erat,
1666 3177 1744 3240 inter
1765 3175 1861 3240 verba
1884 3197 1953 3261 per-

293 3279 473 3344 versissima
496 3288 561 3343 arte
583 3279 750 3342 obcaecata
772 3277 804 3341 id
827 3290 929 3343 tamen
952 3280 1060 3359 elucet,
1082 3281 1233 3346 familiam
1256 3280 1383 3345 Ennodi
1406 3280 1599 3344 consularem
1622 3279 1726 3342 fauisse.
1770 3276 1848 3342 dicit
1869 3278 1950 3342 enirn

293 3408 323 3472 p.
342 3388 391 3464 14,
409 3389 429 3451 6
444 3393 476 3448 et
495 3386 533 3450 16
556 3406 612 3470 per
626 3383 783 3446 Avienum
804 3385 907 3467 generi
932 3395 1070 3448 materno
1092 3386 1111 3448 i.
1126 3408 1151 3449 e.
1175 3383 1363 3449 Ennodiano
1379 3383 1511 3448 honores
1527 3382 1705 3446 consulares
1721 3380 1860 3446 redditos
1875 3404 1952 3447 esse.

397 3491 488 3569 Quae
517 3513 587 3553 curn
617 3489 661 3553 ita
683 3488 759 3567 sint,
789 3489 866 3552 nihil
895 3489 1014 3569 obstat,
1041 3491 1115 3577 quin
1147 3491 1234 3555 illum
1263 3491 1397 3556 Felicem
1422 3487 1590 3553 Iunodium
1614 3487 1716 3552 viriam
1744 3486 1951 3551 clarissimum

293 3605 324 3660 et
346 3595 585 3682 amplissimum,
607 3593 660 3679 qui
684 3593 876 3678 temporibus
892 3593 1015 3658 Honori
1039 3603 1069 3657 et
1092 3592 1251 3658 Theodosi
1276 3595 1294 3657 i.
1310 3617 1335 3657 e.
1358 3593 1741 3656 1111111111014118-421
1768 3589 1952 3674 proconsule

294 3699 487 3785 provinciam
503 3698 643 3762 Africam
659 3694 891 3761 administravit
905 3696 1182 3776 (0111171111.
1199 3699 1452 3783 1358111111),
1469 3719 1563 3760 111111
1575 3694 1686 3778 Magni
1699 3693 1813 3757 Felicis
1824 3691 1951 3757 Ennodi

293 3825 375 3867 anno
398 3804 462 3868 474
484 3802 548 3866 nati
570 3801 669 3866 fuisse
691 3824 761 3864 cum
780 3800 991 3865 Mommsenio
1014 3809 1198 3880 statuamus,
1222 3798 1410 3864 monendum
1426 3808 1528 3864 tamen
1551 3807 1607 3876 est,
1630 3821 1668 3863 ne
1691 3797 1825 3861 nominis
1842 3796 1952 3860 simili-

293 3904 395 3970 tudini
418 3906 548 3970 nimium
566 3904 729 3983 tribuatur,
752 3904 826 3989 quia
840 3903 964 3969 Ennodi
989 3927 1100 3969 nomen
1124 3928 1186 3968 non
1209 3905 1255 3968 ita
1276 3914 1379 3968 111111
1402 3912 1468 3967 tum
1490 3903 1564 3967 fuit:
1588 3902 1765 3967 nominatur
1785 3899 1951 3966 Ennodius

293 4032 397 4074 comes
426 4009 470 4074 rei
497 4011 637 4096 privatae
666 4009 697 4071 in
720 4009 940 4074 constitutione
968 4009 1137 4074 Maioriani
1160 4032 1187 4074 a
1202 4012 1266 4076 458
1293 4007 1387 4087 (Nor.
1410 4007 1523 4071 Maior.
1547 4012 1592 4085 5),
1620 4028 1711 4091 quem
1735 4006 1951 4091 imperatorem

293 4112 458 4179 Ennodius
481 4123 586 4178 noster
601 4111 736 4176 celebrat
749 4112 970 4198 epigrammate
985 4111 1194 4196 (OCCLth
1216 4121 1246 4177 ct
1268 4114 1373 4198 plures
1389 4110 1527 4176 Ennmlii
1549 4110 1750 4175 inveniuntur
1771 4106 1856 4196 apud
1872 4106 1953 4173 Gre-

292 4219 414 4304 gorium
430 4218 660 4296 Turonensem3
683 4217 755 4280 item
778 4215 890 4301 legitur
905 4217 1096 4303 epitaphium
1113 4217 1227 4281 Felicis
1250 4216 1364 4280 Innodi
1381 4214 1544 4281 cuiusdam
1568 4214 1729 4279 1110111.
1745 4213 1817 4277 Xll
1839 4236 1870 4276 n.
1888 4214 1951 4278 338

293 4326 344 4404 (=
361 4312 689 4403 111Β11111111111ἶ111.
706 4315 853 4384 1111151111
873 4320 905 4381 lu
923 4321 1027 4384 (1111111
1041 4321 1077 4385 Π
1094 4345 1122 4385 11.
1135 4325 1218 4401 628).
1251 4320 1335 4405 quod
1358 4319 1552 4406 epitaphium
1575 4340 1645 4382 cum
1668 4317 1712 4382 rei
1735 4316 1952 4404 epigraphiooe

293 4427 384 4513 periti
408 4436 497 4492 serto
520 4425 645 4491 saeculo
667 4425 825 4511 antiquius
847 4447 915 4488 esse
937 4433 1059 4510 negent,
1081 4425 1120 4489 ad
1144 4425 1273 4511 stirpem
1295 4423 1421 4510 quidem
1442 4424 1535 4488 huius
1551 4422 1678 4486 Ennodi
1701 4418 1952 4506 investigandam

294 4529 370 4594 nibil
393 4531 490 4610 valet,
517 4529 572 4595 sed
595 4529 636 4595 ad
658 4528 863 4594 Ennodianae
889 4528 1025 4592 familiae
1047 4528 1240 4593 nobilitatem
1265 4528 1480 4593 illustrandam
1504 4528 1638 4592 niaxime
1660 4536 1707 4591 est
1730 4524 1888 4589 idoneum:

615 4652 654 4736 -1-
678 4651 848 4715 Stemmatc
871 4651 1052 4737 precipuum
1075 4650 1221 4715 trabealis
1244 4650 1381 4715 fascibus
1405 4659 1508 4715 ortum

728 4753 974 4820 INNOllIVM
997 4755 1049 4819 leti
1073 4755 1124 4818 bie.
1146 4777 1241 4840 sopor
1262 4754 1345 4818 altus
1367 4754 1469 4833 babet,

677 4857 730 4943 qui
753 4868 827 4944 post
848 4859 979 4944 patricia
1001 4857 1157 4944 preclarus
1181 4858 1304 4943 cingola
1327 4867 1428 4921 reetur

729 4961 861 5026 subiecit
884 4962 1003 5026 Christi
1027 4962 1107 5026 colla
1130 4962 1261 5026 subacta
1283 4962 1364 5046 iogo.

677 5088 833 5152 pospones
858 5067 941 5131 ult-ra
963 5067 1071 5132 mundi
1094 5066 1277 5155 protendere
1299 5088 1420 5153 ponpas

728 5182 760 5236 et
780 5173 886 5258 potius
908 5171 1042 5236 domeno
1065 5172 1185 5236 solvere
1207 5181 1282 5236 vota
1305 5170 1423 5235 malens

676 5276 722 5339 sie
743 5298 873 5361 gemeno
896 5275 1038 5340 FELIX
1061 5277 1241 5361 perfirnctus
1265 5296 1391 5338 munere
1412 5270 1537 5358 gaudet,

729 5380 871 5466 egregius
895 5378 1012 5444 mundo
1035 5379 1176 5466 placatus
1199 5388 1231 5443 et
1252 5378 1394 5442 domeno.

676 5482 736 5547 hoc
757 5483 876 5548 temolo
897 5483 987 5549 cuius
1008 5492 1131 5548 tautum
1153 5505 1227 5548 nam
1249 5480 1389 5546 membra
1410 5478 1582 5565 quiescunt,

726 5584 840 5653 letaturi·
860 5584 964 5677 11111111
983 5607 1072 5653 mens
1093 5584 1239 5677 paradise
1261 5594 1324 5651 tua.
