4500 6232
309 291 351 360 20
832 284 898 346 xrv
915 283 1050 357 (oruso.
1068 287 1104 358 a),
1125 284 1177 344 xv
1196 285 1318 359 (cerer.
1342 293 1363 355 1.
1382 281 1435 361 ro).

308 467 431 533 habere
454 474 543 533 terra
566 464 652 551 quod
676 466 760 532 caeli
783 471 849 539 est;
878 486 961 551 quae
990 486 1050 553 per
1077 465 1192 530 domos
1219 486 1332 532 cereas
1360 466 1471 532 divino
1500 466 1624 554 stipant
1646 467 1745 532 mella
1767 461 1964 554 conpendio,

307 571 426 656 quibus
450 591 551 636 cansa
574 577 625 636 est
647 590 843 635 numerosae
866 571 1042 655 progenies
1067 571 1214 635 nescisse
1238 571 1436 655 coniugium,
1460 593 1502 635 ne
1518 570 1595 635 dnm
1610 571 1800 658 copularum
1823 569 1965 635 nexibus

306 680 522 761 occupantur,
557 673 727 739 laborandi
758 680 886 760 tempus
914 674 1049 757 effugiat
1072 680 1106 738 et
1133 680 1324 760 expectent,
1361 680 1398 738 ut
1425 676 1551 762 prolem
1585 696 1677 741 suam
1709 673 1839 759 turgida
1866 675 1962 740 alvus

260 778 474 859 iOeffundat,
508 800 605 863 quam
635 778 809 843 herbarum
837 780 925 843 lucro
956 776 1144 862 diligentins
1174 785 1311 864 possunt
1340 799 1396 843 ore
1425 779 1597 866 profligare
1627 798 1724 862 quam
1751 779 1886 845 semine.
1928 779 1964 843 in

306 881 401 946 huius
425 889 535 946 autem
558 883 644 946 cerei
667 882 797 946 luminis
825 902 957 968 corpore
981 888 1029 962 te,
1062 882 1204 963 domine,
1234 882 1450 968 postulamus,
1479 888 1514 946 ut
1536 902 1697 967 supernae
1726 881 1963 947 benedictionis

306 1007 423 1050 munus
455 985 683 1050 adcommodes
713 992 761 1066 et,
797 987 823 1049 si
852 987 922 1072 quis
957 986 1031 1049 hinc
1061 986 1234 1070 sumpserit
1262 984 1416 1050 adversus
1449 985 1552 1049 flabra
1586 990 1770 1064 ventorum,
1805 984 1964 1050 adversus

306 1090 439 1174 spiritus
463 1089 678 1174 procellarum
703 1094 760 1153 tua
782 1089 870 1153 iussa
892 1089 1060 1170 facientes,
1085 1089 1126 1152 sit
1142 1089 1188 1152 illi
1204 1089 1371 1173 singulare·
1390 1088 1585 1175 perfugium,
1608 1088 1649 1152 sit
1670 1108 1781 1152 murus
1804 1089 1846 1153 ab
1868 1090 1964 1155 hoste

258 1195 290 1254 11
308 1192 468 1258 fidelibus.
513 1194 608 1257 simul
639 1194 736 1257 etiarn
765 1214 961 1278 quaesumus
991 1199 1023 1257 te
1050 1200 1101 1265 ut,
1132 1193 1208 1278 quia
1235 1191 1276 1255 ad
1300 1193 1464 1257 vernantis
1493 1191 1569 1256 anni
1595 1191 1713 1255 faciem
1742 1192 1898 1278 passionis
1925 1213 1964 1257 ac

307 1297 554 1361 resurrectionis
586 1303 662 1360 tuae
691 1302 820 1382 tempus
847 1297 981 1382 aptasti,
1010 1317 1083 1360 cum
1111 1303 1185 1382 post
1211 1302 1378 1361 concretas
1406 1294 1539 1360 hiemali
1568 1302 1698 1380 torpore
1721 1293 1835 1379 glebas
1858 1301 1891 1359 et
1913 1295 1964 1360 in-

308 1399 435 1465 frenata
458 1401 563 1485 glacie
586 1400 719 1465 flumina
742 1401 887 1465 novellas
910 1399 1071 1464 frondium
1094 1401 1220 1465 tunicas
1242 1421 1372 1485 gemma
1390 1397 1577 1462 conscendit
1594 1403 1715 1463 etcum
1732 1404 1863 1463 auctore
1886 1419 1962 1483 ger·

307 1503 429 1569 minum
453 1503 580 1568 domino
603 1505 696 1569 nobis
720 1506 829 1573 omnia
850 1505 1063 1568 reviviscunt:
1087 1503 1130 1569 da
1151 1504 1349 1590 multiplicas
1372 1502 1494 1567 fructus
1517 1503 1550 1566 in
1573 1502 1678 1582 terris,
1700 1506 1844 1567 nostrum
1868 1503 1963 1568 effice

307 1606 392 1691 quod
416 1607 576 1688 ostendis,
606 1613 638 1673 et
661 1609 840 1673 sacerdotis
864 1609 965 1673 nostri
988 1608 1041 1674 vel
1063 1609 1163 1672 totius
1186 1608 1264 1672 cleri
1288 1608 1357 1672 eins
1380 1606 1601 1670 incolumitate
1625 1610 1757 1670 servata
1778 1602 1964 1669 ubertatem
2021 1667 2026 1677 ,
2070 1648 2074 1654 -

307 1716 490 1796 temporum
513 1713 582 1775 sine
606 1711 745 1776 adversa
767 1718 964 1797 tempestate
988 1711 1144 1777 concede.

958 2001 1024 2068 XV
1048 2001 1160 2087 (rrrsr.
1187 2005 1216 2082 1,
1242 1999 1306 2086 10).

896 2195 1099 2271 IOHANNI
1125 2195 1374 2271 ENNODIVS.

275 2365 288 2424 l
414 2345 545 2438 Vicem
579 2373 765 2454 redderem,
803 2373 867 2437 nisi
900 2378 1051 2437 oneraret
1088 2372 1289 2458 diligentiam
1322 2372 1416 2437 amici
1452 2371 1593 2457 pectoris
1625 2371 1775 2435 restituta
1807 2370 1963 2449 laudatio,

159 2469 294 2573 {lffiffffi
306 2499 348 2543 ne
364 2477 441 2543 dum
457 2478 488 2541 in
504 2478 687 2564 praeconiis
708 2483 855 2540 mutuum
872 2476 1020 2540 videmur
1041 2476 1187 2556 scabere,
1212 2475 1407 2540 adulationis
1430 2475 1612 2560 suspicione
1634 2475 1799 2561 polluatur
1823 2473 1964 2540 adiectio

304 2586 337 2645 ct
354 2601 444 2644 amor
460 2586 568 2645 currat
584 2581 616 2644 in
632 2581 757 2660 vitium,
782 2579 858 2644 dum
874 2579 964 2660 illud,
989 2579 1074 2665 quod
1090 2579 1175 2666 apud
1193 2579 1273 2642 alios
1289 2579 1447 2644 debemus
1463 2579 1583 2659 facere,
1606 2578 1698 2643 nobis
1713 2578 1962 2664 inconpetenter

304 2684 491 2769 ingerimus.
537 2685 715 2748 amantium
746 2683 832 2747 enim
864 2688 1058 2747 ornamenta
1089 2683 1174 2747 inter
1203 2681 1381 2746 familiares
1410 2682 1548 2768 paginas
1578 2680 1749 2746 retinenda
1776 2686 1867 2761 sunt,
1899 2701 1963 2745 non

304 2785 482 2872 loquenda,
513 2808 554 2852 ne
583 2792 711 2851 tantum
737 2786 952 2852 conscientias
980 2790 1108 2849 nostras
1136 2786 1248 2850 vacuis
1276 2785 1428 2850 sensibus
1455 2784 1615 2850 relatione
1648 2784 1753 2849 laudis
1780 2804 1963 2849 oneremus.

272 2887 380 2954 dsunt
402 2890 458 2954 ubi
481 2889 567 2954 bona
590 2897 661 2970 tua,
685 2896 721 2954 ut
743 2891 831 2976 apud
853 2895 886 2952 te
910 2896 1044 2976 propter
1066 2888 1230 2954 adfectum
1253 2897 1396 2969 taccam,
1420 2888 1538 2968 amice,
1563 2887 1800 2954 concelebrem.
1843 2889 1878 2953 in
1900 2887 1962 2969 his,

302 3013 386 3078 quae
415 2992 456 3057 de
486 2993 634 3079 proiectu
663 3000 719 3058 tuo
748 2993 866 3070 sentio,
901 2994 1088 3079 religiosam
1124 2992 1184 3058 tibi
1217 2998 1344 3057 tantum
1382 2992 1485 3057 debeo
1517 2992 1781 3056 taciturnitatem.
1831 3014 1964 3080 possem

301 3094 430 3180 quidem
455 3097 534 3160 vitia
564 3097 718 3183 temporis
746 3104 877 3161 secutus
904 3095 1020 3161 laudes
1048 3102 1121 3161 tuas
1152 3117 1237 3160 nnnc
1269 3096 1466 3161 inexhausta
1488 3094 1734 3180 praedicatione
1758 3116 1906 3162 reserare
1930 3104 1965 3162 et

300 3203 403 3262 totam
425 3199 580 3284 paginam
603 3199 719 3263 fucatis
742 3200 887 3263 colorare
911 3197 1087 3263 blanditiis.
1125 3197 1183 3262 sed
1200 3199 1286 3263 absit
1301 3198 1362 3262 hoc
1379 3199 1589 3284 aproposito,
1611 3199 1754 3263 facessat
1770 3220 1790 3263 a
1804 3200 1961 3276 moribus,

269 3301 337 3364 3ut
365 3322 462 3385 quem
494 3309 603 3366 mente
635 3308 748 3391 teneo,
781 3302 846 3366 ista
874 3308 1000 3366 tantum
1024 3303 1122 3367 velim
1155 3323 1229 3368 osse
1258 3303 1521 3368 remuneratione
1553 3310 1753 3368 contentum.
1803 3302 1864 3367 tibi
1897 3324 1962 3369 non

299 3402 503 3469 delenificam
528 3406 719 3486 orationem,
743 3405 801 3471 sed
825 3426 939 3470 vocem
964 3405 1068 3470 debeo
1092 3405 1294 3490 castigantis,
1318 3427 1382 3469 non
1406 3405 1465 3470 tibi
1487 3406 1582 3493 pictis
1606 3406 1778 3471 verborum
1802 3406 1955 3471 inludens

298 3507 457 3589 artificiis,
489 3509 547 3574 sed
575 3514 680 3573 toturn
712 3509 873 3596 profunda
901 3514 1011 3574 mente
1035 3514 1067 3572 te
1090 3510 1245 3574 retinens.
1291 3528 1421 3596 possem
1450 3508 1575 3573 dicere:
1607 3509 1649 3574 ad
1671 3530 1780 3574 arcem
1804 3509 1962 3575 scientiae

298 3611 368 3676 sine
386 3617 520 3677 tenerae
536 3613 655 3677 aetatis
670 3612 870 3699 praeiudicio
892 3613 1082 3698 pervenisti,
1106 3633 1265 3676 summam
1283 3611 1491 3697 perfectionis
1515 3610 1655 3698 adeptus
1679 3633 1724 3692 es,
1747 3612 1838 3677 nulla
1861 3612 1963 3678 debes

268 3718 378 3779 doura
411 3714 575 3800 distringi,
613 3715 672 3780 sed
702 3717 796 3781 bonis
827 3717 890 3781 tuis
921 3724 1085 3801 tamquam
1117 3715 1262 3803 locuples
1292 3735 1461 3802 possessor
1489 3716 1606 3780 ornari.
1656 3715 1716 3780 sed
1745 3716 1843 3798 haec,
1878 3717 1963 3781 siout

295 3817 457 3903 praedixi,
482 3840 501 3883 a
524 3840 576 3883 me
599 3820 709 3884 aliena
731 3826 817 3886 sunt.
863 3841 919 3884 ore
943 3826 976 3883 te
999 3821 1145 3906 parentis
1168 3818 1310 3900 stimulo,
1334 3817 1422 3883 dico:
1454 3819 1519 3882 sint
1541 3819 1619 3884 licet
1641 3818 1790 3903 grandia,
1821 3820 1960 3904 quaein

296 3941 378 3984 cano
402 3921 610 4006 eloquentiae
633 3922 713 3988 flore
737 3923 911 4009 polliceris,
935 3943 997 4008 ego
1020 3930 1130 3989 tamen
1153 3924 1214 3988 nisi
1238 3922 1280 3987 de
1304 3943 1408 3987 messe
1425 3943 1491 3987 non
1506 3922 1662 4007 gratulor,
1685 3929 1721 3986 ut
1736 3922 1822 3988 solet
1838 3944 1959 3988 avarus

296 4024 451 4107 agricola,
475 4027 531 4110 qni
554 4026 740 4093 ubertatem
766 4028 842 4091 anni
866 4027 927 4091 nisi
950 4027 983 4091 in
1007 4027 1131 4091 horreis
1155 4048 1219 4090 non
1243 4026 1385 4091 metitur.
1431 4027 1495 4090 iam
1518 4027 1551 4090 in
1574 4033 1608 4090 te
1632 4026 1695 4090 etsi
1718 4047 1783 4091 non
1805 4025 1962 4112 gravidas

297 4126 430 4205 aristas,
461 4128 563 4193 multo
591 4137 703 4194 tamen
725 4128 875 4194 videmus
905 4130 989 4196 lacte
1017 4135 1206 4215 turgentes:
1242 4131 1306 4194 iam
1330 4151 1432 4216 prope
1455 4130 1496 4195 ad
1520 4151 1630 4195 aream
1654 4136 1732 4195 vota
1754 4123 1969 4217 perveniunt.

272 4227 360 4291 baed
383 4229 457 4314 plus
481 4231 661 4297 timendum
685 4239 751 4312 est,
783 4233 933 4318 quotiens
962 4233 1124 4298 desideria
1151 4238 1262 4298 nostra
1285 4255 1361 4319 spes
1383 4233 1490 4297 vicina
1513 4233 1691 4299 succendit.
1735 4233 1849 4299 labora
1880 4254 1961 4320 ergo

299 4331 385 4395 circa
408 4333 526 4413 studia,
550 4336 657 4400 lucem
682 4336 714 4400 in
739 4335 919 4420 conloquiis
942 4337 1053 4421 dilige,
1077 4337 1207 4402 lectioni
1230 4336 1367 4401 devotus
1391 4337 1514 4415 insiste,
1543 4345 1581 4400 ut
1603 4337 1728 4401 fructus
1752 4337 1960 4424 eloquentiae

296 4436 528 4522 multiplicium
552 4446 720 4503 auctorum
744 4440 957 4505 ventilatione
981 4446 1150 4527 purgetur.
1195 4441 1333 4528 pulchra
1356 4444 1431 4503 sunt
1453 4460 1536 4524 quae
1561 4439 1692 4519 scribis,
1717 4440 1775 4505 sed
1799 4462 1860 4527 ego
1883 4463 1957 4506 amo

294 4538 369 4623 plus
391 4539 506 4615 lortia;
539 4542 690 4607 redimita
712 4549 788 4606 sunt
810 4542 962 4625 floribus,
993 4543 1051 4609 sed
1074 4565 1172 4631 poma
1195 4546 1269 4631 plus
1293 4543 1402 4629 diligo.
1447 4544 1553 4625 salve,
1583 4545 1627 4608 mi
1650 4544 1795 4626 domiue,
1820 4546 1960 4611 ethaeo

302 4696 323 4702 -
330 4696 407 4703 ——-
566 4700 651 4706 -—
667 4701 713 4706 --.-

397 4796 566 4865 2progcnies
578 4798 604 4849 B
610 4837 617 4862 ,
640 4802 761 4867 progenie
782 4801 865 4866 m,
887 4806 1017 4872 progeniei
1032 4800 1091 4855 OPo
1213 4800 1230 4853 3
1253 4803 1378 4869 effugiant
1398 4802 1436 4852 Pb
1557 4800 1574 4853 4
1598 4821 1675 4870 quarn
1694 4801 1729 4868 lul
1754 4821 1831 4870 quem
1848 4804 1873 4855 h.
1890 4802 1961 4857 Vho

293 4882 421 4934 lucch¹
498 4883 645 4952 profligare]
664 4888 791 4954 preligare
803 4888 847 4938 Ila
955 4891 1118 4958 bsuperna·
1137 4888 1290 4953 (cerream
1399 4887 1608 4941 haeoommodes
1624 4889 1648 4938 Γ
1754 4888 1769 4940 'l
1789 4892 1911 4943 indentes
1922 4890 1957 4968 B,

294 4971 390 5022 inciens
413 4971 501 5031 Μή,-
527 4972 561 5038 cf.
585 4969 628 5021 Pa.
649 4975 749 5035 148,8
844 4978 993 5043 profugium
1012 4975 1077 5026 P2o
1123 4998 1128 5020 ι
1208 4974 1241 5026 10
1264 4976 1417 5027 conscendet
1438 4975 1534 5040 (—dat
1550 4976 1605 5042 Be)
1624 4977 1663 5039 B,
1694 4978 1838 5029 conmindit
1860 4976 1958 5030 Herm

295 5056 327 5107 11
352 5059 522 5110 reuiuescunt
543 5058 615 5108 Vtu
707 5061 857 5128 multiplicis
874 5063 900 5114 B
1026 5060 1058 5114 12
1082 5063 1138 5113 eius
1160 5080 1210 5113 om.
1235 5058 1299 5112 OPo
1392 5064 1563 5115 incolomitate
1580 5062 1606 5112 B
1732 5061 1766 5113 13
1788 5063 1891 5115 aduerm
1909 5062 1957 5114 B!

296 5150 447 5210 tempestate
464 5144 510 5194 Bc

400 5243 467 5312 [XV]
505 5244 537 5296 14
555 5247 688 5298 Enuodius
701 5249 817 5300 loannib
924 5250 956 5302 15
973 5252 1108 5303 honoraret
1123 5250 1203 5311 ΠΤ,
1223 5249 1395 5301 honoraretB
1412 5251 1537 5314 (coram.
1550 5253 1612 5318 ree.)
1718 5249 1750 5302 16
1767 5250 1956 5304 adolationieB

293 5326 325 5379 18
340 5331 487 5396 ingeremus
499 5332 605 5396 codices,
622 5333 719 5384 enrmd.
734 5332 813 5386 Sirm.
922 5336 953 5388 19
973 5356 1054 5390 saorra
1072 5339 1161 5387 esaum
1226 5354 1361 5388 oneremus
1375 5337 1407 5401 B,
1424 5340 1579 5390 honoremus
1592 5339 1667 5390 ceteri
1770 5335 1804 5389 21
1822 5337 1956 5405 possimB

291 5413 326 5466 ‘2⁶2
343 5417 432 5468 landes
453 5417 522 5485 tuna]
546 5420 621 5470 laude
645 5429 742 5471 statuas
759 5419 799 5469 1⁷⁰
891 5433 917 5474 ct
940 5425 1021 5473 anuh
1164 5422 1199 5474 ‘24
1222 5421 1308 5489 velim]
1331 5424 1425 5475 uellent
1444 5424 1469 5473 B
1555 5422 1715 5491 contentum]
1738 5434 1914 5492 orrrtcmptum
1930 5424 1957 5475 B

290 5499 325 5552 26
344 5503 477 5569 pressiori}
591 5502 625 5554 27
643 5514 730 5556 tenere
742 5505 776 5569 B,
793 5516 880 5559 tenera
897 5508 940 5559 ΓΙ,
1056 5505 1090 5558 29
1107 5510 1192 5562 aliern
1209 5519 1270 5561 sunit
1287 5528 1302 5561 u
1320 5527 1360 5561 mc
1374 5507 1411 5561 Cb
1522 5510 1727 5578 31agneuu13
1839 5508 1875 5562 33
1892 5527 1956 5579 argo

290 5607 343 5641 ons.
360 5586 424 5640 OPo
528 5588 563 5640 32¹»
580 5593 699 5659 pungitur
712 5592 738 5642 B

2017 2392 2042 2431 15
