4500 6232
770 305 1026 362 PANEGYRIGVS
1046 306 1176 362 Drc'rvs
1193 306 1433 363 THEODERICO.
1867 314 1930 376 209

277 477 438 563 puritatis.
485 498 563 542 ecoe
594 478 650 543 ille
677 484 785 543 tectus
815 480 949 545 armatis
979 502 1113 568 campus
1136 482 1254 546 enituit
1276 481 1491 547 humanomm
1516 504 1649 548 ossuum
1672 482 1814 550 candore
1837 483 1930 549 nobi·
1944 486 1984 546 47

276 581 434 644 lissimus!
480 580 654 660 habemus,
685 584 981 667 quotiensretusti
1009 583 1130 649 doloris
1163 605 1341 671 urguemur
1370 587 1528 651 memoria
1550 585 1637 670 qnod
1660 587 1754 652 tucri.
1800 607 1932 653 scenam

278 683 530 770 pulcherrimam
553 691 663 750 servet
686 692 774 751 terra
797 687 957 752 sublimis.
1002 688 1126 754 tamdiu
1149 698 1281 754 maneat
1305 689 1392 775 quod
1414 691 1503 776 passi
1526 697 1617 761 sunt,
1647 688 1801 775 quamdiu
1824 691 1934 756 deleat

279 787 401 852 oblivio
425 787 511 873 quod
533 788 691 854 fecerunt.
736 811 755 852 o
779 792 904 855 utinam
927 792 1101 858 voracibus
1124 792 1275 879 abripere
1297 793 1420 878 aliquid
1444 794 1559 858 bestiis
1582 813 1647 857 non
1676 793 1803 858 liceret!
1848 795 1934 879 perit

215 909 226 945 ⁵
280 888 491 955 desiderabili
515 893 703 976 spectaculo
727 892 813 978 quod
837 892 1073 980 adquisiverint
1094 895 1182 960 furta
1204 895 1385 961 beluarum.

386 1028 445 1092 lx.
480 1029 552 1093 Illic
575 1030 694 1095 vellem
716 1038 754 1096 ut
776 1033 894 1097 astatis
918 1034 1091 1115 inmemor,
1119 1033 1238 1114 Roma,
1272 1056 1474 1100 conmeares.
1521 1036 1550 1098 si
1573 1034 1703 1099 venires
1727 1033 1985 1104 labsantibus48

192 1130 494 1198 contremebunda
515 1133 674 1218 vestigiis,
703 1155 820 1201 aerum
843 1134 964 1221 gaudia
986 1144 1222 1202 conmutarcnt.
1269 1137 1346 1224 quid
1370 1159 1501 1223 semper
1522 1137 1667 1203 delubris
1689 1137 1834 1203 inmersa
1856 1159 1933 1204 con-

279 1236 439 1301 cluderis?
477 1233 529 1300 hio
558 1243 666 1302 actum
698 1247 766 1318 est,
797 1246 834 1304 ut
863 1237 973 1325 plures
1002 1240 1125 1307 habeas
1153 1243 1319 1322 eonsules,
1352 1264 1448 1328 quam
1475 1248 1551 1307 ante
1575 1241 1696 1306 videris
1728 1241 1932 1308 candidatos.

282 1360 423 1426 agnosce
446 1340 654 1405 clementiam
685 1341 805 1407 domini
827 1343 889 1407 tui:
920 1364 1071 1429 saporem
1094 1351 1127 1409 te
1150 1344 1253 1410 voluit
1277 1345 1407 1411 haurire
1431 1345 1684 1432 triumphorum.
1715 1366 1812 1430 quam
1835 1345 1933 1413 dubia

203 1461 227 1498 ¹⁰
280 1443 382 1530 elegit
404 1442 533 1508 nescire
556 1445 781 1509 certaminum.

385 1582 427 1646 X.
464 1581 552 1648 Ecce
575 1582 692 1649 iterum
714 1582 756 1648 ad
779 1582 978 1650 deditionem
1002 1584 1065 1650 sibi
1082 1587 1246 1671 cognitam
1261 1587 1406 1652 hostium
1421 1588 1486 1651 leto
1502 1586 1613 1652 debita
1628 1608 1705 1673 pars
1721 1587 1875 1669 cucurrit,
1899 1592 1986 1653 etse

278 1708 351 1751 cum
375 1686 596 1751 excessissent
612 1688 844 1753 occumbentes
860 1709 1044 1764 numerum,
1067 1688 1109 1754 ad
1125 1691 1295 1755 servitium
1311 1696 1423 1756 tamen
1440 1691 1540 1755 armis
1557 1690 1716 1755 instructa
1730 1689 1934 1755 radiantibus

278 1791 410 1877 agmina
441 1796 673 1855 convenerunt.
724 1791 829 1857 flexus
858 1800 909 1856 est
937 1793 1063 1857 animus
1093 1798 1170 1857 tuus
1197 1814 1318 1878 pronus
1352 1814 1484 1879 semper
1506 1792 1547 1858 ad
1571 1792 1714 1859 veniam:
1754 1793 1935 1874 credidisti,

279 1894 364 1979 quod
393 1892 489 1958 fidem
520 1894 757 1960 adsuescerent
783 1895 972 1982 magisterio
1001 1897 1228 1977 necessitatis,
1260 1918 1356 1981 quam
1386 1917 1562 1982 numquam
1586 1895 1805 1963 exhibuerant
1828 1896 1934 1962 studio

203 2018 226 2056 ιθ
280 1997 474 2063 conciliante
496 1997 710 2084 principibus.
755 2000 897 2065 serravit
920 2008 968 2080 te,
998 2021 1112 2086 regum
1135 2002 1326 2088 praecipuo.
1351 2001 1438 2087 quod
1461 2002 1612 2068 abiecisti
1635 2002 1831 2066 sacramenti
1854 2022 1930 2066 oon·
1945 2009 1986 2068 50

278 2103 413 2169 fidentia
436 2103 630 2168 cautionem.
676 2105 892 2192 pependimus
913 2107 1014 2185 anxii,
1037 2127 1079 2171 ne
1102 2113 1307 2172 mererentur
1329 2127 1410 2190 quos
1433 2104 1475 2171 de
1499 2105 1647 2170 hostibus
1672 2106 1736 2169 tuis
1760 2125 1933 2191 receperas

279 2229 342 2272 non
365 2207 483 2293 perire.
519 2207 642 2292 gratias
665 2208 735 2286 tibi,
757 2207 869 2273 mundi
893 2208 1018 2274 arbiter
1040 2208 1132 2288 deus,
1156 2209 1211 2295 qui
1235 2209 1453 2274 conscientias
1471 2213 1606 2274 veterno
1630 2228 1739 2272 errore
1762 2227 1934 2293 possessas

279 2311 321 2377 ad
351 2311 475 2376 ultores
506 2309 633 2396 gladios
662 2311 820 2398 inpulisti.
866 2312 1007 2398 puderet
1033 2333 1086 2378 ms
1113 2334 1288 2380 recensere
1318 2312 1486 2376 levitatem
1514 2310 1735 2395 originariam,
1769 2310 1833 2375 nisi
1862 2332 1935 2377 eam

279 2414 426 2480 viderem
449 2415 514 2478 tuis
536 2414 688 2480 laudibus
712 2415 960 2500 obsequentem.
998 2416 1075 2502 quid
1099 2415 1270 2482 dissimulo
1293 2422 1388 2502 gesta
1410 2415 1583 2501 persequi?
1622 2414 1719 2479 libuit
1742 2434 1800 2479 eos
1823 2435 1934 2479 rursus
1947 2421 1984 2481 51

202 2535 227 2572 n
281 2517 428 2583 tendenti
459 2519 618 2584 inermem
654 2519 825 2584 dexteram
854 2518 1017 2584 Odovaeri
1053 2541 1154 2605 regna
1187 2520 1346 2606 polliceri.
1394 2519 1536 2583 innotuit
1564 2518 1639 2582 ilico
1668 2517 1767 2582 rebus
1798 2517 1831 2582 in
1862 2518 1936 2583 luce

279 2621 494 2707 deprehensis
518 2621 683 2687 hostilium
707 2643 797 2686 error
812 2622 1004 2689 animorum.
1040 2624 1208 2689 advocasti
1224 2623 1462 2711 providentiam
1480 2628 1612 2687 actuum
1628 2627 1756 2686 tuorum
1773 2623 1935 2704 comitem,

280 2732 313 2789 et
336 2745 377 2789 ne
400 2725 548 2809 inpunita
571 2732 662 2791 osset
684 2724 784 2791 libido
806 2726 1071 2807 discurrentium,
1094 2727 1229 2793 ultionis
1246 2728 1369 2792 vexilla
1392 2725 1582 2791 concutiens
1599 2724 1708 2790 fecisti
1725 2725 1936 2791 consiliorum

279 2827 474 2914 participem
505 2829 538 2892 in
566 2829 701 2894 secretis
724 2831 879 2915 populum
904 2831 969 2896 iam
991 2831 1175 2918 probatum.
1220 2830 1385 2896 neminem
1412 2829 1635 2894 adversarium
1658 2830 1832 2914 agnovisse
1857 2850 1934 2893 con-

278 2931 361 3017 tigit,
384 2930 471 3017 quod
495 2938 604 2996 tecum
626 2954 703 3019 pars
727 2934 839 2999 mundi
862 2937 970 3022 potior
992 2934 1197 3022 disponebat.
1235 2933 1390 2999 mandata
1413 2938 1464 2997 est
1486 2953 1546 3018 per
1566 2932 1722 3016 regiones
1745 2931 1933 2996 disiunctis-

202 3051 227 3089 2’5
281 3034 380 3098 simas
407 3056 473 3099 nex
501 3035 620 3101 votiva.
666 3037 738 3122 quis
770 3036 853 3103 haec
882 3044 1014 3123 praeter
1041 3058 1216 3123 supernam
1239 3037 1443 3100 voluntatem
1470 3033 1646 3121 praestitit,
1675 3041 1712 3097 ut
1740 3034 1837 3098 unius
1867 3034 1985 3099 ietu52

188 3117 209 3158 ν’
224 3110 263 3149 ³⁰⁶
280 3138 434 3224 temporis
457 3139 681 3205 effunderetur
695 3139 834 3206 Romani
859 3142 998 3207 nominis
1021 3141 1132 3206 clades
1155 3141 1253 3224 longa
1274 3146 1457 3224 temporum
1473 3138 1670 3223 inprobitate
1688 3136 1845 3202 collecta?
1880 3136 1933 3201 hic

281 3262 344 3326 quo
367 3263 419 3307 me
444 3250 569 3308 vertam
592 3244 715 3308 neseio.
759 3251 872 3330 gretes
895 3244 1051 3321 referam,
1082 3244 1136 3329 qui
1161 3243 1293 3329 suscepi
1316 3242 1460 3306 officium
1483 3241 1678 3311 laudatoris,
1702 3262 1743 3305 an
1766 3248 1934 3325 arreptum

281 3345 529 3430 praeconiorum
564 3351 693 3411 tuorum
728 3348 790 3412 iter
822 3346 1006 3432 ingrediar?
1056 3352 1250 3432 consumpta
1279 3367 1332 3411 res
1364 3351 1414 3410 est
1449 3365 1606 3430 prospero
1639 3344 1797 3429 fatalique
1831 3343 1933 3410 bello:

281 3447 409 3513 succisa
424 3455 473 3514 est
488 3447 667 3514 Odovacris
687 3451 922 3537 praesumptio,
944 3456 1118 3536 postquam
1142 3469 1217 3513 eum
1241 3448 1375 3532 contigit
1398 3445 1439 3510 de
1462 3447 1594 3511 fallacia
1616 3468 1680 3511 non
1703 3448 1817 3512 iuvari.
1856 3447 1933 3532 quid
1946 3452 1986 3513 53

281 3551 481 3617 Herulorum
510 3554 642 3638 agmina
672 3553 746 3618 fusa
776 3561 1037 3620 conmemorem?
1087 3552 1143 3637 qui
1174 3551 1248 3617 ideo
1279 3551 1437 3615 adversus
1466 3555 1499 3614 tc
1531 3547 1661 3614 deducti
1693 3560 1782 3627 sunt,
1814 3557 1851 3616 ut
1881 3551 1933 3616 hic

280 3664 496 3741 agnoscerent
518 3657 617 3722 etiam
640 3658 673 3722 in
697 3657 835 3743 propriis
859 3657 992 3723 sedibus
1016 3676 1113 3742 quem
1135 3656 1298 3720 timerent.
1344 3653 1411 3738 egit
1435 3673 1552 3717 causas
1574 3653 1692 3738 longao
1716 3655 1834 3739 quietis
1856 3662 1934 3720 tuae

280 3760 370 3824 furor
403 3760 540 3826 alienus.
595 3767 688 3826 taceo
720 3761 777 3827 ubi
811 3761 872 3826 tibi
906 3761 1052 3825 iniuncta
1086 3766 1139 3824 est
1173 3780 1238 3844 pax
1272 3757 1440 3837 diutuma‚
1472 3755 1681 3841 Burgundio,
1720 3756 1851 3842 quando
1886 3757 1986 3825 sicel

280 3862 468 3929 foederibus
492 3865 666 3930 obsecutus
689 3885 737 3945 es,
760 3871 796 3929 ut
818 3863 995 3950 deputetur
1016 3861 1103 3948 quod
1120 3862 1202 3927 rivis
1225 3861 1363 3927 feriatus
1380 3860 1593 3939 constantiae,
1617 3881 1680 3925 non
1698 3861 1820 3946 pavori.
1855 3859 1935 3925 illud

281 3986 410 4052 quoquc
439 3966 511 4053 quis
538 3966 682 4053 patiatur
711 3967 846 4033 notitiae
878 3967 999 4053 perire,
1030 3965 1116 4051 quod
1145 3965 1231 4029 bono
1253 3964 1420 4029 felicitatis
1444 3971 1520 4029 tuae
1542 3964 1770 4029 concurrentia
1791 3963 1876 4028 inter
1899 3984 1935 4029 se

218 4112 222 4122 -
282 4069 422 4134 vidimus
453 4071 522 4137 tela
551 4070 749 4157 perfidorum
778 4077 812 4136 et
840 4070 988 4135 inimicas
1018 4070 1106 4134 acies
1138 4075 1171 4133 ts
1206 4076 1402 4155 occupatum
1436 4069 1469 4132 in
1503 4067 1578 4131 aliis
1612 4068 1666 4154 pia
1701 4067 1936 4154 congressione

282 4172 461 4239 cecidisse?
498 4174 649 4260 quotiens
672 4175 731 4241 tibi
748 4175 825 4240 vicit
848 4175 904 4259 qui
928 4180 1041 4239 contra
1063 4180 1096 4238 te
1121 4180 1305 4258 sumpserat
1321 4178 1397 4236 vota
1420 4169 1606 4257 pugnandi?
1644 4171 1730 4235 dicat
1747 4168 1934 4249 Fridirious,
1947 4177 1988 4237 55

283 4277 337 4362 qui
368 4285 541 4363 postquam
563 4277 662 4343 fidem
685 4279 794 4358 laesit,
825 4277 938 4343 hostes
960 4285 1035 4343 tues
1058 4276 1193 4343 interitu
1217 4275 1392 4341 comitatus
1415 4281 1481 4355 est,
1510 4280 1623 4339 contra
1645 4273 1719 4339 illos
1743 4294 1835 4339 arma
1857 4293 1934 4339 con-

387 4572 399 4623 l
421 4574 539 4641 puritstis
556 4573 589 4637 B,
613 4574 729 4625 ueritstis
746 4572 822 4624 ocari
925 4572 1021 4624 oedum
1044 4568 1103 4621 Tu>
1240 4567 1258 4620 2
1282 4571 1380 4622 octiens
1398 4568 1424 4619 B
1526 4569 1626 4621 dolores
1643 4568 1669 4619 B
1772 4586 1895 4635 urgemur
1917 4568 1941 4617 V

283 4660 363 4710 tueris
379 4677 470 4712 canam
483 4659 509 4710 B
615 4657 633 4710 3
651 4668 719 4711 tarra
735 4657 860 4709 sublimis.
880 4657 977 4710 tamdiu
989 4656 1023 4720 Β,
1038 4665 1113 4709 tarra
1132 4657 1256 4708 sublimes
1273 4657 1370 4708 tamdiu
1382 4655 1457 4707 ceteri
1563 4653 1581 4706 4
1599 4657 1694 4708 besteis
1705 4655 1731 4705 Β
1837 4654 1855 4706 5
1872 4655 1936 4706 desi·

282 4745 402 4797 derabilis
420 4745 425 4810 1
445 4745 573 4812 pietaculo
594 4745 617 4808 (s
635 4744 792 4811 conmonuit
812 4761 882 4795 mose.
899 4741 925 4808 2)
944 4742 969 4793 B
1111 4740 1128 4793 6
1151 4743 1239 4795 uellirn
1256 4742 1281 4792 B
1384 4758 1540 4794 mmmsaras
1560 4739 1627 4803 W,
1654 4741 1796 4793 oonmsaria
1810 4739 1843 4803 B,
1869 4758 1936 4791 com·

284 4832 376 4882 maaria
393 4832 469 4882 ceteri
546 4847 654 4883 ueneras
665 4830 692 4881 Β
768 4829 929 4896 lapsantibus
946 4827 970 4877 V
1079 4824 1095 4877 'l
1112 4828 1276 4881 tremibunda
1286 4827 1312 4879 Β
1423 4826 1441 4877 8
1458 4828 1559 4880 uideres
1574 4826 1619 4877 Vs
1625 4825 1774 4877 T¹MUFD
1850 4827 1936 4877 caudi

283 4916 395 4968 datusB
533 4914 550 4966 9
567 4917 660 4969 dubiss
675 4914 680 4981 Ι
695 4917 760 4984 ligat
774 4915 799 4966 B
938 4911 973 4965 10
995 4931 1071 4980 quom
1094 4914 1260 4967 amantibus
1282 4914 1361 4981 elegit
1377 4932 1403 4966 n.
1417 4912 1528 4965 MUFD
1667 4911 1699 4964 ll
1717 4913 1751 4965 sd
1772 4909 1936 4977 deditionem]

283 5003 445 5055 adiditionsm
463 5004 499 5066 (id
516 5004 544 5054 ia
556 5002 604 5065 lis)
616 5001 641 5052 B
744 5001 777 5053 15
793 4998 829 5068 ts]
848 5019 904 5068 sup.
916 5017 931 5052 s
942 5017 1009 5067 opes
1026 4999 1132 5067 quidam
1149 5001 1177 5053 ia
1189 5000 1215 5051 Β
1231 5009 1260 5052 as
1278 5000 1379 5066 saepias
1396 5001 1425 5051 ia
1441 5000 1571 5052 matam
1588 4998 1779 5066 nsoaosyllabs's,
1797 4998 1937 5064 temporat

286 5086 318 5137 16
341 5088 466 5154 reciperas
482 5088 508 5139 B
648 5085 679 5139 l'l
702 5086 810 5152 dapsilis!
824 5087 837 5154 ΙΙ
851 5087 877 5138 Β
980 5089 1151 5141 conscientias
1174 5085 1245 5155 po,
1271 5088 1427 5139 conscientia
1450 5086 1547 5138 codices
1651 5081 1767 5151 veterno]
1791 5091 1895 5137 aterno
1912 5082 1938 5135 Β

284 5190 414 5240 possessas
431 5172 508 5237 Br2,
537 5191 666 5242 possessos
688 5175 764 5227 essert
903 5174 936 5227 18
957 5177 1061 5244 gladius
1079 5174 1105 5225 Β
1241 5171 1277 5225 20
1298 5174 1430 5226 dexteram
1447 5172 1480 5236 B,
1507 5172 1623 5224 dextram
1645 5171 1721 5224 ceteri
1827 5171 1896 5222 illico
1912 5169 1938 5220 Β

284 5259 318 5311 22
336 5262 455 5328 inpunita
471 5259 550 5329 asset]
571 5262 701 5329 inpunitos
718 5261 763 5314 ssd
775 5260 820 5312 Βιι
900 5260 1005 5330 vexills]
1028 5263 1075 5314 nix
1092 5262 1139 5315 ills
1150 5260 1176 5311 B
1295 5257 1330 5313 23
1348 5261 1463 5325 contigat
1473 5259 1498 5310 B
1618 5256 1653 5309 25
1671 5259 1730 5310 nexi
1742 5257 1768 5307 Β
1816 5264 1822 5271 “
1847 5257 1938 5325 uolup-

284 5355 362 5399 tatem
379 5346 423 5397 Vl,
531 5346 566 5399 26
583 5347 701 5400 oladisB
807 5345 841 5398 21
859 5347 994 5416 grmoep⁴
1010 5349 1039 5400 ia
1055 5366 1114 5415 mg,
1130 5348 1212 5416 gratis
1230 5348 1298 5411 libri,
1313 5347 1423 5414 grsdrm
1435 5344 1514 5396 sinn.
1584 5343 1718 5411 suscipiB
1826 5340 1862 5394 29
1878 5360 1938 5395 con·

284 5433 386 5500 tigctB
479 5432 515 5486 ³0
531 5430 597 5500 ideo]
616 5434 642 5485 id
660 5434 728 5486 ceB
822 5432 857 5486 32
873 5435 997 5487 diutnms
1013 5433 1040 5499 (d
1057 5433 1181 5498 asma
1275 5431 1310 5484 33
1327 5430 1494 5500 deputiturB
1554 5428 1667 5482 uinosB
1761 5426 1796 5481 34
1814 5427 1939 5482 bono-B

284 5518 320 5572 35
337 5517 397 5585 tals]
416 5520 489 5572 hssts
504 5520 554 5584 V0,
571 5519 622 5572 del.
639 5528 664 5572 et
679 5520 732 5572 tels
747 5537 804 5587 sap.
816 5520 862 5572 lia.
881 5537 949 5574 corr.
966 5519 1006 5570 l'b
1115 5517 1151 5572 36
1168 5519 1341 5571 Friderieusb
1445 5512 1479 5567 37
1497 5516 1577 5567 hostis
1594 5513 1738 5568 tnusBVl

388 5645 525 5704 tarmus.
1696 5640 1730 5696 117
