<?xml version="1.0" encoding="UTF-8"?>
<!DOCTYPE html PUBLIC "-//W3C//DTD XHTML 1.0 Transitional//EN"
    "http://www.w3.org/TR/xhtml1/DTD/xhtml1-transitional.dtd">
<html xmlns="http://www.w3.org/1999/xhtml" xml:lang="en" lang="en">
 <head>
  <title>
</title>
<meta http-equiv="Content-Type" content="text/html;charset=utf-8" />
  <meta name='ocr-system' content='tesseract 3.04.00' />
  <meta name='ocr-capabilities' content='ocr_page ocr_carea ocr_par ocr_line ocrx_word'/>
</head>
<body>
  <div class='ocr_page' id='page_1' title='image "./magnifelicisenn00vogegoog_0068.png"; bbox 0 0 4500 6232; ppageno 0'>
   <div class='ocr_carea' id='block_1_1' title="bbox 811 659 1558 879">
    <p class='ocr_par' dir='ltr' id='par_1_1' title="bbox 811 659 1558 879">
     <span class='ocr_line' id='line_1_1' title="bbox 934 659 1436 741; baseline 0.002 -2"><span class='ocrx_word' id='word_1_1' title='bbox 934 659 1185 740; x_wconf 76' lang='lat' dir='ltr'>FLOIIIANI</span> <span class='ocrx_word' id='word_1_2' title='bbox 1209 659 1436 741; x_wconf 84' lang='lat' dir='ltr'><strong>ABBATIS</strong></span> 
     </span>
     <span class='ocr_line' id='line_1_2' title="bbox 811 799 1558 879; baseline 0.001 -1"><span class='ocrx_word' id='word_1_3' title='bbox 811 799 1036 879; x_wconf 80' lang='lat' dir='ltr'>EPISTVLA</span> <span class='ocrx_word' id='word_1_4' title='bbox 1061 800 1121 878; x_wconf 84' lang='lat' dir='ltr'>Ab</span> <span class='ocrx_word' id='word_1_5' title='bbox 1146 799 1374 879; x_wconf 75' lang='lat' dir='ltr'>NICETIIIAI</span> <span class='ocrx_word' id='word_1_6' title='bbox 1401 800 1558 879; x_wconf 84' lang='lat' dir='ltr'>I’AI’AII</span> 
     </span>
    </p>
   </div>
   <div class='ocr_carea' id='block_1_2' title="bbox 747 934 1616 1106">
    <p class='ocr_par' dir='ltr' id='par_1_2' title="bbox 747 934 1616 1106">
     <span class='ocr_line' id='line_1_3' title="bbox 747 934 1616 1021; baseline 0.002 -23"><span class='ocrx_word' id='word_1_7' title='bbox 747 944 871 1021; x_wconf 89' lang='lat' dir='ltr'>sumpta</span> <span class='ocrx_word' id='word_1_8' title='bbox 892 958 931 999; x_wconf 86' lang='lat' dir='ltr'>ex</span> <span class='ocrx_word' id='word_1_9' title='bbox 953 934 1061 1000; x_wconf 88' lang='lat' dir='ltr'>codiee</span> <span class='ocrx_word' id='word_1_10' title='bbox 1083 935 1242 1001; x_wconf 88' lang='lat' dir='ltr'>Vaticano</span> <span class='ocrx_word' id='word_1_11' title='bbox 1265 937 1345 1000; x_wconf 88' lang='lat' dir='ltr'>iuter</span> <span class='ocrx_word' id='word_1_12' title='bbox 1366 936 1529 1001; x_wconf 86' lang='lat' dir='ltr'>Palatinos</span> <span class='ocrx_word' id='word_1_13' title='bbox 1553 940 1616 1002; x_wconf 81' lang='grc'>869</span> 
     </span>
     <span class='ocr_line' id='line_1_4' title="bbox 932 1040 1432 1106; baseline 0.006 -4"><span class='ocrx_word' id='word_1_14' title='bbox 932 1040 1006 1103; x_wconf 92' lang='lat' dir='ltr'>olim</span> <span class='ocrx_word' id='word_1_15' title='bbox 1029 1040 1227 1105; x_wconf 75' lang='lat' dir='ltr'>laurissensi</span> <span class='ocrx_word' id='word_1_16' title='bbox 1249 1063 1274 1105; x_wconf 90' lang='lat' dir='ltr'>s.</span> <span class='ocrx_word' id='word_1_17' title='bbox 1295 1041 1432 1106; x_wconf 83' lang='lat' dir='ltr'>Nazarii.</span> 
     </span>
    </p>
   </div>
   <div class='ocr_carea' id='block_1_3' title="bbox 1015 1160 1343 1231">
    <p class='ocr_par' dir='ltr' id='par_1_3' title="bbox 1015 1160 1343 1231">
     <span class='ocr_line' id='line_1_5' title="bbox 1015 1160 1343 1231; baseline -0.003 -17"><span class='ocrx_word' id='word_1_18' title='bbox 1015 1160 1090 1229; x_wconf 82' lang='lat' dir='ltr'>[Vide</span> <span class='ocrx_word' id='word_1_19' title='bbox 1107 1182 1184 1231; x_wconf 87' lang='lat' dir='ltr'>supra</span> <span class='ocrx_word' id='word_1_20' title='bbox 1202 1182 1225 1230; x_wconf 84' lang='lat' dir='ltr'>p.</span> <span class='ocrx_word' id='word_1_21' title='bbox 1238 1163 1343 1228; x_wconf 74' lang='lat' dir='ltr'>XXVI]</span> 
     </span>
    </p>
   </div>
   <div class='ocr_carea' id='block_1_4' title="bbox 488 1311 1867 1485">
    <p class='ocr_par' dir='ltr' id='par_1_4' title="bbox 488 1311 1867 1485">
     <span class='ocr_line' id='line_1_6' title="bbox 488 1311 1867 1380; baseline 0.002 -5"><span class='ocrx_word' id='word_1_22' title='bbox 488 1311 678 1378; x_wconf 80' lang='lat' dir='ltr'><strong>DOMINO</strong></span> <span class='ocrx_word' id='word_1_23' title='bbox 699 1313 789 1380; x_wconf 88' lang='lat' dir='ltr'>SUO</span> <span class='ocrx_word' id='word_1_24' title='bbox 810 1314 1001 1380; x_wconf 84' lang='lat' dir='ltr'>NICETIO</span> <span class='ocrx_word' id='word_1_25' title='bbox 1023 1315 1174 1379; x_wconf 80' lang='lat' dir='ltr'><strong>PAPAE</strong></span> <span class='ocrx_word' id='word_1_26' title='bbox 1193 1314 1459 1380; x_wconf 73' lang='lat' dir='ltr'>amltlnuus</span> <span class='ocrx_word' id='word_1_27' title='bbox 1479 1314 1542 1378; x_wconf 80' lang='lat' dir='ltr'>Ex</span> <span class='ocrx_word' id='word_1_28' title='bbox 1564 1313 1867 1379; x_wconf 83' lang='lat' dir='ltr'><strong>MONASTERIO</strong></span> 
     </span>
     <span class='ocr_line' id='line_1_7' title="bbox 1076 1419 1283 1485; baseline 0.014 -3"><span class='ocrx_word' id='word_1_29' title='bbox 1076 1419 1283 1485; x_wconf 84' lang='lat' dir='ltr'><strong>ROMENO.</strong></span> 
     </span>
    </p>
   </div>
   <div class='ocr_carea' id='block_1_5' title="bbox 291 1516 2159 4041">
    <p class='ocr_par' dir='ltr' id='par_1_5' title="bbox 456 1516 2046 1653">
     <span class='ocr_line' id='line_1_8' title="bbox 456 1516 2046 1653; baseline -0.002 -22"><span class='ocrx_word' id='word_1_30' title='bbox 456 1516 683 1632; x_wconf 83' lang='lat' dir='ltr'><strong>Benedicitur</strong></span> <span class='ocrx_word' id='word_1_31' title='bbox 713 1586 774 1628; x_wconf 81' lang='lat' dir='ltr'>uns</span> <span class='ocrx_word' id='word_1_32' title='bbox 813 1565 936 1630; x_wconf 79' lang='lat' dir='ltr'>trinitas</span> <span class='ocrx_word' id='word_1_33' title='bbox 970 1565 1047 1630; x_wconf 89' lang='lat' dir='ltr'>dens</span> <span class='ocrx_word' id='word_1_34' title='bbox 1081 1575 1200 1645; x_wconf 88' lang='lat' dir='ltr'>noster,</span> <span class='ocrx_word' id='word_1_35' title='bbox 1235 1566 1289 1652; x_wconf 91' lang='lat' dir='ltr'>qni</span> <span class='ocrx_word' id='word_1_36' title='bbox 1325 1590 1382 1632; x_wconf 84' lang='lat' dir='ltr'>vos</span> <span class='ocrx_word' id='word_1_37' title='bbox 1416 1565 1645 1653; x_wconf 84' lang='lat' dir='ltr'>pontificalibus</span> <span class='ocrx_word' id='word_1_38' title='bbox 1682 1564 1800 1627; x_wconf 91' lang='lat' dir='ltr'>meritis</span> <span class='ocrx_word' id='word_1_39' title='bbox 1836 1565 2004 1650; x_wconf 83' lang='lat' dir='ltr'>pontificali</span> <span class='ocrx_word' id='word_1_40' title='bbox 2031 1576 2046 1637; x_wconf 91' lang='lat' dir='ltr'>l</span> 
     </span>
    </p>

    <p class='ocr_par' dir='ltr' id='par_1_6' title="bbox 352 1665 2008 1756">
     <span class='ocr_line' id='line_1_9' title="bbox 352 1665 2008 1756; baseline -0.001 -22"><span class='ocrx_word' id='word_1_41' title='bbox 352 1670 469 1735; x_wconf 73' lang='lat' dir='ltr'>Ioeasit</span> <span class='ocrx_word' id='word_1_42' title='bbox 492 1670 523 1734; x_wconf 92' lang='lat' dir='ltr'>iu</span> <span class='ocrx_word' id='word_1_43' title='bbox 546 1669 676 1747; x_wconf 80' lang='lat' dir='ltr'>vertice,</span> <span class='ocrx_word' id='word_1_44' title='bbox 706 1680 825 1733; x_wconf 91' lang='lat' dir='ltr'>utnon</span> <span class='ocrx_word' id='word_1_45' title='bbox 847 1669 1027 1735; x_wconf 87' lang='lat' dir='ltr'>beatitatem</span> <span class='ocrx_word' id='word_1_46' title='bbox 1056 1671 1193 1756; x_wconf 81' lang='lat' dir='ltr'>dignitas</span> <span class='ocrx_word' id='word_1_47' title='bbox 1222 1670 1277 1735; x_wconf 91' lang='lat' dir='ltr'>sed</span> <span class='ocrx_word' id='word_1_48' title='bbox 1306 1670 1467 1735; x_wconf 80' lang='lat' dir='ltr'>beatitudo</span> <span class='ocrx_word' id='word_1_49' title='bbox 1497 1667 1693 1756; x_wconf 71' lang='lat' dir='ltr'>praecederet</span> <span class='ocrx_word' id='word_1_50' title='bbox 1714 1665 1907 1752; x_wconf 87' lang='lat' dir='ltr'>dignitatem.</span> <span class='ocrx_word' id='word_1_51' title='bbox 1952 1691 2008 1732; x_wconf 91' lang='lat' dir='ltr'>nee</span> 
     </span>
    </p>

    <p class='ocr_par' dir='ltr' id='par_1_7' title="bbox 313 1771 2008 1860">
     <span class='ocr_line' id='line_1_10' title="bbox 313 1771 2008 1860; baseline -0.003 -20"><span class='ocrx_word' id='word_1_52' title='bbox 313 1808 325 1842; x_wconf 75' lang='grc' dir='ltr'>ε,</span> <span class='ocrx_word' id='word_1_53' title='bbox 352 1775 519 1839; x_wconf 87' lang='lat' dir='ltr'>immerito:</span> <span class='ocrx_word' id='word_1_54' title='bbox 549 1797 620 1838; x_wconf 92' lang='lat' dir='ltr'>enm</span> <span class='ocrx_word' id='word_1_55' title='bbox 653 1773 693 1838; x_wconf 90' lang='lat' dir='ltr'>ab</span> <span class='ocrx_word' id='word_1_56' title='bbox 723 1773 848 1837; x_wconf 87' lang='lat' dir='ltr'>ineunte</span> <span class='ocrx_word' id='word_1_57' title='bbox 880 1774 1014 1860; x_wconf 88' lang='lat' dir='ltr'>pueritia</span> <span class='ocrx_word' id='word_1_58' title='bbox 1041 1774 1205 1839; x_wconf 79' lang='lat' dir='ltr'>dominicis</span> <span class='ocrx_word' id='word_1_59' title='bbox 1234 1775 1440 1839; x_wconf 79' lang='lat' dir='ltr'>militaveritis</span> <span class='ocrx_word' id='word_1_60' title='bbox 1468 1774 1499 1836; x_wconf 93' lang='lat' dir='ltr'>in</span> <span class='ocrx_word' id='word_1_61' title='bbox 1529 1773 1655 1850; x_wconf 81' lang='lat' dir='ltr'>castris,</span> <span class='ocrx_word' id='word_1_62' title='bbox 1684 1779 1719 1835; x_wconf 93' lang='lat' dir='ltr'>ut</span> <span class='ocrx_word' id='word_1_63' title='bbox 1747 1771 1822 1834; x_wconf 90' lang='lat' dir='ltr'>illue</span> <span class='ocrx_word' id='word_1_64' title='bbox 1850 1772 1948 1835; x_wconf 89' lang='lat' dir='ltr'>tutius</span> <span class='ocrx_word' id='word_1_65' title='bbox 1976 1782 2008 1835; x_wconf 91' lang='lat' dir='ltr'>et</span> 
     </span>
    </p>

    <p class='ocr_par' dir='ltr' id='par_1_8' title="bbox 319 1876 2159 2275">
     <span class='ocr_line' id='line_1_11' title="bbox 319 1876 2006 1966; baseline -0.001 -24"><span class='ocrx_word' id='word_1_66' title='bbox 319 1897 322 1905; x_wconf 85' lang='lat'>&#39;</span> <span class='ocrx_word' id='word_1_67' title='bbox 352 1876 487 1943; x_wconf 89' lang='lat' dir='ltr'>validius</span> <span class='ocrx_word' id='word_1_68' title='bbox 510 1876 679 1957; x_wconf 89' lang='lat' dir='ltr'>diseeritis,</span> <span class='ocrx_word' id='word_1_69' title='bbox 708 1878 822 1963; x_wconf 87' lang='lat' dir='ltr'>quibus</span> <span class='ocrx_word' id='word_1_70' title='bbox 845 1878 954 1942; x_wconf 88' lang='lat' dir='ltr'>iaculis</span> <span class='ocrx_word' id='word_1_71' title='bbox 977 1880 1187 1965; x_wconf 84' lang='lat' dir='ltr'>intellegibilis</span> <span class='ocrx_word' id='word_1_72' title='bbox 1215 1880 1267 1943; x_wconf 92' lang='lat' dir='ltr'>iIIc</span> <span class='ocrx_word' id='word_1_73' title='bbox 1294 1879 1500 1966; x_wconf 81' lang='lat' dir='ltr'>prosternitur</span> <span class='ocrx_word' id='word_1_74' title='bbox 1522 1877 1687 1954; x_wconf 90' lang='lat' dir='ltr'>Amalehe,</span> <span class='ocrx_word' id='word_1_75' title='bbox 1714 1876 1832 1940; x_wconf 88' lang='lat' dir='ltr'>scilieet</span> <span class='ocrx_word' id='word_1_76' title='bbox 1859 1877 2006 1962; x_wconf 87' lang='lat' dir='ltr'>quoniam</span> 
     </span>
     <span class='ocr_line' id='line_1_12' title="bbox 351 1979 2048 2068; baseline -0.002 -22"><span class='ocrx_word' id='word_1_77' title='bbox 351 1982 472 2068; x_wconf 90' lang='lat' dir='ltr'>etipse</span> <span class='ocrx_word' id='word_1_78' title='bbox 494 1980 649 2045; x_wconf 82' lang='lat' dir='ltr'>victores</span> <span class='ocrx_word' id='word_1_79' title='bbox 676 1981 808 2044; x_wconf 89' lang='lat' dir='ltr'>nemine.</span> <span class='ocrx_word' id='word_1_80' title='bbox 852 1981 899 2044; x_wconf 92' lang='lat' dir='ltr'>sic</span> <span class='ocrx_word' id='word_1_81' title='bbox 925 1982 1007 2045; x_wconf 89' lang='lat' dir='ltr'>enim</span> <span class='ocrx_word' id='word_1_82' title='bbox 1035 1984 1110 2045; x_wconf 88' lang='lat' dir='ltr'>estis</span> <span class='ocrx_word' id='word_1_83' title='bbox 1137 1981 1196 2046; x_wconf 93' lang='lat' dir='ltr'>deo</span> <span class='ocrx_word' id='word_1_84' title='bbox 1219 1983 1360 2067; x_wconf 85' lang='lat' dir='ltr'>praesule</span> <span class='ocrx_word' id='word_1_85' title='bbox 1383 1982 1534 2046; x_wconf 87' lang='lat' dir='ltr'>institutis</span> <span class='ocrx_word' id='word_1_86' title='bbox 1562 1980 1794 2044; x_wconf 81' lang='lat' dir='ltr'>coenobialibus</span> <span class='ocrx_word' id='word_1_87' title='bbox 1816 1979 1943 2059; x_wconf 89' lang='lat' dir='ltr'>eruditi,</span> <span class='ocrx_word' id='word_1_88' title='bbox 1971 1989 2006 2044; x_wconf 94' lang='lat' dir='ltr'>ut</span> <span class='ocrx_word' id='word_1_89' title='bbox 2028 1988 2048 2050; x_wconf 84' lang='lat'><strong>2</strong></span> 
     </span>
     <span class='ocr_line' id='line_1_13' title="bbox 350 2083 2005 2171; baseline -0.001 -22"><span class='ocrx_word' id='word_1_90' title='bbox 350 2108 406 2171; x_wconf 88' lang='lat' dir='ltr'>per</span> <span class='ocrx_word' id='word_1_91' title='bbox 433 2107 517 2149; x_wconf 88' lang='lat' dir='ltr'>mare</span> <span class='ocrx_word' id='word_1_92' title='bbox 542 2083 657 2148; x_wconf 86' lang='lat' dir='ltr'>saeculi</span> <span class='ocrx_word' id='word_1_93' title='bbox 688 2083 754 2147; x_wconf 90' lang='lat' dir='ltr'>sine</span> <span class='ocrx_word' id='word_1_94' title='bbox 781 2084 972 2148; x_wconf 88' lang='lat' dir='ltr'>secularibus</span> <span class='ocrx_word' id='word_1_95' title='bbox 1003 2085 1148 2150; x_wconf 87' lang='lat' dir='ltr'>fluctibns</span> <span class='ocrx_word' id='word_1_96' title='bbox 1183 2085 1337 2150; x_wconf 86' lang='lat' dir='ltr'>inoffenso</span> <span class='ocrx_word' id='word_1_97' title='bbox 1365 2086 1497 2169; x_wconf 78' lang='lat' dir='ltr'>vestigio</span> <span class='ocrx_word' id='word_1_98' title='bbox 1530 2084 1701 2148; x_wconf 82' lang='lat' dir='ltr'>transiretis</span> <span class='ocrx_word' id='word_1_99' title='bbox 1729 2094 1761 2147; x_wconf 90' lang='lat' dir='ltr'>et</span> <span class='ocrx_word' id='word_1_100' title='bbox 1788 2083 2005 2169; x_wconf 89' lang='lat' dir='ltr'>triumphalem</span> 
     </span>
     <span class='ocr_line' id='line_1_14' title="bbox 350 2185 2159 2275; baseline 0.002 -22"><span class='ocrx_word' id='word_1_101' title='bbox 350 2189 500 2275; x_wconf 81' lang='lat' dir='ltr'>hymnum</span> <span class='ocrx_word' id='word_1_102' title='bbox 527 2209 597 2250; x_wconf 90' lang='lat' dir='ltr'>curn</span> <span class='ocrx_word' id='word_1_103' title='bbox 629 2185 742 2271; x_wconf 74' lang='lat' dir='ltr'>Moyse</span> <span class='ocrx_word' id='word_1_104' title='bbox 769 2187 880 2251; x_wconf 91' lang='lat' dir='ltr'>merito</span> <span class='ocrx_word' id='word_1_105' title='bbox 908 2189 1105 2252; x_wconf 80' lang='lat' dir='ltr'>concinentes</span> <span class='ocrx_word' id='word_1_106' title='bbox 1137 2198 1305 2268; x_wconf 90' lang='lat' dir='ltr'>,cantemas</span> <span class='ocrx_word' id='word_1_107' title='bbox 1334 2187 1474 2266; x_wconf 82' lang='lat' dir='ltr'>dornino,</span> <span class='ocrx_word' id='word_1_108' title='bbox 1507 2188 1642 2273; x_wconf 83' lang='lat' dir='ltr'>gloriose</span> <span class='ocrx_word' id='word_1_109' title='bbox 1674 2188 1756 2251; x_wconf 92' lang='lat' dir='ltr'>enim</span> <span class='ocrx_word' id='word_1_110' title='bbox 1786 2187 2005 2251; x_wconf 83' lang='lat' dir='ltr'>honorificatus</span> <span class='ocrx_word' id='word_1_111' title='bbox 2020 2209 2091 2253; x_wconf 77' lang='lat' dir='ltr'>sxoa.</span> <span class='ocrx_word' id='word_1_112' title='bbox 2107 2217 2159 2257; x_wconf 75' lang='lat' dir='ltr'>rar</span> 
     </span>
    </p>

    <p class='ocr_par' dir='ltr' id='par_1_9' title="bbox 300 2291 2048 2792">
     <span class='ocr_line' id='line_1_15' title="bbox 300 2291 2004 2378; baseline -0.004 -18"><span class='ocrx_word' id='word_1_113' title='bbox 300 2323 325 2360; x_wconf 81' lang='grc' dir='ltr'>ιο</span> <span class='ocrx_word' id='word_1_114' title='bbox 350 2304 406 2372; x_wconf 82' lang='lat' dir='ltr'>est,</span> <span class='ocrx_word' id='word_1_115' title='bbox 428 2314 541 2378; x_wconf 83' lang='lat' dir='ltr'>equtnn</span> <span class='ocrx_word' id='word_1_116' title='bbox 564 2299 595 2355; x_wconf 93' lang='lat' dir='ltr'>et</span> <span class='ocrx_word' id='word_1_117' title='bbox 617 2313 812 2355; x_wconf 83' lang='lat' dir='ltr'>ascensorem</span> <span class='ocrx_word' id='word_1_118' title='bbox 834 2292 965 2377; x_wconf 90' lang='lat' dir='ltr'>proiecit</span> <span class='ocrx_word' id='word_1_119' title='bbox 995 2293 1025 2355; x_wconf 90' lang='lat' dir='ltr'>in</span> <span class='ocrx_word' id='word_1_120' title='bbox 1049 2299 1149 2357; x_wconf 77' lang='lat' dir='ltr'>maret</span> <span class='ocrx_word' id='word_1_121' title='bbox 1194 2294 1240 2356; x_wconf 86' lang='lat' dir='ltr'>sie</span> <span class='ocrx_word' id='word_1_122' title='bbox 1267 2291 1449 2356; x_wconf 84' lang='lat' dir='ltr'>individuus</span> <span class='ocrx_word' id='word_1_123' title='bbox 1478 2314 1581 2355; x_wconf 84' lang='lat' dir='ltr'>eomes</span> <span class='ocrx_word' id='word_1_124' title='bbox 1605 2291 1731 2370; x_wconf 89' lang='lat' dir='ltr'>Heliae,</span> <span class='ocrx_word' id='word_1_125' title='bbox 1753 2301 1786 2354; x_wconf 91' lang='lat' dir='ltr'>ut</span> <span class='ocrx_word' id='word_1_126' title='bbox 1811 2312 2004 2377; x_wconf 79' lang='lat' dir='ltr'>rrequaqnam</span> 
     </span>
     <span class='ocr_line' id='line_1_16' title="bbox 350 2393 2004 2481; baseline 0.001 -24"><span class='ocrx_word' id='word_1_127' title='bbox 350 2395 494 2460; x_wconf 78' lang='lat' dir='ltr'>‹leserens</span> <span class='ocrx_word' id='word_1_128' title='bbox 519 2394 645 2473; x_wconf 83' lang='lat' dir='ltr'>altiora,</span> <span class='ocrx_word' id='word_1_129' title='bbox 667 2416 729 2478; x_wconf 90' lang='lat' dir='ltr'>qno</span> <span class='ocrx_word' id='word_1_130' title='bbox 752 2393 926 2458; x_wconf 84' lang='lat' dir='ltr'>humilitate</span> <span class='ocrx_word' id='word_1_131' title='bbox 949 2394 1189 2474; x_wconf 73' lang='lat' dir='ltr'>conscenderam,</span> <span class='ocrx_word' id='word_1_132' title='bbox 1212 2395 1294 2459; x_wconf 91' lang='lat' dir='ltr'>unde</span> <span class='ocrx_word' id='word_1_133' title='bbox 1317 2419 1388 2459; x_wconf 92' lang='lat' dir='ltr'>cnm</span> <span class='ocrx_word' id='word_1_134' title='bbox 1411 2395 1561 2481; x_wconf 87' lang='lat' dir='ltr'>apostolis</span> <span class='ocrx_word' id='word_1_135' title='bbox 1583 2394 1614 2457; x_wconf 93' lang='lat' dir='ltr'>in</span> <span class='ocrx_word' id='word_1_136' title='bbox 1638 2403 1775 2458; x_wconf 83' lang='lat' dir='ltr'>rnorrtem</span> <span class='ocrx_word' id='word_1_137' title='bbox 1797 2394 2004 2479; x_wconf 84' lang='lat' dir='ltr'>glorificatum</span> 
     </span>
     <span class='ocr_line' id='line_1_17' title="bbox 349 2496 2048 2585; baseline -0.001 -21"><span class='ocrx_word' id='word_1_138' title='bbox 349 2500 503 2585; x_wconf 85' lang='lat' dir='ltr'>aspiceres</span> <span class='ocrx_word' id='word_1_139' title='bbox 530 2496 691 2561; x_wconf 92' lang='lat' dir='ltr'>dominum</span> <span class='ocrx_word' id='word_1_140' title='bbox 719 2497 916 2562; x_wconf 85' lang='lat' dir='ltr'>salvatorem.</span> <span class='ocrx_word' id='word_1_141' title='bbox 967 2498 1041 2582; x_wconf 87' lang='lat' dir='ltr'>qnia</span> <span class='ocrx_word' id='word_1_142' title='bbox 1067 2498 1162 2583; x_wconf 80' lang='lat' dir='ltr'>igitur</span> <span class='ocrx_word' id='word_1_143' title='bbox 1191 2508 1278 2563; x_wconf 86' lang='lat' dir='ltr'>tauta</span> <span class='ocrx_word' id='word_1_144' title='bbox 1304 2499 1528 2562; x_wconf 83' lang='lat' dir='ltr'>sanctimoniae</span> <span class='ocrx_word' id='word_1_145' title='bbox 1551 2506 1672 2561; x_wconf 81' lang='lat' dir='ltr'>rest-rae</span> <span class='ocrx_word' id='word_1_146' title='bbox 1702 2499 1918 2583; x_wconf 83' lang='lat' dir='ltr'>praerogativa</span> <span class='ocrx_word' id='word_1_147' title='bbox 1940 2498 2048 2562; x_wconf 82' lang='lat' dir='ltr'>suf-3</span> 
     </span>
     <span class='ocr_line' id='line_1_18' title="bbox 349 2601 2003 2688; baseline -0.002 -21"><span class='ocrx_word' id='word_1_148' title='bbox 349 2602 455 2682; x_wconf 83' lang='lat' dir='ltr'>saltat,</span> <span class='ocrx_word' id='word_1_149' title='bbox 482 2624 598 2688; x_wconf 85' lang='lat' dir='ltr'>quaeso</span> <span class='ocrx_word' id='word_1_150' title='bbox 621 2608 657 2664; x_wconf 92' lang='lat' dir='ltr'>nt</span> <span class='ocrx_word' id='word_1_151' title='bbox 679 2623 736 2686; x_wconf 89' lang='lat' dir='ltr'>pro</span> <span class='ocrx_word' id='word_1_152' title='bbox 759 2623 808 2664; x_wconf 91' lang='lat' dir='ltr'>mc</span> <span class='ocrx_word' id='word_1_153' title='bbox 835 2601 888 2686; x_wconf 87' lang='lat' dir='ltr'>qni</span> <span class='ocrx_word' id='word_1_154' title='bbox 917 2601 1095 2687; x_wconf 79' lang='lat' dir='ltr'>inpetrastis</span> <span class='ocrx_word' id='word_1_155' title='bbox 1125 2603 1236 2681; x_wconf 76' lang='lat' dir='ltr'>oretiS,</span> <span class='ocrx_word' id='word_1_156' title='bbox 1264 2603 1410 2688; x_wconf 89' lang='lat' dir='ltr'>quoniam</span> <span class='ocrx_word' id='word_1_157' title='bbox 1441 2601 1518 2665; x_wconf 89' lang='lat' dir='ltr'>dens</span> <span class='ocrx_word' id='word_1_158' title='bbox 1546 2601 1704 2686; x_wconf 84' lang='lat' dir='ltr'>praescius</span> <span class='ocrx_word' id='word_1_159' title='bbox 1732 2601 1922 2680; x_wconf 85' lang='lat' dir='ltr'>sntnromm,</span> <span class='ocrx_word' id='word_1_160' title='bbox 1950 2602 2003 2687; x_wconf 87' lang='lat' dir='ltr'>qni</span> 
     </span>
     <span class='ocr_line' id='line_1_19' title="bbox 348 2704 2004 2792; baseline -0.002 -22"><span class='ocrx_word' id='word_1_161' title='bbox 348 2707 420 2770; x_wconf 78' lang='lat' dir='ltr'>fecit</span> <span class='ocrx_word' id='word_1_162' title='bbox 442 2729 521 2792; x_wconf 87' lang='lat' dir='ltr'>qnae</span> <span class='ocrx_word' id='word_1_163' title='bbox 544 2714 675 2770; x_wconf 84' lang='lat' dir='ltr'>ventura</span> <span class='ocrx_word' id='word_1_164' title='bbox 697 2713 779 2783; x_wconf 88' lang='lat' dir='ltr'>snut,</span> <span class='ocrx_word' id='word_1_165' title='bbox 801 2705 902 2768; x_wconf 89' lang='lat' dir='ltr'>sciens</span> <span class='ocrx_word' id='word_1_166' title='bbox 925 2727 974 2768; x_wconf 90' lang='lat' dir='ltr'>me</span> <span class='ocrx_word' id='word_1_167' title='bbox 996 2715 1175 2769; x_wconf 87' lang='lat' dir='ltr'>sanctornm</span> <span class='ocrx_word' id='word_1_168' title='bbox 1197 2706 1314 2770; x_wconf 86' lang='lat' dir='ltr'>solacia</span> <span class='ocrx_word' id='word_1_169' title='bbox 1343 2705 1480 2789; x_wconf 74' lang='lat' dir='ltr'>indigere</span> <span class='ocrx_word' id='word_1_170' title='bbox 1502 2706 1655 2779; x_wconf 83' lang='lat' dir='ltr'>vivorum,</span> <span class='ocrx_word' id='word_1_171' title='bbox 1679 2716 1713 2768; x_wconf 92' lang='lat' dir='ltr'>nt</span> <span class='ocrx_word' id='word_1_172' title='bbox 1735 2705 1836 2769; x_wconf 88' lang='lat' dir='ltr'>bonus</span> <span class='ocrx_word' id='word_1_173' title='bbox 1859 2704 2004 2768; x_wconf 74' lang='lat' dir='ltr'>dontinus</span> 
     </span>
    </p>

    <p class='ocr_par' dir='ltr' id='par_1_10' title="bbox 297 2810 693 2898">
     <span class='ocr_line' id='line_1_20' title="bbox 297 2810 693 2898; baseline -0.013 -19"><span class='ocrx_word' id='word_1_174' title='bbox 297 2843 321 2880; x_wconf 80' lang='lat' dir='ltr'>rs</span> <span class='ocrx_word' id='word_1_175' title='bbox 349 2810 546 2898; x_wconf 82' lang='lat' dir='ltr'>praeparavit</span> <span class='ocrx_word' id='word_1_176' title='bbox 568 2810 693 2875; x_wconf 87' lang='lat' dir='ltr'>auxilia.</span> 
     </span>
    </p>

    <p class='ocr_par' dir='ltr' id='par_1_11' title="bbox 346 2912 2045 3312">
     <span class='ocr_line' id='line_1_21' title="bbox 450 2912 2045 3001; baseline -0.001 -21"><span class='ocrx_word' id='word_1_177' title='bbox 450 2913 538 2981; x_wconf 85' lang='lat' dir='ltr'>Vide</span> <span class='ocrx_word' id='word_1_178' title='bbox 560 2937 634 3000; x_wconf 84' lang='lat' dir='ltr'>ergo</span> <span class='ocrx_word' id='word_1_179' title='bbox 657 2915 781 3000; x_wconf 88' lang='lat' dir='ltr'>quantis</span> <span class='ocrx_word' id='word_1_180' title='bbox 802 2912 999 2979; x_wconf 88' lang='lat' dir='ltr'>adiutoribus</span> <span class='ocrx_word' id='word_1_181' title='bbox 1023 2915 1134 2995; x_wconf 87' lang='lat' dir='ltr'>uteris,</span> <span class='ocrx_word' id='word_1_182' title='bbox 1156 2937 1226 2980; x_wconf 91' lang='lat' dir='ltr'>cnm</span> <span class='ocrx_word' id='word_1_183' title='bbox 1250 2938 1299 2980; x_wconf 91' lang='lat' dir='ltr'>me</span> <span class='ocrx_word' id='word_1_184' title='bbox 1322 2914 1460 3001; x_wconf 77' lang='lat' dir='ltr'>emporis</span> <span class='ocrx_word' id='word_1_185' title='bbox 1483 2915 1660 2979; x_wconf 86' lang='lat' dir='ltr'>obsecrare:</span> <span class='ocrx_word' id='word_1_186' title='bbox 1692 2924 1817 2978; x_wconf 88' lang='lat' dir='ltr'>sanetae</span> <span class='ocrx_word' id='word_1_187' title='bbox 1839 2914 2004 2978; x_wconf 88' lang='lat' dir='ltr'>memoriae</span> <span class='ocrx_word' id='word_1_188' title='bbox 2025 2915 2045 2978; x_wconf 76' lang='lat' dir='ltr'>I</span> 
     </span>
     <span class='ocr_line' id='line_1_22' title="bbox 347 3008 2003 3105; baseline 0 -23"><span class='ocrx_word' id='word_1_189' title='bbox 347 3017 496 3082; x_wconf 90' lang='lat' dir='ltr'>domnum</span> <span class='ocrx_word' id='word_1_190' title='bbox 518 3008 736 3085; x_wconf 82' lang='lat' dir='ltr'>ENNODIV</span> <span class='ocrx_word' id='word_1_191' title='bbox 738 3018 775 3082; x_wconf 91' lang='lat' dir='ltr'>M</span> <span class='ocrx_word' id='word_1_192' title='bbox 798 3019 975 3105; x_wconf 84' lang='lat' dir='ltr'>pontificem</span> <span class='ocrx_word' id='word_1_193' title='bbox 997 3018 1172 3085; x_wconf 87' lang='lat' dir='ltr'>Tieinensis</span> <span class='ocrx_word' id='word_1_194' title='bbox 1199 3020 1360 3098; x_wconf 85' lang='lat' dir='ltr'>ecelesiae,</span> <span class='ocrx_word' id='word_1_195' title='bbox 1387 3019 1439 3105; x_wconf 88' lang='lat' dir='ltr'>qni</span> <span class='ocrx_word' id='word_1_196' title='bbox 1463 3018 1604 3104; x_wconf 84' lang='lat' dir='ltr'>gerrerosi</span> <span class='ocrx_word' id='word_1_197' title='bbox 1627 3018 1788 3102; x_wconf 86' lang='lat' dir='ltr'>sanguinis</span> <span class='ocrx_word' id='word_1_198' title='bbox 1811 3018 2003 3084; x_wconf 88' lang='lat' dir='ltr'>nobilitatem</span> 
     </span>
     <span class='ocr_line' id='line_1_23' title="bbox 346 3121 2003 3210; baseline 0 -25"><span class='ocrx_word' id='word_1_199' title='bbox 346 3121 520 3186; x_wconf 84' lang='lat' dir='ltr'>bumilitate</span> <span class='ocrx_word' id='word_1_200' title='bbox 542 3122 704 3208; x_wconf 87' lang='lat' dir='ltr'>praevexit</span> <span class='ocrx_word' id='word_1_201' title='bbox 726 3121 765 3186; x_wconf 91' lang='lat' dir='ltr'>ad</span> <span class='ocrx_word' id='word_1_202' title='bbox 788 3122 934 3207; x_wconf 85' lang='lat' dir='ltr'>gloriam,</span> <span class='ocrx_word' id='word_1_203' title='bbox 962 3133 994 3186; x_wconf 89' lang='lat' dir='ltr'>ut</span> <span class='ocrx_word' id='word_1_204' title='bbox 1026 3123 1057 3186; x_wconf 94' lang='lat' dir='ltr'>in</span> <span class='ocrx_word' id='word_1_205' title='bbox 1085 3123 1226 3189; x_wconf 86' lang='lat' dir='ltr'>caelestis</span> <span class='ocrx_word' id='word_1_206' title='bbox 1250 3124 1368 3210; x_wconf 89' lang='lat' dir='ltr'>patriae</span> <span class='ocrx_word' id='word_1_207' title='bbox 1397 3134 1505 3188; x_wconf 88' lang='lat' dir='ltr'>senato</span> <span class='ocrx_word' id='word_1_208' title='bbox 1528 3125 1612 3187; x_wconf 88' lang='lat' dir='ltr'>fieret</span> <span class='ocrx_word' id='word_1_209' title='bbox 1634 3132 1666 3186; x_wconf 91' lang='lat' dir='ltr'>et</span> <span class='ocrx_word' id='word_1_210' title='bbox 1687 3123 1729 3187; x_wconf 95' lang='lat' dir='ltr'>ibi</span> <span class='ocrx_word' id='word_1_211' title='bbox 1754 3133 1892 3187; x_wconf 85' lang='lat' dir='ltr'>senator:</span> <span class='ocrx_word' id='word_1_212' title='bbox 1915 3123 2003 3186; x_wconf 65' lang='lat' dir='ltr'>&lt;euim</span> 
     </span>
     <span class='ocr_line' id='line_1_24' title="bbox 346 3225 2003 3312; baseline 0 -23"><span class='ocrx_word' id='word_1_213' title='bbox 346 3225 608 3312; x_wconf 88' lang='lat' dir='ltr'>inconparabilem</span> <span class='ocrx_word' id='word_1_214' title='bbox 637 3225 797 3290; x_wconf 86' lang='lat' dir='ltr'>‹lectriuae</span> <span class='ocrx_word' id='word_1_215' title='bbox 826 3226 1003 3291; x_wconf 86' lang='lat' dir='ltr'>facundiam</span> <span class='ocrx_word' id='word_1_216' title='bbox 1032 3251 1094 3291; x_wconf 78' lang='lat' dir='ltr'>ram</span> <span class='ocrx_word' id='word_1_217' title='bbox 1126 3228 1228 3292; x_wconf 88' lang='lat' dir='ltr'>solnm</span> <span class='ocrx_word' id='word_1_218' title='bbox 1259 3237 1390 3293; x_wconf 87' lang='lat' dir='ltr'>testatur</span> <span class='ocrx_word' id='word_1_219' title='bbox 1419 3227 1563 3292; x_wconf 89' lang='lat' dir='ltr'>occidens</span> <span class='ocrx_word' id='word_1_220' title='bbox 1591 3226 1645 3290; x_wconf 88' lang='lat' dir='ltr'>sed</span> <span class='ocrx_word' id='word_1_221' title='bbox 1675 3236 1704 3290; x_wconf 91' lang='lat' dir='ltr'>et</span> <span class='ocrx_word' id='word_1_222' title='bbox 1728 3227 1830 3290; x_wconf 81' lang='lat' dir='ltr'>orium</span> <span class='ocrx_word' id='word_1_223' title='bbox 1853 3227 2003 3289; x_wconf 87' lang='lat' dir='ltr'>instructa</span> 
     </span>
    </p>

    <p class='ocr_par' dir='ltr' id='par_1_12' title="bbox 293 3328 2044 3833">
     <span class='ocr_line' id='line_1_25' title="bbox 293 3328 2003 3417; baseline 0.001 -25"><span class='ocrx_word' id='word_1_224' title='bbox 293 3368 319 3408; x_wconf 68' lang='lat'>20</span> <span class='ocrx_word' id='word_1_225' title='bbox 346 3329 486 3393; x_wconf 88' lang='lat' dir='ltr'>miratur:</span> <span class='ocrx_word' id='word_1_226' title='bbox 517 3329 654 3393; x_wconf 84' lang='lat' dir='ltr'>Nestorii</span> <span class='ocrx_word' id='word_1_227' title='bbox 686 3328 817 3408; x_wconf 84' lang='lat' dir='ltr'>fulmen,</span> <span class='ocrx_word' id='word_1_228' title='bbox 851 3329 973 3394; x_wconf 85' lang='lat' dir='ltr'>Enticis</span> <span class='ocrx_word' id='word_1_229' title='bbox 1001 3331 1166 3410; x_wconf 81' lang='lat' dir='ltr'>extinctor,</span> <span class='ocrx_word' id='word_1_230' title='bbox 1201 3331 1369 3417; x_wconf 85' lang='lat' dir='ltr'>gloriosam</span> <span class='ocrx_word' id='word_1_231' title='bbox 1402 3331 1562 3395; x_wconf 80' lang='lat' dir='ltr'>‹lorrrirmm</span> <span class='ocrx_word' id='word_1_232' title='bbox 1597 3354 1695 3394; x_wconf 87' lang='lat' dir='ltr'>rneam</span> <span class='ocrx_word' id='word_1_233' title='bbox 1729 3330 2003 3414; x_wconf 78' lang='lat' dir='ltr'>im&#39;iolabilenspte</span> 
     </span>
     <span class='ocr_line' id='line_1_26' title="bbox 344 3433 2001 3521; baseline 0 -25"><span class='ocrx_word' id='word_1_234' title='bbox 344 3433 480 3498; x_wconf 87' lang='lat' dir='ltr'>Mariam</span> <span class='ocrx_word' id='word_1_235' title='bbox 510 3433 730 3499; x_wconf 80' lang='lat' dir='ltr'>Christotoeon</span> <span class='ocrx_word' id='word_1_236' title='bbox 759 3442 790 3497; x_wconf 91' lang='lat' dir='ltr'>et</span> <span class='ocrx_word' id='word_1_237' title='bbox 812 3433 995 3499; x_wconf 86' lang='lat' dir='ltr'>Theotoeon</span> <span class='ocrx_word' id='word_1_238' title='bbox 1024 3435 1198 3521; x_wconf 88' lang='lat' dir='ltr'>apostolica</span> <span class='ocrx_word' id='word_1_239' title='bbox 1223 3436 1406 3500; x_wconf 88' lang='lat' dir='ltr'>anctoritate</span> <span class='ocrx_word' id='word_1_240' title='bbox 1435 3435 1606 3521; x_wconf 87' lang='lat' dir='ltr'>perdocuit.</span> <span class='ocrx_word' id='word_1_241' title='bbox 1651 3435 1718 3521; x_wconf 88' lang='lat' dir='ltr'>ipsc</span> <span class='ocrx_word' id='word_1_242' title='bbox 1745 3456 1819 3518; x_wconf 84' lang='lat' dir='ltr'>ergo</span> <span class='ocrx_word' id='word_1_243' title='bbox 1846 3455 1932 3497; x_wconf 75' lang='lat' dir='ltr'>tricus</span> <span class='ocrx_word' id='word_1_244' title='bbox 1954 3442 2001 3496; x_wconf 84' lang='lat' dir='ltr'>est</span> 
     </span>
     <span class='ocr_line' id='line_1_27' title="bbox 345 3536 2044 3626; baseline -0.001 -25"><span class='ocrx_word' id='word_1_245' title='bbox 345 3546 433 3624; x_wconf 89' lang='lat' dir='ltr'>pater</span> <span class='ocrx_word' id='word_1_246' title='bbox 454 3560 493 3602; x_wconf 86' lang='lat' dir='ltr'>ex</span> <span class='ocrx_word' id='word_1_247' title='bbox 515 3538 650 3617; x_wconf 82' lang='lat' dir='ltr'>lavacro,</span> <span class='ocrx_word' id='word_1_248' title='bbox 673 3560 766 3624; x_wconf 90' lang='lat' dir='ltr'>qnem</span> <span class='ocrx_word' id='word_1_249' title='bbox 790 3536 882 3601; x_wconf 84' lang='lat' dir='ltr'>credo</span> <span class='ocrx_word' id='word_1_250' title='bbox 905 3536 990 3625; x_wconf 90' lang='lat' dir='ltr'>apud</span> <span class='ocrx_word' id='word_1_251' title='bbox 1012 3549 1152 3603; x_wconf 89' lang='lat' dir='ltr'>ctemnm</span> <span class='ocrx_word' id='word_1_252' title='bbox 1175 3549 1293 3625; x_wconf 88' lang='lat' dir='ltr'>patrem</span> <span class='ocrx_word' id='word_1_253' title='bbox 1318 3563 1372 3626; x_wconf 90' lang='lat' dir='ltr'>per</span> <span class='ocrx_word' id='word_1_254' title='bbox 1391 3540 1489 3603; x_wconf 91' lang='lat' dir='ltr'>lilium</span> <span class='ocrx_word' id='word_1_255' title='bbox 1514 3539 1698 3603; x_wconf 88' lang='lat' dir='ltr'>intervenire</span> <span class='ocrx_word' id='word_1_256' title='bbox 1717 3560 1774 3623; x_wconf 91' lang='lat' dir='ltr'>pro</span> <span class='ocrx_word' id='word_1_257' title='bbox 1796 3537 1870 3601; x_wconf 85' lang='lat' dir='ltr'>lilio.</span> <span class='ocrx_word' id='word_1_258' title='bbox 1901 3536 1956 3600; x_wconf 85' lang='lat' dir='ltr'>sed</span> <span class='ocrx_word' id='word_1_259' title='bbox 1971 3546 2002 3600; x_wconf 87' lang='lat' dir='ltr'>et</span> <span class='ocrx_word' id='word_1_260' title='bbox 2024 3544 2044 3606; x_wconf 82' lang='lat'>5</span> 
     </span>
     <span class='ocr_line' id='line_1_28' title="bbox 344 3641 2001 3727; baseline 0 -22"><span class='ocrx_word' id='word_1_261' title='bbox 344 3659 476 3706; x_wconf 72' lang='lat' dir='ltr'>eontnae</span> <span class='ocrx_word' id='word_1_262' title='bbox 498 3652 619 3706; x_wconf 86' lang='lat' dir='ltr'>vestrae</span> <span class='ocrx_word' id='word_1_263' title='bbox 641 3641 760 3705; x_wconf 88' lang='lat' dir='ltr'>socium</span> <span class='ocrx_word' id='word_1_264' title='bbox 784 3641 891 3706; x_wconf 91' lang='lat' dir='ltr'>beatae</span> <span class='ocrx_word' id='word_1_265' title='bbox 913 3644 1079 3706; x_wconf 88' lang='lat' dir='ltr'>memoriae</span> <span class='ocrx_word' id='word_1_266' title='bbox 1101 3642 1250 3707; x_wconf 92' lang='lat' dir='ltr'>domnum</span> <span class='ocrx_word' id='word_1_267' title='bbox 1274 3644 1456 3708; x_wconf 82' lang='lat' dir='ltr'>Caesarium</span> <span class='ocrx_word' id='word_1_268' title='bbox 1480 3643 1693 3707; x_wconf 86' lang='lat' dir='ltr'>Arelatensem</span> <span class='ocrx_word' id='word_1_269' title='bbox 1722 3641 1920 3727; x_wconf 82' lang='lat' dir='ltr'>episcopum,</span> <span class='ocrx_word' id='word_1_270' title='bbox 1947 3641 2001 3726; x_wconf 71' lang='lat' dir='ltr'>&lt;pn</span> 
     </span>
     <span class='ocr_line' id='line_1_29' title="bbox 344 3743 2000 3833; baseline -0.001 -24"><span class='ocrx_word' id='word_1_271' title='bbox 344 3745 425 3809; x_wconf 88' lang='lat' dir='ltr'>vixit</span> <span class='ocrx_word' id='word_1_272' title='bbox 447 3747 526 3810; x_wconf 89' lang='lat' dir='ltr'>inter</span> <span class='ocrx_word' id='word_1_273' title='bbox 547 3745 696 3810; x_wconf 88' lang='lat' dir='ltr'>barbares</span> <span class='ocrx_word' id='word_1_274' title='bbox 719 3746 805 3830; x_wconf 89' lang='lat' dir='ltr'>pius,</span> <span class='ocrx_word' id='word_1_275' title='bbox 828 3746 908 3810; x_wconf 90' lang='lat' dir='ltr'>inter</span> <span class='ocrx_word' id='word_1_276' title='bbox 929 3746 1011 3810; x_wconf 90' lang='lat' dir='ltr'>bella</span> <span class='ocrx_word' id='word_1_277' title='bbox 1032 3756 1177 3833; x_wconf 89' lang='lat' dir='ltr'>pacatus,</span> <span class='ocrx_word' id='word_1_278' title='bbox 1200 3757 1288 3833; x_wconf 89' lang='lat' dir='ltr'>pater</span> <span class='ocrx_word' id='word_1_279' title='bbox 1309 3747 1503 3826; x_wconf 63' lang='lat' dir='ltr'>(amariorum,</span> <span class='ocrx_word' id='word_1_280' title='bbox 1526 3755 1633 3833; x_wconf 90' lang='lat' dir='ltr'>pastor</span> <span class='ocrx_word' id='word_1_281' title='bbox 1655 3746 1825 3830; x_wconf 87' lang='lat' dir='ltr'>egentium,</span> <span class='ocrx_word' id='word_1_282' title='bbox 1847 3745 1899 3830; x_wconf 85' lang='lat' dir='ltr'>qni</span> <span class='ocrx_word' id='word_1_283' title='bbox 1923 3743 2000 3808; x_wconf 87' lang='lat' dir='ltr'>tant-i</span> 
     </span>
    </p>

    <p class='ocr_par' dir='ltr' id='par_1_13' title="bbox 291 3848 2001 4041">
     <span class='ocr_line' id='line_1_30' title="bbox 291 3848 2001 3938; baseline -0.002 -23"><span class='ocrx_word' id='word_1_284' title='bbox 291 3886 317 3923; x_wconf 61' lang='grc' dir='ltr'>ις,</span> <span class='ocrx_word' id='word_1_285' title='bbox 344 3873 455 3915; x_wconf 80' lang='lat' dir='ltr'>oensrrs</span> <span class='ocrx_word' id='word_1_286' title='bbox 483 3851 635 3916; x_wconf 83' lang='lat' dir='ltr'>effusione</span> <span class='ocrx_word' id='word_1_287' title='bbox 662 3850 706 3914; x_wconf 95' lang='lat' dir='ltr'>nil</span> <span class='ocrx_word' id='word_1_288' title='bbox 734 3849 886 3936; x_wconf 88' lang='lat' dir='ltr'>perdidit,</span> <span class='ocrx_word' id='word_1_289' title='bbox 914 3851 1084 3916; x_wconf 86' lang='lat' dir='ltr'>catholicae</span> <span class='ocrx_word' id='word_1_290' title='bbox 1106 3852 1243 3937; x_wconf 76' lang='lat' dir='ltr'>regulam</span> <span class='ocrx_word' id='word_1_291' title='bbox 1266 3850 1449 3938; x_wconf 88' lang='lat' dir='ltr'>disciplinae</span> <span class='ocrx_word' id='word_1_292' title='bbox 1478 3851 1570 3915; x_wconf 87' lang='lat' dir='ltr'>dictis</span> <span class='ocrx_word' id='word_1_293' title='bbox 1599 3851 1749 3937; x_wconf 87' lang='lat' dir='ltr'>factisque</span> <span class='ocrx_word' id='word_1_294' title='bbox 1775 3848 2001 3913; x_wconf 82' lang='lat' dir='ltr'>‹Iernonstmns</span> 
     </span>
     <span class='ocr_line' id='line_1_31' title="bbox 346 3952 2001 4041; baseline -0.003 -23"><span class='ocrx_word' id='word_1_295' title='bbox 346 3955 412 4040; x_wconf 87' lang='lat' dir='ltr'>ipse</span> <span class='ocrx_word' id='word_1_296' title='bbox 433 3955 529 4040; x_wconf 87' lang='lat' dir='ltr'>igitur</span> <span class='ocrx_word' id='word_1_297' title='bbox 551 3953 626 4019; x_wconf 89' lang='lat' dir='ltr'>mibi</span> <span class='ocrx_word' id='word_1_298' title='bbox 649 3953 755 4018; x_wconf 88' lang='lat' dir='ltr'>latinis</span> <span class='ocrx_word' id='word_1_299' title='bbox 771 3954 931 4019; x_wconf 90' lang='lat' dir='ltr'>elementis</span> <span class='ocrx_word' id='word_1_300' title='bbox 954 3955 1092 4041; x_wconf 88' lang='lat' dir='ltr'>inposuit</span> <span class='ocrx_word' id='word_1_301' title='bbox 1116 3955 1293 4020; x_wconf 85' lang='lat' dir='ltr'>alfabetrun.</span> <span class='ocrx_word' id='word_1_302' title='bbox 1330 3955 1385 4020; x_wconf 90' lang='lat' dir='ltr'>sed</span> <span class='ocrx_word' id='word_1_303' title='bbox 1407 3966 1439 4019; x_wconf 91' lang='lat' dir='ltr'>et</span> <span class='ocrx_word' id='word_1_304' title='bbox 1461 3955 1544 4019; x_wconf 90' lang='lat' dir='ltr'>bunc</span> <span class='ocrx_word' id='word_1_305' title='bbox 1567 3977 1623 4040; x_wconf 93' lang='lat' dir='ltr'>pro</span> <span class='ocrx_word' id='word_1_306' title='bbox 1647 3955 1764 4018; x_wconf 84' lang='lat' dir='ltr'>lanndo</span> <span class='ocrx_word' id='word_1_307' title='bbox 1785 3952 2001 4039; x_wconf 82' lang='lat' dir='ltr'>discipuloque</span> 
     </span>
    </p>
   </div>
   <div class='ocr_carea' id='block_1_6' title="bbox 344 4059 2043 4245">
    <p class='ocr_par' dir='ltr' id='par_1_14' title="bbox 344 4059 2043 4245">
     <span class='ocr_line' id='line_1_32' title="bbox 344 4059 2043 4150; baseline 0 -28"><span class='ocrx_word' id='word_1_308' title='bbox 344 4082 402 4122; x_wconf 88' lang='lat' dir='ltr'>suo</span> <span class='ocrx_word' id='word_1_309' title='bbox 424 4060 590 4147; x_wconf 89' lang='lat' dir='ltr'>impetrare</span> <span class='ocrx_word' id='word_1_310' title='bbox 612 4061 743 4126; x_wconf 84' lang='lat' dir='ltr'>conlido.</span> <span class='ocrx_word' id='word_1_311' title='bbox 778 4061 862 4127; x_wconf 88' lang='lat' dir='ltr'>addo</span> <span class='ocrx_word' id='word_1_312' title='bbox 884 4073 914 4127; x_wconf 91' lang='lat' dir='ltr'>et</span> <span class='ocrx_word' id='word_1_313' title='bbox 931 4064 1065 4142; x_wconf 91' lang='lat' dir='ltr'>tertium,</span> <span class='ocrx_word' id='word_1_314' title='bbox 1089 4064 1226 4150; x_wconf 89' lang='lat' dir='ltr'>inparem</span> <span class='ocrx_word' id='word_1_315' title='bbox 1250 4062 1374 4150; x_wconf 89' lang='lat' dir='ltr'>quidem</span> <span class='ocrx_word' id='word_1_316' title='bbox 1399 4062 1551 4147; x_wconf 79' lang='lat' dir='ltr'>dignitate</span> <span class='ocrx_word' id='word_1_317' title='bbox 1573 4061 1628 4126; x_wconf 86' lang='lat' dir='ltr'>sed</span> <span class='ocrx_word' id='word_1_318' title='bbox 1649 4063 1767 4126; x_wconf 89' lang='lat' dir='ltr'>meritis</span> <span class='ocrx_word' id='word_1_319' title='bbox 1788 4059 1999 4147; x_wconf 87' lang='lat' dir='ltr'>coaequalem:</span> <span class='ocrx_word' id='word_1_320' title='bbox 2023 4060 2043 4122; x_wconf 86' lang='lat' dir='ltr'>o</span> 
     </span>
     <span class='ocr_line' id='line_1_33' title="bbox 344 4164 2002 4245; baseline -0.001 -17"><span class='ocrx_word' id='word_1_321' title='bbox 344 4174 469 4229; x_wconf 87' lang='lat' dir='ltr'>sanctae</span> <span class='ocrx_word' id='word_1_322' title='bbox 498 4167 663 4230; x_wconf 86' lang='lat' dir='ltr'>memoriae</span> <span class='ocrx_word' id='word_1_323' title='bbox 685 4166 882 4231; x_wconf 78' lang='lat' dir='ltr'>Theodotum</span> <span class='ocrx_word' id='word_1_324' title='bbox 905 4167 1176 4233; x_wconf 83' lang='lat' dir='ltr'>abbatem&#39;meum</span> <span class='ocrx_word' id='word_1_325' title='bbox 1199 4176 1231 4232; x_wconf 91' lang='lat' dir='ltr'>et.</span> <span class='ocrx_word' id='word_1_326' title='bbox 1253 4166 1541 4245; x_wconf 89' lang='lat' dir='ltr'>archimandritam,</span> <span class='ocrx_word' id='word_1_327' title='bbox 1572 4166 1688 4231; x_wconf 90' lang='lat' dir='ltr'>saeculi</span> <span class='ocrx_word' id='word_1_328' title='bbox 1716 4165 1809 4230; x_wconf 81' lang='lat' dir='ltr'>ludns</span> <span class='ocrx_word' id='word_1_329' title='bbox 1832 4164 2002 4242; x_wconf 85' lang='lat' dir='ltr'>inimicum,</span> 
     </span>
    </p>
   </div>
   <div class='ocr_carea' id='block_1_7' title="bbox 346 4305 465 4314">
    <p class='ocr_par' dir='ltr' id='par_1_15' title="bbox 346 4305 465 4314">
     <span class='ocr_line' id='line_1_34' title="bbox 346 4305 465 4314; baseline 0.017 -2"><span class='ocrx_word' id='word_1_330' title='bbox 346 4305 465 4314; x_wconf 65' lang='lat'><em>0—--2—</em></span> 
     </span>
    </p>
   </div>
   <div class='ocr_carea' id='block_1_8' title="bbox 343 4386 2000 4896">
    <p class='ocr_par' dir='ltr' id='par_1_16' title="bbox 343 4386 2000 4721">
     <span class='ocr_line' id='line_1_35' title="bbox 446 4386 1999 4462; baseline -0.003 -20"><span class='ocrx_word' id='word_1_331' title='bbox 446 4389 592 4444; x_wconf 86' lang='lat' dir='ltr'>Flerianus</span> <span class='ocrx_word' id='word_1_332' title='bbox 620 4391 667 4445; x_wconf 91' lang='lat' dir='ltr'>hie</span> <span class='ocrx_word' id='word_1_333' title='bbox 692 4391 853 4445; x_wconf 87' lang='lat' dir='ltr'>monasterii</span> <span class='ocrx_word' id='word_1_334' title='bbox 882 4392 998 4447; x_wconf 84' lang='lat' dir='ltr'>Ronreni</span> <span class='ocrx_word' id='word_1_335' title='bbox 1028 4392 1115 4446; x_wconf 91' lang='lat' dir='ltr'>abbas</span> <span class='ocrx_word' id='word_1_336' title='bbox 1140 4422 1171 4433; x_wconf 90' lang='lat'>-</span> <span class='ocrx_word' id='word_1_337' title='bbox 1197 4410 1262 4446; x_wconf 88' lang='lat' dir='ltr'>nam</span> <span class='ocrx_word' id='word_1_338' title='bbox 1286 4393 1345 4462; x_wconf 87' lang='lat' dir='ltr'>ipse</span> <span class='ocrx_word' id='word_1_339' title='bbox 1372 4410 1401 4446; x_wconf 87' lang='lat' dir='ltr'>se</span> <span class='ocrx_word' id='word_1_340' title='bbox 1423 4391 1493 4445; x_wconf 90' lang='lat' dir='ltr'>dicit</span> <span class='ocrx_word' id='word_1_341' title='bbox 1516 4405 1698 4445; x_wconf 82' lang='lat' dir='ltr'>successorem</span> <span class='ocrx_word' id='word_1_342' title='bbox 1727 4387 1864 4442; x_wconf 85' lang='lat' dir='ltr'>Theodoti</span> <span class='ocrx_word' id='word_1_343' title='bbox 1888 4386 1999 4440; x_wconf 88' lang='lat' dir='ltr'>abbatis</span> 
     </span>
     <span class='ocr_line' id='line_1_36' title="bbox 344 4473 1999 4545; baseline -0.002 -18"><span class='ocrx_word' id='word_1_344' title='bbox 344 4478 381 4540; x_wconf 77' lang='lat' dir='ltr'>(v.</span> <span class='ocrx_word' id='word_1_345' title='bbox 398 4493 425 4544; x_wconf 89' lang='lat' dir='ltr'>p.</span> <span class='ocrx_word' id='word_1_346' title='bbox 439 4475 520 4545; x_wconf 74' lang='lat' dir='ltr'>LIII)</span> <span class='ocrx_word' id='word_1_347' title='bbox 543 4507 576 4517; x_wconf 96' lang='lat'>-</span> <span class='ocrx_word' id='word_1_348' title='bbox 602 4478 671 4531; x_wconf 87' lang='lat' dir='ltr'>mihi</span> <span class='ocrx_word' id='word_1_349' title='bbox 694 4478 805 4532; x_wconf 88' lang='lat' dir='ltr'>videtur</span> <span class='ocrx_word' id='word_1_350' title='bbox 826 4479 901 4533; x_wconf 89' lang='lat' dir='ltr'>idem</span> <span class='ocrx_word' id='word_1_351' title='bbox 925 4496 983 4534; x_wconf 85' lang='lat' dir='ltr'>esse</span> <span class='ocrx_word' id='word_1_352' title='bbox 1006 4497 1039 4534; x_wconf 91' lang='lat' dir='ltr'>ae</span> <span class='ocrx_word' id='word_1_353' title='bbox 1064 4480 1209 4534; x_wconf 85' lang='lat' dir='ltr'>Florianus</span> <span class='ocrx_word' id='word_1_354' title='bbox 1238 4481 1287 4534; x_wconf 88' lang='lat' dir='ltr'>ille</span> <span class='ocrx_word' id='word_1_355' title='bbox 1311 4480 1411 4543; x_wconf 86' lang='lat' dir='ltr'>abbas,</span> <span class='ocrx_word' id='word_1_356' title='bbox 1435 4478 1479 4533; x_wconf 91' lang='lat' dir='ltr'>eui</span> <span class='ocrx_word' id='word_1_357' title='bbox 1504 4480 1605 4532; x_wconf 85' lang='lat' dir='ltr'>Arator</span> <span class='ocrx_word' id='word_1_358' title='bbox 1629 4477 1713 4530; x_wconf 86' lang='lat' dir='ltr'>libros</span> <span class='ocrx_word' id='word_1_359' title='bbox 1737 4492 1801 4528; x_wconf 75' lang='lat' dir='ltr'>siros</span> <span class='ocrx_word' id='word_1_360' title='bbox 1827 4474 1861 4527; x_wconf 91' lang='lat' dir='ltr'>de</span> <span class='ocrx_word' id='word_1_361' title='bbox 1890 4473 1999 4527; x_wconf 85' lang='lat' dir='ltr'>actibus</span> 
     </span>
     <span class='ocr_line' id='line_1_37' title="bbox 343 4562 2000 4636; baseline -0.001 -23"><span class='ocrx_word' id='word_1_362' title='bbox 343 4562 531 4630; x_wconf 87' lang='lat' dir='ltr'>apostolorum</span> <span class='ocrx_word' id='word_1_363' title='bbox 550 4581 624 4617; x_wconf 88' lang='lat' dir='ltr'>anno</span> <span class='ocrx_word' id='word_1_364' title='bbox 645 4566 697 4619; x_wconf 73' lang='lat' dir='ltr'>sel</span> <span class='ocrx_word' id='word_1_365' title='bbox 720 4565 863 4619; x_wconf 84' lang='lat' dir='ltr'>dedicavit</span> <span class='ocrx_word' id='word_1_366' title='bbox 881 4566 1017 4631; x_wconf 80' lang='lat' dir='ltr'>(Aratoris</span> <span class='ocrx_word' id='word_1_367' title='bbox 1035 4584 1120 4636; x_wconf 90' lang='lat' dir='ltr'>opera</span> <span class='ocrx_word' id='word_1_368' title='bbox 1139 4566 1181 4621; x_wconf 91' lang='lat' dir='ltr'>ed.</span> <span class='ocrx_word' id='word_1_369' title='bbox 1200 4567 1367 4620; x_wconf 87' lang='lat' dir='ltr'>Arntzenius</span> <span class='ocrx_word' id='word_1_370' title='bbox 1388 4567 1452 4619; x_wconf 74' lang='grc'>17119</span> <span class='ocrx_word' id='word_1_371' title='bbox 1472 4584 1498 4635; x_wconf 90' lang='lat' dir='ltr'>p.</span> <span class='ocrx_word' id='word_1_372' title='bbox 1513 4566 1625 4631; x_wconf 77' lang='lat'>1-14).</span> <span class='ocrx_word' id='word_1_373' title='bbox 1648 4562 1779 4632; x_wconf 91' lang='lat' dir='ltr'>quoniam</span> <span class='ocrx_word' id='word_1_374' title='bbox 1804 4567 1833 4614; x_wconf 91' lang='lat' dir='ltr'>et</span> <span class='ocrx_word' id='word_1_375' title='bbox 1852 4563 1953 4614; x_wconf 85' lang='lat' dir='ltr'>Amtor</span> <span class='ocrx_word' id='word_1_376' title='bbox 1970 4564 2000 4612; x_wconf 90' lang='lat' dir='ltr'>et</span> 
     </span>
     <span class='ocr_line' id='line_1_38' title="bbox 343 4647 1663 4721; baseline 0.002 -21"><span class='ocrx_word' id='word_1_377' title='bbox 343 4647 488 4702; x_wconf 78' lang='lat' dir='ltr'>Florianus</span> <span class='ocrx_word' id='word_1_378' title='bbox 506 4648 551 4702; x_wconf 91' lang='lat' dir='ltr'>hic</span> <span class='ocrx_word' id='word_1_379' title='bbox 569 4667 631 4703; x_wconf 88' lang='lat' dir='ltr'>cum</span> <span class='ocrx_word' id='word_1_380' title='bbox 650 4651 778 4705; x_wconf 85' lang='lat' dir='ltr'>Ennodio</span> <span class='ocrx_word' id='word_1_381' title='bbox 796 4651 989 4707; x_wconf 82' lang='lat' dir='ltr'>Iannliaritate</span> <span class='ocrx_word' id='word_1_382' title='bbox 1008 4653 1150 4707; x_wconf 86' lang='lat' dir='ltr'>coniuncti</span> <span class='ocrx_word' id='word_1_383' title='bbox 1169 4656 1255 4721; x_wconf 82' lang='lat' dir='ltr'>atque</span> <span class='ocrx_word' id='word_1_384' title='bbox 1274 4652 1425 4706; x_wconf 86' lang='lat' dir='ltr'>Mediolani</span> <span class='ocrx_word' id='word_1_385' title='bbox 1445 4651 1555 4705; x_wconf 87' lang='lat' dir='ltr'>educati</span> <span class='ocrx_word' id='word_1_386' title='bbox 1576 4653 1663 4703; x_wconf 74' lang='lat' dir='ltr'>errant.</span> 
     </span>
    </p>

    <p class='ocr_par' dir='ltr' id='par_1_17' title="bbox 343 4734 1998 4896">
     <span class='ocr_line' id='line_1_39' title="bbox 447 4734 1996 4808; baseline -0.001 -20"><span class='ocrx_word' id='word_1_387' title='bbox 447 4735 569 4790; x_wconf 79' lang='lat' dir='ltr'>Floriani</span> <span class='ocrx_word' id='word_1_388' title='bbox 588 4737 738 4807; x_wconf 82' lang='lat' dir='ltr'>epistulam</span> <span class='ocrx_word' id='word_1_389' title='bbox 757 4755 789 4791; x_wconf 82' lang='lat' dir='ltr'>ex</span> <span class='ocrx_word' id='word_1_390' title='bbox 814 4737 908 4792; x_wconf 91' lang='lat' dir='ltr'>codiee</span> <span class='ocrx_word' id='word_1_391' title='bbox 927 4739 1057 4793; x_wconf 87' lang='lat' dir='ltr'>Palatino</span> <span class='ocrx_word' id='word_1_392' title='bbox 1077 4741 1128 4793; x_wconf 75' lang='grc'>869</span> <span class='ocrx_word' id='word_1_393' title='bbox 1152 4757 1169 4793; x_wconf 90' lang='lat' dir='ltr'>a</span> <span class='ocrx_word' id='word_1_394' title='bbox 1188 4740 1365 4793; x_wconf 77' lang='lat' dir='ltr'>bethmanno</span> <span class='ocrx_word' id='word_1_395' title='bbox 1388 4739 1557 4808; x_wconf 85' lang='lat' dir='ltr'>descriptam</span> <span class='ocrx_word' id='word_1_396' title='bbox 1583 4737 1674 4790; x_wconf 72' lang='lat' dir='ltr'>tlenuo</span> <span class='ocrx_word' id='word_1_397' title='bbox 1700 4735 1822 4789; x_wconf 91' lang='lat' dir='ltr'>eontulit</span> <span class='ocrx_word' id='word_1_398' title='bbox 1840 4734 1943 4788; x_wconf 79' lang='lat' dir='ltr'>Ewnld.</span> <span class='ocrx_word' id='word_1_399' title='bbox 1961 4734 1996 4787; x_wconf 88' lang='lat' dir='ltr'>ad</span> 
     </span>
     <span class='ocr_line' id='line_1_40' title="bbox 343 4821 1998 4896; baseline -0.002 -21"><span class='ocrx_word' id='word_1_400' title='bbox 343 4822 460 4876; x_wconf 88' lang='lat' dir='ltr'>eandem</span> <span class='ocrx_word' id='word_1_401' title='bbox 485 4822 609 4878; x_wconf 87' lang='lat' dir='ltr'>codicem</span> <span class='ocrx_word' id='word_1_402' title='bbox 634 4824 707 4878; x_wconf 89' lang='lat' dir='ltr'>redit</span> <span class='ocrx_word' id='word_1_403' title='bbox 726 4824 837 4878; x_wconf 86' lang='lat' dir='ltr'>Freheri</span> <span class='ocrx_word' id='word_1_404' title='bbox 862 4824 950 4879; x_wconf 88' lang='lat' dir='ltr'>editio</span> <span class='ocrx_word' id='word_1_405' title='bbox 974 4825 1157 4896; x_wconf 87' lang='lat' dir='ltr'>epistularum</span> <span class='ocrx_word' id='word_1_406' title='bbox 1178 4827 1346 4881; x_wconf 89' lang='lat' dir='ltr'>Francorum</span> <span class='ocrx_word' id='word_1_407' title='bbox 1365 4827 1481 4896; x_wconf 85' lang='lat' dir='ltr'>(Corpus</span> <span class='ocrx_word' id='word_1_408' title='bbox 1502 4824 1651 4879; x_wconf 87' lang='lat' dir='ltr'>Francicae</span> <span class='ocrx_word' id='word_1_409' title='bbox 1675 4822 1817 4876; x_wconf 85' lang='lat' dir='ltr'>historiae.</span> <span class='ocrx_word' id='word_1_410' title='bbox 1854 4821 1998 4874; x_wconf 87' lang='lat' dir='ltr'>IIanovIae</span> 
     </span>
    </p>
   </div>
   <div class='ocr_carea' id='block_1_9' title="bbox 343 4910 1073 4982">
    <p class='ocr_par' dir='ltr' id='par_1_18' title="bbox 343 4910 1073 4982">
     <span class='ocr_line' id='line_1_41' title="bbox 343 4910 1073 4982; baseline 0.008 -20"><span class='ocrx_word' id='word_1_411' title='bbox 343 4911 564 4979; x_wconf 70' lang='lat' dir='ltr'>teleptae:</span> <span class='ocrx_word' id='word_1_412' title='bbox 578 4910 674 4982; x_wconf 82' lang='lat' dir='ltr'>Migne</span> <span class='ocrx_word' id='word_1_413' title='bbox 693 4913 794 4981; x_wconf 83' lang='lat' dir='ltr'>patrol.</span> <span class='ocrx_word' id='word_1_414' title='bbox 815 4912 863 4966; x_wconf 90' lang='lat' dir='ltr'>lat.</span> <span class='ocrx_word' id='word_1_415' title='bbox 883 4912 985 4966; x_wconf 82' lang='lat' dir='ltr'>LXXII</span> <span class='ocrx_word' id='word_1_416' title='bbox 1004 4916 1073 4980; x_wconf 78' lang='grc'>917).</span> 
     </span>
    </p>
   </div>
   <div class='ocr_carea' id='block_1_10' title="bbox 448 5033 1889 5048">
    <p class='ocr_par' dir='ltr' id='par_1_19' title="bbox 448 5033 1889 5048">
     <span class='ocr_line' id='line_1_42' title="bbox 448 5033 1889 5048; baseline -0.003 -1"><span class='ocrx_word' id='word_1_417' title='bbox 448 5039 576 5046; x_wconf 80' lang='lat'>———</span> <span class='ocrx_word' id='word_1_418' title='bbox 764 5042 932 5048; x_wconf 81' lang='lat'><strong>——-—</strong></span> <span class='ocrx_word' id='word_1_419' title='bbox 1001 5043 1045 5048; x_wconf 83' lang='lat'>—.</span> <span class='ocrx_word' id='word_1_420' title='bbox 1101 5043 1121 5048; x_wconf 88' lang='lat'>-.</span> <span class='ocrx_word' id='word_1_421' title='bbox 1138 5041 1437 5048; x_wconf 65' lang='lat'>——-....---—-...--</span> <span class='ocrx_word' id='word_1_422' title='bbox 1453 5040 1485 5046; x_wconf 80' lang='lat'>—-</span> <span class='ocrx_word' id='word_1_423' title='bbox 1650 5033 1889 5043; x_wconf 75' lang='lat'>-—-.—--—--—-</span> 
     </span>
    </p>
   </div>
   <div class='ocr_carea' id='block_1_11' title="bbox 339 5097 1997 5678">
    <p class='ocr_par' dir='ltr' id='par_1_20' title="bbox 339 5097 1997 5678">
     <span class='ocr_line' id='line_1_43' title="bbox 446 5097 1997 5171; baseline -0.003 -17"><span class='ocrx_word' id='word_1_424' title='bbox 446 5101 595 5156; x_wconf 76' lang='lat' dir='ltr'>2Romeno</span> <span class='ocrx_word' id='word_1_425' title='bbox 614 5104 715 5157; x_wconf 77' lang='lat' dir='ltr'>Freder</span> <span class='ocrx_word' id='word_1_426' title='bbox 818 5104 998 5171; x_wconf 77' lang='lat' dir='ltr'>3pontifimde</span> <span class='ocrx_word' id='word_1_427' title='bbox 1017 5105 1072 5154; x_wconf 74' lang='lat' dir='ltr'>cod</span> <span class='ocrx_word' id='word_1_428' title='bbox 1176 5106 1193 5154; x_wconf 79' lang='lat' dir='ltr'>i)</span> <span class='ocrx_word' id='word_1_429' title='bbox 1212 5102 1284 5170; x_wconf 79' lang='lat' dir='ltr'>Illuc}</span> <span class='ocrx_word' id='word_1_430' title='bbox 1301 5123 1353 5171; x_wconf 82' lang='lat' dir='ltr'>pro</span> <span class='ocrx_word' id='word_1_431' title='bbox 1372 5106 1425 5155; x_wconf 88' lang='lat' dir='ltr'>illic</span> <span class='ocrx_word' id='word_1_432' title='bbox 1478 5103 1557 5155; x_wconf 89' lang='lat' dir='ltr'>totius</span> <span class='ocrx_word' id='word_1_433' title='bbox 1575 5101 1630 5152; x_wconf 85' lang='lat' dir='ltr'>cod.</span> <span class='ocrx_word' id='word_1_434' title='bbox 1735 5101 1752 5153; x_wconf 80' lang='lat' dir='ltr'>a</span> <span class='ocrx_word' id='word_1_435' title='bbox 1769 5100 1871 5167; x_wconf 82' lang='lat' dir='ltr'>quando</span> <span class='ocrx_word' id='word_1_436' title='bbox 1896 5097 1997 5150; x_wconf 81' lang='lat' dir='ltr'>Frelrer</span> 
     </span>
     <span class='ocr_line' id='line_1_44' title="bbox 342 5183 1997 5257; baseline -0.004 -15"><span class='ocrx_word' id='word_1_437' title='bbox 342 5190 406 5257; x_wconf 77' lang='lat' dir='ltr'>(qno</span> <span class='ocrx_word' id='word_1_438' title='bbox 424 5189 492 5256; x_wconf 76' lang='lat' dir='ltr'>eod)</span> <span class='ocrx_word' id='word_1_439' title='bbox 581 5188 641 5243; x_wconf 79' lang='lat' dir='ltr'>&#39;lin</span> <span class='ocrx_word' id='word_1_440' title='bbox 659 5192 763 5244; x_wconf 84' lang='lat' dir='ltr'>statutis</span> <span class='ocrx_word' id='word_1_441' title='bbox 781 5190 882 5243; x_wconf 83' lang='lat' dir='ltr'>Frelrer</span> <span class='ocrx_word' id='word_1_442' title='bbox 974 5190 1079 5242; x_wconf 71' lang='lat' dir='ltr'>amaro</span> <span class='ocrx_word' id='word_1_443' title='bbox 1098 5190 1207 5255; x_wconf 71' lang='lat' dir='ltr'>Frater,</span> <span class='ocrx_word' id='word_1_444' title='bbox 1224 5208 1327 5243; x_wconf 83' lang='lat' dir='ltr'>manere</span> <span class='ocrx_word' id='word_1_445' title='bbox 1345 5193 1400 5243; x_wconf 84' lang='lat' dir='ltr'>cod.</span> <span class='ocrx_word' id='word_1_446' title='bbox 1492 5189 1509 5240; x_wconf 91' lang='grc'><strong>9</strong></span> <span class='ocrx_word' id='word_1_447' title='bbox 1527 5189 1710 5240; x_wconf 84' lang='lat' dir='ltr'>concinnantes</span> <span class='ocrx_word' id='word_1_448' title='bbox 1728 5187 1783 5239; x_wconf 85' lang='lat' dir='ltr'>cod.</span> <span class='ocrx_word' id='word_1_449' title='bbox 1876 5183 1907 5236; x_wconf 88' lang='lat'>11</span> <span class='ocrx_word' id='word_1_450' title='bbox 1927 5187 1997 5237; x_wconf 83' lang='lat' dir='ltr'>dese·</span> 
     </span>
     <span class='ocr_line' id='line_1_45' title="bbox 341 5272 1997 5345; baseline -0.004 -16"><span class='ocrx_word' id='word_1_451' title='bbox 341 5293 400 5329; x_wconf 88' lang='lat' dir='ltr'>rens</span> <span class='ocrx_word' id='word_1_452' title='bbox 418 5317 423 5329; x_wconf 92' lang='lat'><em>.</em></span> <span class='ocrx_word' id='word_1_453' title='bbox 440 5316 446 5329; x_wconf 92' lang='lat'><strong>.</strong></span> <span class='ocrx_word' id='word_1_454' title='bbox 465 5317 471 5329; x_wconf 87' lang='lat'><strong>.</strong></span> <span class='ocrx_word' id='word_1_455' title='bbox 487 5315 494 5328; x_wconf 91' lang='lat'><strong>.</strong></span> <span class='ocrx_word' id='word_1_456' title='bbox 511 5275 591 5344; x_wconf 89' lang='lat' dir='ltr'>unde]</span> <span class='ocrx_word' id='word_1_457' title='bbox 615 5286 660 5327; x_wconf 82' lang='lat' dir='ltr'>aet</span> <span class='ocrx_word' id='word_1_458' title='bbox 687 5278 801 5343; x_wconf 73' lang='lat' dir='ltr'>intelleqe</span> <span class='ocrx_word' id='word_1_459' title='bbox 828 5278 901 5343; x_wconf 88' lang='lat' dir='ltr'>inde,</span> <span class='ocrx_word' id='word_1_460' title='bbox 931 5287 976 5329; x_wconf 73' lang='lat' dir='ltr'>eret</span> <span class='ocrx_word' id='word_1_461' title='bbox 1007 5279 1105 5344; x_wconf 69' lang='lat' dir='ltr'>corripe</span> <span class='ocrx_word' id='word_1_462' title='bbox 1128 5278 1257 5329; x_wconf 83' lang='lat' dir='ltr'>desereres</span> <span class='ocrx_word' id='word_1_463' title='bbox 1318 5275 1442 5345; x_wconf 87' lang='lat' dir='ltr'>montem]</span> <span class='ocrx_word' id='word_1_464' title='bbox 1457 5296 1509 5344; x_wconf 81' lang='lat' dir='ltr'>pro</span> <span class='ocrx_word' id='word_1_465' title='bbox 1528 5284 1613 5326; x_wconf 89' lang='lat' dir='ltr'>monto</span> <span class='ocrx_word' id='word_1_466' title='bbox 1726 5274 1759 5326; x_wconf 81' lang='grc'>14</span> <span class='ocrx_word' id='word_1_467' title='bbox 1782 5274 1873 5325; x_wconf 85' lang='lat' dir='ltr'>solatio</span> <span class='ocrx_word' id='word_1_468' title='bbox 1897 5272 1997 5323; x_wconf 78' lang='lat' dir='ltr'>Frelrer</span> 
     </span>
     <span class='ocr_line' id='line_1_46' title="bbox 342 5359 1997 5432; baseline -0.003 -18"><span class='ocrx_word' id='word_1_469' title='bbox 342 5361 375 5414; x_wconf 79' lang='lat'>16</span> <span class='ocrx_word' id='word_1_470' title='bbox 392 5380 452 5415; x_wconf 88' lang='lat' dir='ltr'>eum</span> <span class='ocrx_word' id='word_1_471' title='bbox 470 5381 516 5432; x_wconf 86' lang='lat' dir='ltr'>pro</span> <span class='ocrx_word' id='word_1_472' title='bbox 534 5381 575 5416; x_wconf 88' lang='lat' dir='ltr'>me</span> <span class='ocrx_word' id='word_1_473' title='bbox 593 5362 693 5414; x_wconf 76' lang='lat' dir='ltr'>Flelrer</span> <span class='ocrx_word' id='word_1_474' title='bbox 797 5362 1006 5416; x_wconf 68' lang='lat' dir='ltr'>umbilicum</span> <span class='ocrx_word' id='word_1_475' title='bbox 1025 5364 1134 5429; x_wconf 63' lang='lat' dir='ltr'>stater,</span> <span class='ocrx_word' id='word_1_476' title='bbox 1152 5365 1292 5416; x_wconf 81' lang='lat' dir='ltr'>nobilitatis</span> <span class='ocrx_word' id='word_1_477' title='bbox 1311 5364 1366 5415; x_wconf 86' lang='lat' dir='ltr'>cod.</span> <span class='ocrx_word' id='word_1_478' title='bbox 1472 5362 1505 5415; x_wconf 83' lang='grc'>18</span> <span class='ocrx_word' id='word_1_479' title='bbox 1523 5359 1623 5428; x_wconf 87' lang='lat' dir='ltr'>senato]</span> <span class='ocrx_word' id='word_1_480' title='bbox 1640 5362 1655 5412; x_wconf 84' lang='lat' dir='ltr'>i.</span> <span class='ocrx_word' id='word_1_481' title='bbox 1668 5379 1689 5412; x_wconf 87' lang='lat' dir='ltr'>e.</span> <span class='ocrx_word' id='word_1_482' title='bbox 1702 5368 1805 5424; x_wconf 84' lang='lat' dir='ltr'>senatu,</span> <span class='ocrx_word' id='word_1_483' title='bbox 1822 5368 1924 5410; x_wconf 85' lang='lat' dir='ltr'>senator</span> <span class='ocrx_word' id='word_1_484' title='bbox 1942 5359 1997 5410; x_wconf 84' lang='lat' dir='ltr'>cod.</span> 
     </span>
     <span class='ocr_line' id='line_1_47' title="bbox 339 5445 1995 5514; baseline -0.002 -14"><span class='ocrx_word' id='word_1_485' title='bbox 339 5446 497 5503; x_wconf 72' lang='lat' dir='ltr'>FONestorii</span> <span class='ocrx_word' id='word_1_486' title='bbox 509 5448 618 5514; x_wconf 62' lang='lat' dir='ltr'>secter,</span> <span class='ocrx_word' id='word_1_487' title='bbox 636 5449 835 5502; x_wconf 78' lang='lat' dir='ltr'>Nesmriseeod.</span> <span class='ocrx_word' id='word_1_488' title='bbox 923 5448 956 5502; x_wconf 77' lang='lat'>21</span> <span class='ocrx_word' id='word_1_489' title='bbox 976 5452 1126 5504; x_wconf 86' lang='lat' dir='ltr'>Christoeon</span> <span class='ocrx_word' id='word_1_490' title='bbox 1139 5451 1329 5503; x_wconf 84' lang='lat' dir='ltr'>etTheodoeon</span> <span class='ocrx_word' id='word_1_491' title='bbox 1343 5449 1397 5502; x_wconf 83' lang='lat' dir='ltr'>cod.</span> <span class='ocrx_word' id='word_1_492' title='bbox 1480 5454 1513 5500; x_wconf 80' lang='lat'>25</span> <span class='ocrx_word' id='word_1_493' title='bbox 1532 5449 1657 5499; x_wconf 85' lang='lat' dir='ltr'>effusione</span> <span class='ocrx_word' id='word_1_494' title='bbox 1669 5445 1778 5509; x_wconf 78' lang='lat' dir='ltr'>Freder,</span> <span class='ocrx_word' id='word_1_495' title='bbox 1796 5446 1928 5498; x_wconf 82' lang='lat' dir='ltr'>effusionis</span> <span class='ocrx_word' id='word_1_496' title='bbox 1940 5445 1995 5497; x_wconf 84' lang='lat' dir='ltr'>cod.</span> 
     </span>
     <span class='ocr_line' id='line_1_48' title="bbox 340 5536 849 5608; baseline -0.006 -17"><span class='ocrx_word' id='word_1_497' title='bbox 340 5537 490 5608; x_wconf 71' lang='lat' dir='ltr'>disciplinae</span> <span class='ocrx_word' id='word_1_498' title='bbox 509 5536 617 5601; x_wconf 53' lang='lat' dir='ltr'>aare,</span> <span class='ocrx_word' id='word_1_499' title='bbox 634 5538 776 5606; x_wconf 84' lang='lat' dir='ltr'>disciplinis</span> <span class='ocrx_word' id='word_1_500' title='bbox 793 5539 849 5590; x_wconf 83' lang='lat' dir='ltr'>eod.</span> 
     </span>
     <span class='ocr_line' id='line_1_49' title="bbox 1796 5625 1836 5678; baseline 0 -23"><span class='ocrx_word' id='word_1_501' title='bbox 1796 5625 1836 5678; x_wconf 60' lang='lat' dir='ltr'>ht</span> 
     </span>
    </p>
   </div>
   <div class='ocr_carea' id='block_1_12' title="bbox 0 0 2254 6232">
    <p class='ocr_par' dir='ltr' id='par_1_21' title="bbox 0 0 2254 6232">
     <span class='ocr_line' id='line_1_50' title="bbox 0 0 2254 6232; baseline 0 0"><span class='ocrx_word' id='word_1_502' title='bbox 0 0 2254 6232; x_wconf 95' lang='lat' dir='ltr'> </span> 
     </span>
    </p>
   </div>
  </div>
 </body>
</html>
