4500 6232
938 292 1026 346 Vl'fA
1045 291 1200 345 uuluam.
1856 294 1897 355 87

239 462 330 529 diros
352 484 450 550 passa
472 467 642 534 refrenari.
686 464 865 531 festinabat
887 464 929 529 ad
951 465 1114 530 leviticam
1137 463 1331 548 dignitatem
1355 463 1572 543 conscientia,
1600 484 1698 548 quam
1721 483 1897 548 numquam

238 576 316 636 rota
338 575 640 657 praesumpserant:
665 567 822 654 exigebat
844 569 1049 634 conversatio
1073 567 1159 655 quod
1183 567 1346 632 desideria
1369 567 1503 653 penitus
1526 565 1734 652 ignorabant.

347 671 444 739 Circa
471 680 577 739 metas
604 680 716 739 tamen
745 672 884 757 praefati
908 672 1040 737 honoris
1063 679 1097 737 et
1119 673 1293 738 terminum
1317 692 1418 736 uuum
1442 672 1513 735 eius
1537 670 1730 758 opusculum
1754 691 1896 734 summo·
1910 669 1948 730 21

240 783 337 842 tenua
358 776 442 843 libet
463 776 646 863 adtingere.
687 775 849 841 Summias
866 776 1028 840 vocitatur
1047 796 1137 861 ager,
1161 775 1264 860 quiin
1283 797 1322 840 eo
1339 776 1402 840 loci
1420 775 1501 840 situs
1519 781 1579 853 est,
1603 773 1636 837 in
1655 795 1718 859 quo
1735 779 1899 838 terrenum

174 924 179 935 ·
239 880 420 965 marginem
449 881 585 966 gulosus
608 879 734 945 Padaui
763 878 900 964 gurgitis
931 900 1059 943 morsus
1083 877 1212 943 adrodit
1235 884 1269 942 et
1291 879 1440 942 flexuose
1464 897 1600 963 serpens
1623 877 1741 942 fluvius
1764 876 1902 962 largitur

239 983 273 1049 iu
296 983 479 1069 conpendio
503 984 640 1049 alterius
663 981 751 1067 quod
774 984 900 1046 furatur
922 982 964 1046 ab
987 983 1103 1057 altero,
1133 982 1294 1066 simulque
1317 983 1353 1046 fit
1376 983 1502 1045 lucrum
1525 980 1653 1044 finitimi
1677 981 1786 1045 aliena
1810 980 1897 1044 cala-

239 1087 345 1152 mitas.
391 1086 432 1152 de
455 1087 552 1152 buius
575 1085 703 1173 praedii
725 1085 844 1151 finibus
868 1087 1003 1170 antiqua
1026 1106 1098 1150 cum
1123 1086 1251 1151 clericis
1273 1085 1383 1149 Burco
1411 1085 1543 1170 quidam
1572 1086 1629 1150 lite
1654 1083 1810 1150 certabat.
1857 1081 1952 1148 adal

239 1189 326 1275 quod
349 1190 489 1275 iurgium
511 1188 728 1254 dirimendum
751 1190 855 1254 senile
879 1190 974 1253 nimis
998 1196 1030 1254 et
1054 1195 1305 1276 praeterquam
1338 1189 1443 1253 conici
1474 1189 1578 1274 possit
1606 1209 1764 1253 annosum
1792 1186 1899 1252 adhuc

241 1313 323 1378 puer
348 1294 410 1358 istc
441 1292 601 1379 dirigitur.
646 1295 772 1359 electus
804 1300 856 1357 est
886 1293 989 1373 enim,
1022 1294 1077 1378 qui
1100 1299 1134 1357 ct
1155 1293 1287 1358 fortiter
1308 1293 1426 1357 inlatas
1451 1293 1651 1358 intentiones
1675 1292 1844 1378 exciperet
1868 1297 1901 1356 et

241 1397 430 1463 maturitate
454 1397 583 1463 consilii
606 1395 794 1462 inferendas
817 1403 1027 1483 temperaret.
1068 1395 1187 1462 adtulit
1211 1403 1320 1461 tamen
1344 1396 1429 1481 quod
1453 1397 1538 1461 solet
1561 1396 1705 1460 omnium
1729 1391 1953 1459 eriminum23

239 1507 346 1566 mater
375 1501 526 1566 intentio.
577 1521 653 1564 uam
681 1520 839 1586 processu
872 1501 1031 1565 sermonis
1061 1506 1095 1567 et
1123 1500 1268 1566 scandali
1302 1500 1373 1585 ipsc
1400 1500 1523 1579 Burco,
1558 1500 1614 1585 qui
1648 1499 1791 1564 malitiae
1820 1518 1900 1562 suae

241 1604 373 1671 sordido
405 1606 649 1672 lenocinaretur
676 1605 834 1688 adsensu,
867 1629 1028 1672 summum
1059 1608 1185 1672 facinus
1216 1608 1285 1672 sinc
1316 1607 1426 1690 aliquo
1457 1604 1573 1668 timore
1604 1602 1776 1668 commisit.
1826 1622 1900 1665 uam

241 1715 391 1775 sanctum
415 1709 520 1775 virum
542 1710 589 1776 ita
617 1709 705 1776 fuste
734 1712 911 1796 percussit,
942 1718 978 1775 ut
1001 1714 1134 1798 sanguis
1158 1713 1304 1797 protinus
1328 1710 1491 1775 ebulliret.
1536 1714 1571 1771 at
1593 1708 1649 1771 illc
1672 1705 1899 1792 paratissimus

242 1815 324 1881 iram
346 1815 504 1901 repressit
520 1835 581 1881 uec
598 1814 761 1880 vindictae
785 1837 843 1901 spe
867 1826 1064 1902 provocatus
1087 1816 1251 1896 efferbuit,
1275 1816 1506 1899 turbatumque
1529 1812 1639 1898 potius
1662 1816 1695 1875 et
1717 1809 1898 1875 adtonitum

165 1934 189 1972 ¹³
243 1938 468 2006 percussorem
497 1917 710 1983 blandissimo
741 1919 907 1984 delenibat
940 1922 1052 1986 affatu.
1097 1921 1173 1985 ilico
1203 1920 1355 1983 miseram
1380 1940 1415 1981 se
1438 1918 1583 1981 clamans
1607 1923 1640 1979 et
1662 1912 1810 1978 orbatam
1833 1908 1952 1976 filio'24

243 2022 286 2087 ob
318 2022 527 2089 atrocitatem
561 2023 639 2087 facti
667 2021 822 2109 Capraria
850 2023 1009 2088 Burconis
1045 2031 1150 2089 mater
1184 2022 1336 2086 occurrit.
1389 2020 1543 2086 crederes
1578 2040 1651 2084 eam
1686 2019 1772 2082 cirea
1804 2017 1902 2080 funus

152 2146 172 2187 r·
187 2140 225 2181 ³⁶⁵
244 2126 390 2210 pignoris
413 2126 464 2191 sui
487 2126 545 2191 illa
566 2147 632 2211 qua
654 2127 786 2211 fugatur
808 2146 903 2188 omne
928 2126 1096 2189 eonsilium
1119 2126 1151 2189 in
1176 2144 1325 2188 carorum
1349 2121 1505 2185 mortibus
1522 2120 1756 2185 lamentatione
1777 2119 1902 2183 iactari.

244 2229 410 2295 lambebat
438 2230 579 2316 vestigia
606 2231 801 2295 sanctissimi
830 2231 956 2294 iuvenis
989 2231 1139 2295 heiulans
1171 2235 1276 2294 mater
1304 2234 1337 2292 et
1366 2223 1486 2312 ‘parce'
1515 2223 1678 2288 clamabat
1710 2224 1770 2302 illi,
1805 2243 1901 2308 quem

244 2354 420 2419 numquam
442 2335 485 2399 ad
506 2334 764 2420 indignationem
788 2335 838 2398 vis
861 2335 929 2398 ulla
951 2336 1153 2420 conpulerat.
1200 2340 1234 2398 at
1265 2334 1320 2397 ille
1349 2331 1588 2417 supplicantem
1620 2329 1830 2415 prohibebat,
1861 2348 1903 2391 ne

164 2464 191 2501 ιι
243 2437 305 2503 sibi
327 2437 483 2504 invidiam
506 2438 651 2524 rogando
675 2440 862 2509 concitaret,
887 2459 928 2501 ne
952 2459 987 2502 se
1011 2458 1076 2501 non
1101 2443 1280 2502 merentem
1305 2435 1405 2500 delati
1423 2434 1557 2497 honoris
1572 2434 1707 2497 sarcinis
1729 2431 1900 2519 inpediret.

243 2541 374 2607 turbata
396 2549 447 2608 est
468 2549 605 2631 repente
637 2544 768 2621 civitas,
800 2544 943 2606 omnium
968 2538 1225 2605 Christianorum
1250 2540 1283 2603 in
1306 2539 1449 2603 furorem
1474 2556 1587 2600 versae
1611 2543 1748 2600 mentes.
1794 2535 1955 2598 Burcolb

243 2644 285 2711 ad
301 2647 439 2712 exitium
455 2649 653 2734 poscebatur
667 2654 701 2713 et
717 2648 750 2712 in
768 2652 860 2713 tanta
876 2646 1041 2709 bominum
1058 2643 1267 2708 multitudine
1291 2663 1387 2707 nemo
1410 2639 1569 2726 placidus,
1593 2640 1654 2703 nisi
1676 2639 1730 2724 qui
1753 2638 1902 2702 iniuriam

243 2749 351 2815 fuerat
371 2771 502 2836 passus,
526 2752 678 2817 inventus
702 2757 764 2817 est.
804 2749 906 2815 flebat
929 2749 1083 2835 egregius
1107 2748 1256 2835 pontifex
1279 2746 1319 2811 de
1343 2744 1583 2810 infirmitatibus
1608 2745 1674 2807 suis
1697 2749 1730 2807 ct
1746 2742 1904 2806 molestiis

244 2852 408 2939 gaudente
431 2853 600 2942 discipulo.
645 2877 720 2921 nam
745 2855 791 2918 ita
813 2853 1038 2918 satisfaciebat
1062 2873 1119 2938 pro
1143 2874 1198 2930 co,
1223 2851 1275 2935 qui
1299 2849 1476 2936 putabatur
1498 2849 1660 2928 inimicus,
1690 2846 1843 2930 singulis,
1867 2851 1902 2908 ut

165 2981 184 3019 r.
245 2978 305 3022 nec
327 2958 464 3043 gloriam
487 2959 651 3046 parcendo
674 2960 835 3024 iactanter
858 2962 1033 3041 quaereret
1055 2977 1116 3019 nec
1134 2953 1329 3019 vindicando
1353 2952 1505 3017 mandata
1522 2952 1680 3017 caelestia
1696 2951 1900 3036 praeteriret.

351 3061 451 3128 Brevi
474 3070 548 3148 post
571 3063 612 3128 ad
636 3063 773 3128 diaconii
797 3066 931 3125 evectus
954 3060 1074 3123 infulas
1097 3058 1311 3122 vicensimum
1336 3078 1456 3121 annum
1480 3057 1597 3121 aetatis
1626 3054 1788 3133 ascendit,
1818 3054 1901 3117 facie
1915 3052 1956 3113 26

244 3164 382 3229 necdum
412 3166 497 3231 bene
526 3166 672 3232 barbata.
724 3165 918 3231 turbabatur
949 3165 1095 3250 suseepti
1127 3163 1259 3228 honoris
1289 3161 1437 3225 tirocinio
1466 3160 1580 3239 homo,
1613 3160 1666 3244 qui
1695 3161 1756 3223 iam
1785 3158 1899 3221 ducem

245 3275 374 3353 poterat
396 3270 532 3356 implere
556 3271 787 3337 Christianum.
833 3270 1037 3354 singulorum
1061 3290 1119 3353 pro
1142 3266 1266 3352 pudore
1289 3263 1478 3329 declinabat
1507 3270 1673 3349 aspectus.
1704 3283 1800 3347 quem
1830 3260 1901 3324 uni-

246 3391 340 3436 versa
366 3373 481 3438 civitas
512 3377 604 3459 quasi
633 3375 746 3439 salutis
773 3376 904 3460 signum
933 3372 1064 3458 aliquod
1098 3370 1309 3437 adtendebat.
1354 3369 1481 3434 interea
1508 3389 1607 3454 supro
1636 3368 1740 3431 dictus
1764 3365 1903 3430 antistes
1915 3360 1955 3421 27

170 3496 196 3535 a·
249 3498 377 3542 omnem
401 3481 644 3546 ecclesiasticae
668 3481 924 3546 conversationis
947 3479 1162 3544 substantiam
1187 3483 1220 3541 et
1243 3475 1372 3538 divitias
1403 3493 1584 3558 pauperum
1612 3491 1742 3534 suorum
1770 3470 1802 3532 in
1833 3468 1903 3532 cius

245 3587 409 3666 potestate
441 3585 612 3649 committit
639 3587 753 3650 volens
783 3592 858 3650 anto
892 3584 1119 3670 episcopatum
1151 3599 1369 3665 cognoscere,
1399 3577 1529 3661 qualem
1557 3576 1672 3639 futuris
1701 3572 1903 3658 temporibus

246 3694 459 3771 praepararet
482 3689 682 3776 episcopum.
727 3696 761 3754 et
784 3711 857 3754 cum
880 3689 936 3752 rix
960 3687 1012 3765 sit,
1036 3694 1073 3750 ut
1096 3686 1137 3749 ab
1161 3705 1274 3749 corum
1298 3680 1456 3768 personis,
1485 3678 1525 3742 dc
1549 3679 1665 3762 quibus
1688 3676 1903 3741 successionis

156 3824 177 3866 ιι.
191 3816 231 3857 aas
249 3790 369 3854 seritur
390 3793 687 3879 quantulacumque
710 3795 862 3879 suspicio,
887 3791 1009 3856 invidia
1032 3796 1244 3875 temperetur,
1268 3787 1300 3850 in
1317 3786 1411 3850 istius
1427 3784 1534 3868 gmtia
1550 3782 1610 3846 sibi
1627 3781 1783 3847 credebat
1798 3783 1904 3868 perire

248 3899 381 3958 sanctus
397 3902 492 3980 pater
507 3896 664 3982 quidquid
687 3899 795 3962 minus
819 3898 935 3961 fuisset
958 3895 1156 3960 exhibitum:
1181 3890 1343 3978 quaedam
1366 3890 1398 3952 in
1420 3888 1475 3952 illo
1501 3907 1570 3965 sua,
1594 3885 1755 3969 quaedam
1772 3885 1905 3950 volebat

170 4018 195 4057 rs
248 4015 324 4060 esse
347 3998 482 4065 maiora.
519 4006 553 4065 at
575 4002 637 4066 iste
661 4001 847 4066 cottidianis
871 3999 1069 4085 profectibus
1094 3998 1191 4062 etiam
1215 3992 1417 4080 cupidissimi
1440 3992 1472 4054 in
1494 3989 1641 4055 oratione
1656 3990 1811 4075 genitoris
1828 3985 1957 4053 rotald

248 4100 505 4169 transcenderat.
544 4106 717 4171 eratenim
740 4104 879 4189 genitor,
904 4103 996 4167 cuius
1020 4122 1094 4166 eum
1119 4121 1177 4185 per
1200 4097 1407 4182 evangelium
1429 4100 1622 4179 conceptum
1640 4093 1729 4158 verbi
1754 4092 1906 4157 caelestis

251 4204 375 4270 semiue
398 4206 468 4272 feta
490 4209 582 4272 alvus
605 4208 776 4274 effuderat.
816 4229 891 4271 uam
915 4206 956 4271 de
981 4204 1137 4292 pudicitia
1160 4203 1286 4267 iuvenis
1300 4201 1365 4265 mei
1381 4199 1458 4284 quid
1474 4200 1607 4284 loquar?
1645 4199 1679 4262 in
1695 4218 1759 4283 quo
1775 4196 1904 4261 domurn

250 4306 312 4371 ribi
335 4314 496 4376 statuerat
518 4313 650 4377 castitas
673 4318 707 4377 et
729 4311 932 4376 continentia
954 4309 1081 4374 radices
1103 4309 1221 4372 fixerat
1249 4307 1282 4369 in
1312 4302 1518 4390 profundum.
1562 4303 1664 4366 virum
1689 4322 1724 4366 se
1748 4322 1821 4365 csso
1844 4296 1960 4366 nici29

251 4431 309 4496 per
324 4413 517 4499 patientiam
533 4416 655 4481 laboris
671 4418 858 4501 ignorabat;
883 4437 1014 4480 carnem
1032 4415 1167 4491 habere,
1185 4412 1246 4476 uisi
1263 4431 1336 4474 eum
1351 4409 1541 4473 moriturum
1559 4429 1594 4472 so
1611 4427 1684 4471 esse
1700 4406 1905 4485 meminerat,

252 4515 432 4583 nesciebat.
480 4521 633 4604 quotiens
666 4527 778 4586 tamen
808 4522 899 4586 illum
928 4539 1103 4605 corporeus
1130 4515 1308 4602 adpetitus,
1345 4513 1428 4578 sieut
1455 4511 1496 4576 ab
1525 4511 1594 4595 ipso
1622 4508 1736 4587 didici,
1771 4509 1905 4573 ludebat

250 4616 446 4704 imaginibus
475 4624 688 4706 somniorum,
718 4626 793 4691 ilico
817 4625 859 4689 ad
881 4624 1011 4709 vigilias
1040 4627 1189 4700 sanetas,
1219 4618 1408 4683 continuata
1430 4614 1566 4694 ieiunia,
1596 4612 1702 4677 standi
1724 4613 1905 4678 diutissime

610 4800 661 4807 —-.

353 4929 633 4999 dpraesumaarantl'
698 4935 873 5004 exigebautB
983 4931 1142 4999 latungere
1155 4930 1179 4978 V
1242 4946 1354 4980 summas
1369 4945 1425 4994 arcp.
1438 4928 1483 4978 lia.
1497 4928 1504 4978 i
1518 4945 1587 4976 creon.
1603 4926 1651 4976 115
1718 4932 1850 4976 uocstatur
1862 4922 1907 4972 Be

250 5014 300 5069 ¹⁰⁰¹
313 5014 366 5079 Βῆ
385 5017 501 5071 naono
625 5020 801 5075 baurodetB
923 5016 1000 5084 rau]
1018 5017 1083 5069 aa
1203 5013 1319 5066 senua
1341 5011 1427 5081 rann]
1449 5013 1634 5064 sentinemus
1655 5011 1723 5077 (ep.
1741 5010 1793 5061 nno
1810 5017 1833 5060 a
1850 5026 1905 5074 asp,

250 5116 300 5153 w·
318 5101 354 5165 ¹0)
367 5102 393 5152 B
496 5102 631 5174 anuas]
648 5109 705 5160 ua
723 5107 802 5160 aaa.
864 5104 1035 5173 cxccpcrctB
1133 5100 1167 5153 10
1183 5102 1269 5154 actua
1284 5101 1308 5150 ν
1407 5098 1439 5150 13
1456 5096 1493 5166 a]
1512 5100 1544 5151 aa
1556 5099 1581 5149 a
1686 5095 1717 5147 14
1736 5094 1909 5146 cantuar

255 5184 290 5241 lb
305 5188 434 5241 delenibat
451 5192 550 5259 scripsi,
566 5194 696 5247 dclinabat
707 5195 740 5259 B,
757 5195 882 5247 delinibat
898 5192 973 5244 ceteri
1088 5188 1121 5240 16
1138 5185 1208 5253 facti]
1227 5188 1286 5239 fasti
1297 5186 1342 5238 Ba
1412 5187 1522 5238 crederis
1534 5185 1560 5236 B
1675 5182 1706 5234 18
1723 5183 1843 5234 laudabat
1857 5180 1884 5231 B
1888 5179 1908 5244 ¹,

251 5271 428 5327 laulralratB2
515 5276 810 5346 l9adom.B,iufort
862 5276 898 5346 at]
911 5277 978 5330 adB
1064 5273 1298 5327 fflcontitaratBss
1383 5271 1595 5325 ‘lausannae
1681 5266 1908 5335 mumipunae

252 5356 288 5412 ᾗ
308 5362 428 5414 mandata
443 5364 495 5427 (ata
509 5366 538 5419 ia
553 5367 600 5433 la)
612 5367 638 5419 B
759 5365 794 5418 26
816 5366 968 5418 uicesimum
983 5363 1008 5413 V
1124 5359 1159 5412 27
1182 5362 1287 5413 barbata
1308 5361 1374 5412 bena
1386 5358 1427 5410 B¹
1444 5358 1548 5411 rtBoll.
1671 5354 1705 5406 29
1725 5352 1910 5407 amendabatV

215 5520 218 5525 ,
251 5446 358 5499 nasa·
375 5447 401 5498 B
537 5448 802 5506 marearum
938 5451 971 5503 31
995 5449 1237 5512 commissimus,
1257 5445 1515 5501 commansere
1653 5440 1914 5494 assumesque
2005 5472 2014 5489 .

252 5526 288 5585 ⁸³
301 5532 416 5602 msa
427 5534 498 5587 ΒΨ
617 5536 653 5593 aa
668 5541 791 5608 qaoque
807 5540 832 5591 v
900 5540 992 5591 aaa
1008 5539 1094 5589 mana
1106 5536 1186 5589 sam.
1306 5532 1341 5585 ec
1359 5531 1532 5585 acrama
1647 5529 1681 5582 as
1699 5530 1872 5582 censeare
1883 5528 1909 5580 a

253 5611 288 5671 tl
304 5614 377 5693 m]
393 5620 518 5697 anfora
577 5620 621 5698 sq
638 5625 724 5681 uae
819 5622 854 5681 aa
870 5625 966 5679 ucoca
983 5623 1130 5692 pauonum
1144 5621 1203 5675 cra
1302 5616 1337 5670 40
1354 5621 1483 5687 appetitus
1501 5617 1525 5666 r
1623 5614 1656 5667 41
1675 5617 1745 5668 ruse
1757 5616 1802 5667 ro
1818 5613 1908 5666 aaa
