4500 6232
891 280 1153 336 annueram.
1811 285 1852 348 03

134 482 148 502 κ
196 459 231 517 et
252 451 386 516 iuventa
409 451 582 534 corrigere,
606 458 731 536 pacem,
754 471 851 536 quam
874 458 908 516 et
930 459 965 517 tu
988 452 1109 538 poscis,
1132 473 1256 536 negare
1272 474 1335 517 non
1352 451 1468 518 audeo.
1506 458 1674 538 postremo
1690 454 1717 517 si
1733 454 1853 519 solitae

196 553 384 622 calliditatis
413 554 535 617 astutia
562 553 660 617 etiam
690 561 723 617 te
753 554 924 637 fefellerit,
956 564 1122 620 certamen
1152 557 1216 619 iam
1239 557 1431 620 vulneratus
1461 554 1622 622 adsumet.
1666 578 1719 621 me
1742 564 1851 621 tamen

196 666 382 742 statumque
405 655 608 741 reipublicae
632 657 697 721 tuis
721 659 886 722 committo
910 665 944 723 et
966 658 1159 723 commendo
1183 659 1332 723 manibus
1356 666 1389 722 et
1417 659 1570 743 gratiam,
1601 680 1698 744 quam
1726 660 1851 746 suppli-

196 762 284 827 canti
307 767 341 826 et
364 760 498 847 profuso
520 781 581 844 per
603 781 638 825 se
654 760 819 826 Riccmeri
837 782 959 847 negare
975 761 1212 847 disposueram,
1236 783 1296 847 per
1310 768 1343 826 te
1360 760 1483 847 primus
1500 761 1654 829 exhibeo.
1691 762 1853 850 profunde
1866 767 1900 827 71

131 887 143 921 τ»
198 866 284 931 enim
308 863 545 928 deliberatione
570 863 761 949 conpendiis
785 867 905 930 nostris
921 867 953 929 in
970 865 1031 930 bac
1048 872 1141 951 perte
1157 866 1367 935 consulimus.
1390 865 1417 929 si
1434 866 1467 929 in
1484 867 1617 930 incertis
1633 867 1851 951 procellarum

197 969 363 1035 erroribus
391 987 508 1034 navem
538 988 579 1031 ex
603 967 681 1033 boni
704 969 932 1053 gubernatoris
955 969 1159 1033 ordinatione
1181 969 1360 1036 flectemus.
1405 969 1478 1054 quis
1501 970 1589 1033 enim
1612 969 1669 1033 tibi
1693 991 1852 1034 excusare

198 1076 385 1159 praesumat
407 1069 600 1135 beneficium
624 1072 816 1157 postulanti,
846 1074 898 1137 cui
923 1079 1112 1158 oportuerat
1133 1080 1210 1137 aute
1235 1095 1349 1159 preces
1373 1070 1515 1137 offerri‘t'
1560 1072 1642 1137 haec
1666 1074 1852 1159 imperator.

197 1186 232 1241 at
255 1175 453 1241 venerabilis
477 1175 631 1240 sacerdos
655 1174 800 1257 ‘gratias'
823 1177 926 1261 inquit
949 1177 1173 1263 ‘omnipotenti
1196 1176 1339 1248 domino,
1363 1177 1417 1261 qui
1441 1180 1554 1263 pacein
1580 1198 1672 1241 suam
1695 1177 1853 1263 principis

198 1280 297 1345 menti
320 1279 473 1353 inseruit,
496 1298 592 1361 quem
616 1278 656 1342 ad
680 1280 783 1343 instar
806 1280 939 1364 superni
963 1278 1148 1344 dominatus
1171 1280 1328 1343 vicarium
1352 1281 1524 1366 potestatis
1548 1301 1628 1344 suae
1651 1279 1756 1343 voluit
1779 1301 1853 1344 csse

120 1406 145 1443 ιιι
198 1381 411 1452 mortalibus'.
1048 1438 1052 1444 .

224 1551 227 1557 Δ
305 1485 431 1561 Quibus
453 1485 598 1549 breviter
631 1486 783 1557 narratis,
815 1492 953 1571 accepto
984 1485 1083 1549 etiam
1112 1506 1171 1570 pro
1200 1484 1393 1549 concordiae
1426 1485 1579 1550 firmitate
1606 1485 1648 1549 ab
1676 1485 1853 1550 Anthemio
1867 1484 1907 1544 72

105 1611 178 1659 aare
197 1597 416 1664 sacramento,
440 1588 590 1652 discessit
612 1588 772 1653 festinans
800 1588 841 1652 ad
864 1589 1032 1673 Liguriam
1056 1589 1193 1665 reverti,
1224 1589 1376 1673 quoniam
1401 1590 1647 1653 resurrectionis
1670 1587 1853 1652 dominicae

196 1702 325 1780 tempus
348 1692 503 1771 instabat,
527 1713 587 1778 per
610 1691 696 1777 quod
720 1694 894 1757 maceratis
918 1693 1110 1757 ieiuniorum
1136 1713 1234 1756 cruce
1258 1693 1447 1778 corporibus
1471 1714 1568 1757 carne
1585 1692 1702 1778 frigida
1718 1693 1851 1778 spiritus

197 1799 309 1863 hilaris
326 1797 498 1863 recalescit
514 1802 558 1875 et,
581 1794 658 1859 dum
675 1817 694 1858 a
711 1794 920 1882 redemptore
943 1803 1055 1860 nostro
1079 1795 1246 1860 moriendo
1269 1816 1355 1859 mors
1372 1796 1522 1871 vincitur,
1546 1795 1652 1860 fidelis
1675 1797 1746 1883 spei
1769 1795 1851 1860 cibis

119 1926 143 1963 a
197 1902 306 1967 anima
329 1900 508 1984 saginatur.
553 1898 708 1964 vicesimo
731 1920 751 1963 a
774 1920 821 1979 se,
845 1920 917 1963 curn
941 1899 1080 1964 Romam
1103 1919 1256 1984 egressus
1279 1906 1340 1973 est,
1369 1898 1511 1963 futurum
1535 1900 1657 1984 pascha
1679 1899 1752 1965 dics
1774 1904 1904 1985 pro-73

196 2004 357 2071 mittebat.
405 2008 498 2067 tanta
526 2010 637 2067 tamen
666 2002 730 2067 iter
758 2002 928 2067 celeritate
962 2002 1116 2079 confecit,
1153 2009 1190 2066 ut
1218 2009 1334 2087 quarto
1364 2002 1492 2066 decimo
1522 2001 1575 2066 dic
1608 2003 1792 2089 inprovisus
1819 2009 1852 2066 et

197 2108 314 2173 famam
345 2108 564 2194 praeveniens
592 2106 740 2171 Ticinum
771 2107 1009 2193 ingrederetur,
1042 2107 1213 2172 comitibus
1241 2128 1321 2172 sane
1353 2109 1501 2194 plurimis
1529 2109 1562 2171 in
1592 2109 1644 2173 via
1675 2107 1853 2179 derelictis,

196 2213 273 2298 quia
300 2232 360 2277 nce
387 2211 617 2277 abstinentiam
647 2211 718 2275 eius
751 2213 913 2277 sustinere
937 2219 1090 2298 poterent
1113 2232 1174 2276 nec
1198 2210 1355 2276 laborem.
1401 2232 1479 2276 ecce
1503 2233 1680 2277 concursus
1703 2218 1851 2299 praesto·
1865 2214 1904 2275 tl

197 2315 333 2381 lentium
357 2315 439 2379 tanti
456 2314 613 2379 antistitis
629 2313 821 2378 adventum:
845 2314 932 2379 donri
948 2315 1089 2400 positum
1105 2314 1229 2386 videre,
1253 2334 1349 2398 quom
1368 2313 1509 2379 nondum
1525 2315 1665 2379 Romam
1681 2335 1850 2400 egressum

196 2418 296 2484 fuisse
320 2423 551 2503 cognoverant.
595 2415 703 2481 laetae
727 2418 817 2481 urbis
840 2416 982 2504 tripudia
1004 2417 1151 2482 adtonito
1173 2416 1338 2482 Riccmcri
1367 2417 1565 2481 indicantur:
1595 2439 1710 2504 pacem
1733 2418 1850 2483 factam

196 2540 339 2587 consono
355 2541 469 2585 omnes
486 2540 542 2583 ore
559 2519 783 2586 clamitabant.
822 2523 983 2587 exultatio
1007 2523 1131 2587 infinita
1153 2523 1392 2608 provinciarum
1416 2531 1460 2603 ct,
1483 2523 1567 2587 sicut
1590 2523 1756 2588 hominum
1780 2544 1851 2587 mos

197 2631 247 2689 cst
269 2623 393 2710 gratius
416 2622 540 2687 habere
563 2620 650 2707 quod
678 2622 834 2704 redditur,
864 2625 1011 2710 quamsi
1037 2625 1168 2690 omuino
1191 2645 1256 2690 non
1280 2633 1410 2711 pereat,
1439 2625 1564 2691 dulcior
1586 2633 1656 2692 crat
1678 2626 1850 2691 concordia

195 2748 279 2814 quae
303 2734 378 2815 post
400 2727 493 2791 litem
518 2724 735 2791 revocabatur
758 2734 791 2791 ct
813 2749 878 2812 par
902 2749 987 2813 quac
1011 2728 1075 2793 iam
1099 2750 1204 2815 paene
1229 2727 1404 2815 desperata
1420 2730 1613 2814 contigerat.
1652 2731 1904 2795 evocabatur'lb

196 2829 396 2897 reverendus
425 2827 591 2915 pontifex,
624 2834 660 2892 ut
687 2827 743 2893 diu
771 2835 980 2916 expectatum
1005 2829 1308 2896 Mediolanensibus
1337 2839 1562 2918 praesentaret
1595 2832 1796 2919 aspectum'
1819 2841 1852 2898 et

118 2958 143 2997 a
196 2935 261 3015 ille,
285 2955 326 2999 ue
343 2933 434 2998 velut
454 2930 582 2997 debitas
605 2933 783 3017 gratiarum
807 2933 953 2998 actiones
977 2954 1135 3018 praesens
1151 2934 1318 3000 videretur
1341 2937 1486 3020 exigere,
1512 2937 1715 3002 visitationes
1739 2957 1851 3001 corum

196 3037 257 3103 sub
280 3037 427 3103 colorata
450 3035 561 3122 specie
585 3035 782 3102 declinabat.

105 3162 178 3211 aaa
302 3140 408 3226 Igitur
430 3160 586 3226 processu
610 3141 768 3225 temporis
792 3147 826 3206 et
848 3141 971 3206 laboris
1000 3140 1170 3206 cotidianis
1200 3140 1410 3208 successibus
1434 3143 1521 3207 vitae
1546 3142 1578 3207 in
1602 3162 1676 3207 eum
1700 3141 1850 3206 meritum
1865 3141 1905 3201 76

195 3243 433 3330 geminabatur.
478 3248 549 3309 erat
580 3241 627 3307 illi
650 3262 808 3327 germana
836 3251 914 3309 natu
945 3244 1059 3319 minor,
1092 3243 1251 3328 religione
1281 3265 1346 3308 non
1375 3245 1479 3332 inpar,
1509 3244 1679 3309 Honorata
1710 3245 1851 3317 nominc,

167 3390 172 3398 ·
196 3348 288 3413 cuius
309 3348 408 3411 vitam
432 3367 493 3433 per
515 3345 646 3430 singula
662 3346 816 3410 virtutum
840 3367 964 3431 genera
986 3348 1118 3432 longum
1143 3353 1195 3412 est
1218 3349 1337 3432 eloqui.
1377 3349 1497 3413 suflicit
1520 3357 1629 3414 tamen
1653 3348 1694 3412 ad
1717 3348 1849 3415 laudum

117 3476 144 3513 uo
195 3453 266 3518 cius
288 3451 453 3516 cumulum
476 3449 608 3535 diguam
630 3450 712 3515 tanti
728 3450 788 3514 viri
811 3470 952 3514 sororem
976 3449 1114 3515 dixisse.
1160 3450 1243 3515 hanc
1265 3451 1298 3515 in
1321 3451 1392 3536 ipso
1415 3472 1479 3537 quo
1502 3450 1544 3516 de
1566 3452 1731 3536 legatione
1755 3452 1850 3517 rediit

195 3554 402 3622 consecravit
430 3573 525 3619 auno.
570 3572 667 3638 quam
697 3558 807 3617 tamon
835 3553 1033 3619 inbuendum
1069 3553 1252 3640 disciplinis
1282 3554 1498 3634 caelestibus,
1535 3555 1628 3640 quasi
1661 3563 1775 3621 sancta
1805 3555 1905 3622 illill

194 3664 311 3725 natura
337 3678 403 3723 uon
434 3655 615 3735 sufficeret,
647 3655 845 3723 Luminosac
874 3656 1000 3721 cuidam
1030 3657 1172 3723 feminae
1199 3657 1382 3744 stupendae
1411 3659 1595 3723 sanctitatis
1620 3666 1653 3724 et
1677 3658 1850 3744 singularis

194 3762 339 3848 exempli
372 3760 550 3839 commisit,
587 3759 679 3824 cuius
711 3765 877 3846 oporteret
907 3760 1057 3825 fortassis
1090 3760 1246 3825 natalium
1277 3762 1417 3827 culmina
1446 3762 1566 3847 relegi,
1598 3762 1661 3826 nisi
1691 3762 1852 3848 insignior

195 3866 311 3931 fuisset
334 3864 401 3930 vita
428 3884 523 3948 quam
555 3863 725 3948 sanguine.
771 3863 852 3928 haec
884 3864 971 3928 cuim
994 3864 1054 3929 fuit
1077 3865 1165 3943 talis,
1195 3864 1236 3929 de
1258 3885 1322 3949 qua
1345 3886 1381 3931 sc
1404 3865 1554 3930 crederet
1577 3863 1701 3931 habere
1724 3873 1757 3930 et
1779 3866 1849 3953 ipsc

131 3992 143 4029 s
195 3968 281 4057 quod
304 3968 460 4047 disceret,
490 3966 544 4053 qui
568 3965 781 4031 erudiendam
813 3973 998 4031 consortem
1027 3967 1111 4033 uteri
1149 3965 1384 4032 committebat.
1433 3989 1508 4032 nam
1534 3967 1627 4034 brevi
1654 3967 1741 4055 apud
1769 3969 1851 4033 hane

195 4073 381 4159 depositum
404 4069 559 4136 antistitis
589 4070 707 4156 pignus
738 4070 880 4134 effloruit
902 4077 937 4135 ct
959 4070 999 4135 ad
1027 4071 1249 4135 maturitatem
1278 4070 1384 4135 bonae
1414 4069 1516 4155 frugis
1545 4072 1707 4157 plantaria
1734 4077 1852 4137 onusta

195 4175 360 4262 perduxit.
398 4175 526 4239 interca
548 4192 608 4260 per
630 4173 832 4259 propositum
855 4172 918 4238 sibi
943 4174 1059 4239 callem
1076 4173 1161 4238 vitae
1185 4195 1282 4239 cursu
1306 4174 1456 4261 praepeti
1479 4174 1632 4239 sacerdos
1654 4174 1852 4240 venerabilis
1866 4170 1906 4234 78

195 4277 369 4346 incedebat
392 4277 612 4362 eleemosynis
636 4277 707 4341 sine
732 4277 965 4342 retractatione
989 4297 1123 4363 operam
1146 4276 1239 4358 dans,
1263 4276 1350 4361 quod
1373 4297 1492 4342 munus
1507 4278 1746 4364 accipientibus
1760 4280 1852 4342 vultu

195 4390 230 4449 et
243 4382 353 4447 animo
375 4379 589 4446 blandissimo
613 4379 874 4462 commendabat,
899 4381 944 4445 ita
966 4388 1002 4445 ut
1024 4381 1218 4466 cuicumque
1241 4382 1403 4446 sennonis
1426 4382 1527 4446 solius
1550 4382 1689 4467 gratiam
1711 4383 1851 4468 praesti-

196 4486 307 4568 tisset,
338 4503 545 4571 nequaquam
575 4506 611 4550 se
638 4484 829 4550 indonatum
859 4491 990 4570 putaret
1015 4483 1206 4551 abscedere.
1251 4490 1323 4549 erat
1351 4484 1437 4548 enirn
1468 4504 1629 4548 summum
1658 4486 1852 4570 praemium,

195 4589 295 4655 talem
319 4589 427 4654 saltim
450 4586 572 4653 vidisse
596 4587 792 4673 pontificem.
837 4588 1007 4653 crescebat
1030 4587 1064 4652 in
1086 4587 1158 4653 dies
1182 4586 1329 4671 singulos
1351 4586 1438 4650 fama
1466 4586 1618 4668 gloriosis
1645 4589 1851 4653 successibus

196 4701 232 4760 et
253 4699 358 4759 totum
381 4712 486 4779 paene
509 4691 665 4758 mundum
689 4692 777 4757 illius
801 4692 1045 4778 praedicatione
1069 4691 1254 4779 conplebat.

299 5038 316 5091 6
334 5036 404 5105 boni]
423 5039 479 5090 ueri
497 5038 578 5091 Sina.
682 5036 753 5105 bat]
771 5039 803 5090 ed
816 5038 873 5088 BV
938 5037 1027 5105 inquid
1042 5037 1065 5087 B
1134 5035 1247 5104 domino]
1266 5037 1313 5088 deo
1331 5035 1409 5088 Sires.
1514 5033 1531 5085 9
1549 5052 1611 5087 suae
1629 5035 1760 5102 potcstatis
1772 5032 1850 5085 Simu.

196 5124 230 5179 13
247 5127 368 5193 quoniam
380 5124 414 5190 B,
432 5123 483 5192 qu'o
497 5124 551 5190 Va,
573 5126 675 5192 quaudo
693 5126 716 5177 0
730 5134 752 5176 et
769 5124 848 5177 Sires.
987 5122 1019 5175 13
1037 5123 1169 5174 recalescit
1185 5130 1211 5175 et
1229 5122 1335 5185 flaret,
1359 5121 1524 5173 recalesceret
1542 5121 1602 5171 libri
1697 5120 1810 5171 uincitur
1827 5128 1851 5170 et

194 5212 278 5265 fidelis
289 5211 364 5264 LTG
380 5210 422 5276 (V
435 5220 461 5264 et
478 5228 535 5278 sup.
553 5213 598 5263 lia.
617 5229 687 5263 mea.
701 5210 727 5274 2)
870 5209 903 5260 le
920 5208 956 5275 ecl
976 5227 1018 5262 ace
1029 5209 1076 5260 Be
1180 5225 1256 5275 pasca
1268 5208 1293 5258 B
1433 5205 1465 5257 19
1482 5208 1609 5259 antestitis
1619 5206 1644 5257 B
1749 5222 1852 5257 romane

194 5279 310 5368 gruum
326 5298 370 5349 B⁶
507 5295 543 5350 20
559 5298 629 5350 orbis
640 5296 686 5348 B⁶
789 5297 907 5365 trepudia
919 5296 944 5346 B
1046 5295 1153 5347 atwuito
1169 5294 1193 5344 V
1327 5291 1362 5345 23
1379 5289 1546 5358 evocabatur]
1568 5301 1594 5344 et
1615 5291 1756 5343 auocabatur
1772 5288 1852 5342 Sirm.

193 5382 230 5437 24
246 5382 283 5453 et]
295 5385 328 5436 ad
339 5383 364 5435 Β
462 5381 497 5434 35
514 5384 669 5436 uisitationis
680 5382 706 5434 B
800 5382 836 5434 30
854 5382 888 5449 qvi
904 5382 1047 5450 clegatione
1063 5379 1125 5431 l'lL
1225 5378 1260 5431 33
1277 5382 1390 5432 culmina
1403 5381 1517 5431 culmina
1529 5376 1569 5428 B¹
1666 5375 1700 5428 34
1718 5377 1797 5428 uitam
1807 5375 1851 5427 B⁰

194 5468 229 5523 36
245 5471 347 5523 antistis
359 5470 441 5535 Ill’C,
460 5470 643 5521 autisostisL
744 5467 777 5519 37
795 5470 916 5521 sacerdus
928 5467 953 5519 Β
1053 5465 1088 5518 38
1105 5467 1251 5519 elemosinis
1263 5465 1317 5517 BT
1315 5470 1342 5529 (¹,
1359 5464 1523 5532 aelymosinis
1539 5462 1583 5512 17.
1682 5460 1717 5513 33
1735 5465 1818 5515 nulius
1828 5463 1853 5514 Il

193 5554 226 5609 dl
245 5556 337 5609 ultam
352 5554 377 5605 Γ
475 5554 511 5607 42
527 5573 610 5623 pause
622 5555 648 5605 B
