<?xml version="1.0" encoding="UTF-8"?>
<!DOCTYPE html PUBLIC "-//W3C//DTD XHTML 1.0 Transitional//EN"
    "http://www.w3.org/TR/xhtml1/DTD/xhtml1-transitional.dtd">
<html xmlns="http://www.w3.org/1999/xhtml" xml:lang="en" lang="en">
 <head>
  <title>
</title>
<meta http-equiv="Content-Type" content="text/html;charset=utf-8" />
  <meta name='ocr-system' content='tesseract 3.04.00' />
  <meta name='ocr-capabilities' content='ocr_page ocr_carea ocr_par ocr_line ocrx_word'/>
</head>
<body>
  <div class='ocr_page' id='page_1' title='image "./magnifelicisenn00vogegoog_0177.png"; bbox 0 0 4500 6232; ppageno 0'>
   <div class='ocr_carea' id='block_1_1' title="bbox 300 289 1277 359">
    <p class='ocr_par' dir='ltr' id='par_1_1' title="bbox 300 289 1277 359">
     <span class='ocr_line' id='line_1_1' title="bbox 300 289 1277 359; baseline -0.015 0"><span class='ocrx_word' id='word_1_1' title='bbox 300 299 360 359; x_wconf 82' lang='lat' dir='ltr'>tot</span> <span class='ocrx_word' id='word_1_2' title='bbox 970 290 1070 345; x_wconf 75' lang='lat' dir='ltr'>cxxx</span> <span class='ocrx_word' id='word_1_3' title='bbox 1089 289 1223 359; x_wconf 78' lang='lat' dir='ltr'>(eroso.</span> <span class='ocrx_word' id='word_1_4' title='bbox 1240 291 1277 358; x_wconf 77' lang='lat' dir='ltr'>s).</span> 
     </span>
    </p>
   </div>
   <div class='ocr_carea' id='block_1_2' title="bbox 158 462 2035 4372">
    <p class='ocr_par' dir='ltr' id='par_1_2' title="bbox 158 462 2035 4372">
     <span class='ocr_line' id='line_1_2' title="bbox 297 462 1953 551; baseline -0.001 -21"><span class='ocrx_word' id='word_1_5' title='bbox 297 467 451 551; x_wconf 85' lang='lat' dir='ltr'>captivos,</span> <span class='ocrx_word' id='word_1_6' title='bbox 475 475 510 529; x_wconf 93' lang='lat' dir='ltr'>tu</span> <span class='ocrx_word' id='word_1_7' title='bbox 533 467 603 530; x_wconf 91' lang='lat' dir='ltr'>sine</span> <span class='ocrx_word' id='word_1_8' title='bbox 626 466 731 550; x_wconf 92' lang='lat' dir='ltr'>pretio</span> <span class='ocrx_word' id='word_1_9' title='bbox 755 464 855 529; x_wconf 83' lang='lat' dir='ltr'><strong>redde</strong></span> <span class='ocrx_word' id='word_1_10' title='bbox 885 464 1087 547; x_wconf 80' lang='lat' dir='ltr'>genitalibus</span> <span class='ocrx_word' id='word_1_11' title='bbox 1118 463 1231 548; x_wconf 83' lang='lat' dir='ltr'>glebis.</span> <span class='ocrx_word' id='word_1_12' title='bbox 1278 465 1356 528; x_wconf 90' lang='lat' dir='ltr'>mihi</span> <span class='ocrx_word' id='word_1_13' title='bbox 1387 462 1519 541; x_wconf 80' lang='lat' dir='ltr'>credite,</span> <span class='ocrx_word' id='word_1_14' title='bbox 1552 484 1648 528; x_wconf 91' lang='lat' dir='ltr'>nemo</span> <span class='ocrx_word' id='word_1_15' title='bbox 1678 463 1813 528; x_wconf 85' lang='lat' dir='ltr'>uberius</span> <span class='ocrx_word' id='word_1_16' title='bbox 1834 465 1869 527; x_wconf 94' lang='lat' dir='ltr'>in</span> <span class='ocrx_word' id='word_1_17' title='bbox 1891 463 1953 529; x_wconf 87' lang='lat' dir='ltr'>hae</span> 
     </span>
     <span class='ocr_line' id='line_1_3' title="bbox 297 566 1953 653; baseline -0.003 -19"><span class='ocrx_word' id='word_1_18' title='bbox 297 592 406 644; x_wconf 86' lang='lat' dir='ltr'>cansa,</span> <span class='ocrx_word' id='word_1_19' title='bbox 431 569 654 632; x_wconf 85' lang='lat' dir='ltr'>nemo&#39;maius</span> <span class='ocrx_word' id='word_1_20' title='bbox 677 569 818 653; x_wconf 82' lang='lat' dir='ltr'>accipiet</span> <span class='ocrx_word' id='word_1_21' title='bbox 848 588 944 650; x_wconf 93' lang='lat' dir='ltr'>quam</span> <span class='ocrx_word' id='word_1_22' title='bbox 974 569 1027 652; x_wconf 93' lang='lat' dir='ltr'>qui</span> <span class='ocrx_word' id='word_1_23' title='bbox 1057 567 1136 631; x_wconf 91' lang='lat' dir='ltr'>nihil</span> <span class='ocrx_word' id='word_1_24' title='bbox 1165 569 1340 653; x_wconf 88' lang='lat' dir='ltr'>acceperit.</span> <span class='ocrx_word' id='word_1_25' title='bbox 1386 566 1613 631; x_wconf 89' lang='lat' dir='ltr'>defrudabitur</span> <span class='ocrx_word' id='word_1_26' title='bbox 1639 567 1820 652; x_wconf 89' lang='lat' dir='ltr'>praemium</span> <span class='ocrx_word' id='word_1_27' title='bbox 1851 566 1953 653; x_wconf 85' lang='lat' dir='ltr'>partis</span> 
     </span>
     <span class='ocr_line' id='line_1_4' title="bbox 296 668 1952 759; baseline -0.003 -22"><span class='ocrx_word' id='word_1_28' title='bbox 296 674 384 738; x_wconf 91' lang='lat' dir='ltr'>illius</span> <span class='ocrx_word' id='word_1_29' title='bbox 407 680 505 759; x_wconf 87' lang='lat' dir='ltr'>atque</span> <span class='ocrx_word' id='word_1_30' title='bbox 530 672 570 736; x_wconf 88' lang='lat' dir='ltr'>ad</span> <span class='ocrx_word' id='word_1_31' title='bbox 602 680 658 735; x_wconf 86' lang='lat' dir='ltr'>tua</span> <span class='ocrx_word' id='word_1_32' title='bbox 687 670 870 757; x_wconf 86' lang='lat' dir='ltr'>conpendia</span> <span class='ocrx_word' id='word_1_33' title='bbox 900 670 1024 735; x_wconf 91' lang='lat' dir='ltr'>lucrum</span> <span class='ocrx_word' id='word_1_34' title='bbox 1053 671 1171 736; x_wconf 80' lang='lat' dir='ltr'>transit</span> <span class='ocrx_word' id='word_1_35' title='bbox 1199 672 1343 749; x_wconf 91' lang='lat' dir='ltr'>alterius,</span> <span class='ocrx_word' id='word_1_36' title='bbox 1373 671 1399 733; x_wconf 90' lang='lat' dir='ltr'>si</span> <span class='ocrx_word' id='word_1_37' title='bbox 1432 690 1513 755; x_wconf 92' lang='lat' dir='ltr'>quos</span> <span class='ocrx_word' id='word_1_38' title='bbox 1541 677 1575 734; x_wconf 93' lang='lat' dir='ltr'>et</span> <span class='ocrx_word' id='word_1_39' title='bbox 1603 668 1745 734; x_wconf 82' lang='lat' dir='ltr'>rendere</span> <span class='ocrx_word' id='word_1_40' title='bbox 1773 670 1952 755; x_wconf 87' lang='lat' dir='ltr'>gloriosum</span> 
     </span>
     <span class='ocr_line' id='line_1_5' title="bbox 297 773 1951 860; baseline -0.004 -18"><span class='ocrx_word' id='word_1_41' title='bbox 297 786 348 842; x_wconf 92' lang='lat' dir='ltr'>est</span> <span class='ocrx_word' id='word_1_42' title='bbox 369 777 493 841; x_wconf 89' lang='lat' dir='ltr'>donare</span> <span class='ocrx_word' id='word_1_43' title='bbox 518 776 680 860; x_wconf 87' lang='lat' dir='ltr'>disponas.</span> <span class='ocrx_word' id='word_1_44' title='bbox 726 796 785 859; x_wconf 90' lang='lat' dir='ltr'>pro</span> <span class='ocrx_word' id='word_1_45' title='bbox 809 779 964 858; x_wconf 91' lang='lat' dir='ltr'>quantum</span> <span class='ocrx_word' id='word_1_46' title='bbox 988 773 1148 859; x_wconf 90' lang='lat' dir='ltr'>dispendii</span> <span class='ocrx_word' id='word_1_47' title='bbox 1177 774 1218 838; x_wconf 93' lang='lat' dir='ltr'>de</span> <span class='ocrx_word' id='word_1_48' title='bbox 1248 774 1486 859; x_wconf 80' lang='lat' dir='ltr'>pollicitatione</span> <span class='ocrx_word' id='word_1_49' title='bbox 1515 773 1627 837; x_wconf 83' lang='lat' dir='ltr'>divina</span> <span class='ocrx_word' id='word_1_50' title='bbox 1656 773 1807 839; x_wconf 87' lang='lat' dir='ltr'>offerenti</span> <span class='ocrx_word' id='word_1_51' title='bbox 1837 792 1951 837; x_wconf 90' lang='lat' dir='ltr'>aurum</span> 
     </span>
     <span class='ocr_line' id='line_1_6' title="bbox 297 875 2025 964; baseline -0.004 -19"><span class='ocrx_word' id='word_1_52' title='bbox 297 884 330 945; x_wconf 95' lang='lat' dir='ltr'>in</span> <span class='ocrx_word' id='word_1_53' title='bbox 354 882 416 945; x_wconf 94' lang='lat' dir='ltr'>hoc</span> <span class='ocrx_word' id='word_1_54' title='bbox 440 881 581 964; x_wconf 84' lang='lat' dir='ltr'>negotio,</span> <span class='ocrx_word' id='word_1_55' title='bbox 606 880 632 942; x_wconf 88' lang='lat' dir='ltr'>si</span> <span class='ocrx_word' id='word_1_56' title='bbox 656 879 850 958; x_wconf 89' lang='lat' dir='ltr'>remittatur,</span> <span class='ocrx_word' id='word_1_57' title='bbox 874 877 990 962; x_wconf 87' lang='lat' dir='ltr'>infligit</span> <span class='ocrx_word' id='word_1_58' title='bbox 1013 879 1065 942; x_wconf 86' lang='lat' dir='ltr'>vel</span> <span class='ocrx_word' id='word_1_59' title='bbox 1089 884 1244 962; x_wconf 89' lang='lat' dir='ltr'>quantam</span> <span class='ocrx_word' id='word_1_60' title='bbox 1267 877 1469 964; x_wconf 83' lang='lat' dir='ltr'>pauperiem,</span> <span class='ocrx_word' id='word_1_61' title='bbox 1502 877 1530 940; x_wconf 93' lang='lat' dir='ltr'>si</span> <span class='ocrx_word' id='word_1_62' title='bbox 1552 876 1760 962; x_wconf 83' lang='lat' dir='ltr'>suscipiatur,</span> <span class='ocrx_word' id='word_1_63' title='bbox 1783 875 1951 962; x_wconf 80' lang='lat' dir='ltr'>adportat!</span> <span class='ocrx_word' id='word_1_64' title='bbox 2014 898 2025 929; x_wconf 74' lang='lat' dir='ltr'>s</span> 
     </span>
     <span class='ocr_line' id='line_1_7' title="bbox 227 980 1952 1068; baseline -0.001 -21"><span class='ocrx_word' id='word_1_65' title='bbox 227 988 284 1047; x_wconf 79' lang='grc'>151</span> <span class='ocrx_word' id='word_1_66' title='bbox 298 985 416 1048; x_wconf 86' lang='lat' dir='ltr'>divites</span> <span class='ocrx_word' id='word_1_67' title='bbox 449 984 614 1047; x_wconf 88' lang='lat' dir='ltr'>exereitus</span> <span class='ocrx_word' id='word_1_68' title='bbox 645 990 719 1045; x_wconf 90' lang='lat' dir='ltr'>tuos</span> <span class='ocrx_word' id='word_1_69' title='bbox 751 982 850 1045; x_wconf 85' lang='lat' dir='ltr'>faciet</span> <span class='ocrx_word' id='word_1_70' title='bbox 878 988 1065 1066; x_wconf 89' lang='lat' dir='ltr'>contempta</span> <span class='ocrx_word' id='word_1_71' title='bbox 1096 983 1245 1068; x_wconf 91' lang='lat' dir='ltr'>pecunia,</span> <span class='ocrx_word' id='word_1_72' title='bbox 1276 981 1439 1066; x_wconf 90' lang='lat' dir='ltr'>adquisita</span> <span class='ocrx_word' id='word_1_73' title='bbox 1470 980 1650 1046; x_wconf 89' lang='lat' dir='ltr'>mendicos.</span> <span class='ocrx_word' id='word_1_74' title='bbox 1694 981 1770 1046; x_wconf 89' lang='lat' dir='ltr'>audi</span> <span class='ocrx_word' id='word_1_75' title='bbox 1793 980 1952 1045; x_wconf 89' lang='lat' dir='ltr'>Italorum</span> 
     </span>
     <span class='ocr_line' id='line_1_8' title="bbox 298 1083 2035 1173; baseline 0 -22"><span class='ocrx_word' id='word_1_76' title='bbox 298 1089 482 1173; x_wconf 89' lang='lat' dir='ltr'>supplicum</span> <span class='ocrx_word' id='word_1_77' title='bbox 507 1108 603 1150; x_wconf 90' lang='lat' dir='ltr'>voces</span> <span class='ocrx_word' id='word_1_78' title='bbox 627 1093 659 1149; x_wconf 91' lang='lat' dir='ltr'>et</span> <span class='ocrx_word' id='word_1_79' title='bbox 683 1085 723 1149; x_wconf 91' lang='lat' dir='ltr'>de</span> <span class='ocrx_word' id='word_1_80' title='bbox 747 1093 779 1148; x_wconf 92' lang='lat' dir='ltr'>te</span> <span class='ocrx_word' id='word_1_81' title='bbox 804 1086 1081 1170; x_wconf 86' lang='lat' dir='ltr'>praesumentium</span> <span class='ocrx_word' id='word_1_82' title='bbox 1104 1102 1223 1169; x_wconf 89' lang='lat' dir='ltr'>preces</span> <span class='ocrx_word' id='word_1_83' title='bbox 1252 1106 1386 1150; x_wconf 91' lang='lat' dir='ltr'>serenus</span> <span class='ocrx_word' id='word_1_84' title='bbox 1414 1083 1561 1148; x_wconf 91' lang='lat' dir='ltr'>admitte.</span> <span class='ocrx_word' id='word_1_85' title='bbox 1605 1083 1680 1148; x_wconf 89' lang='lat' dir='ltr'>audi</span> <span class='ocrx_word' id='word_1_86' title='bbox 1704 1083 1834 1149; x_wconf 85' lang='lat' dir='ltr'>Italiam</span> <span class='ocrx_word' id='word_1_87' title='bbox 1857 1106 1951 1148; x_wconf 93' lang='lat' dir='ltr'>num·</span> <span class='ocrx_word' id='word_1_88' title='bbox 1966 1102 2035 1151; x_wconf 70' lang='grc'><strong>0411</strong></span> 
     </span>
     <span class='ocr_line' id='line_1_9' title="bbox 297 1186 1952 1275; baseline 0 -24"><span class='ocrx_word' id='word_1_89' title='bbox 297 1212 393 1275; x_wconf 89' lang='lat' dir='ltr'>qnam</span> <span class='ocrx_word' id='word_1_90' title='bbox 418 1212 437 1252; x_wconf 89' lang='lat' dir='ltr'>a</span> <span class='ocrx_word' id='word_1_91' title='bbox 460 1196 492 1253; x_wconf 90' lang='lat' dir='ltr'>te</span> <span class='ocrx_word' id='word_1_92' title='bbox 516 1189 653 1252; x_wconf 86' lang='lat' dir='ltr'>divisam</span> <span class='ocrx_word' id='word_1_93' title='bbox 678 1195 710 1253; x_wconf 92' lang='lat' dir='ltr'>et</span> <span class='ocrx_word' id='word_1_94' title='bbox 735 1188 870 1250; x_wconf 90' lang='lat' dir='ltr'>multum</span> <span class='ocrx_word' id='word_1_95' title='bbox 894 1186 934 1250; x_wconf 92' lang='lat' dir='ltr'>de</span> <span class='ocrx_word' id='word_1_96' title='bbox 958 1187 1057 1251; x_wconf 91' lang='lat' dir='ltr'>animi</span> <span class='ocrx_word' id='word_1_97' title='bbox 1080 1188 1127 1250; x_wconf 89' lang='lat' dir='ltr'>tui</span> <span class='ocrx_word' id='word_1_98' title='bbox 1157 1188 1332 1251; x_wconf 89' lang='lat' dir='ltr'>clementia</span> <span class='ocrx_word' id='word_1_99' title='bbox 1363 1186 1591 1266; x_wconf 87' lang='lat' dir='ltr'>confidentem,</span> <span class='ocrx_word' id='word_1_100' title='bbox 1623 1207 1708 1270; x_wconf 88' lang='lat' dir='ltr'>quae</span> <span class='ocrx_word' id='word_1_101' title='bbox 1732 1187 1760 1251; x_wconf 90' lang='lat' dir='ltr'>si</span> <span class='ocrx_word' id='word_1_102' title='bbox 1783 1208 1849 1252; x_wconf 88' lang='lat' dir='ltr'>una</span> <span class='ocrx_word' id='word_1_103' title='bbox 1871 1208 1952 1251; x_wconf 81' lang='lat' dir='ltr'>voce</span> 
     </span>
     <span class='ocr_line' id='line_1_10' title="bbox 297 1288 1953 1375; baseline -0.001 -19"><span class='ocrx_word' id='word_1_104' title='bbox 297 1299 459 1368; x_wconf 88' lang='lat' dir='ltr'>uteretur,</span> <span class='ocrx_word' id='word_1_105' title='bbox 493 1293 573 1355; x_wconf 88' lang='lat' dir='ltr'>hacc</span> <span class='ocrx_word' id='word_1_106' title='bbox 602 1292 742 1356; x_wconf 86' lang='lat' dir='ltr'>diceret:</span> <span class='ocrx_word' id='word_1_107' title='bbox 782 1291 933 1374; x_wconf 90' lang='lat' dir='ltr'>quotiens</span> <span class='ocrx_word' id='word_1_108' title='bbox 961 1311 1020 1375; x_wconf 90' lang='lat' dir='ltr'>pro</span> <span class='ocrx_word' id='word_1_109' title='bbox 1048 1311 1116 1363; x_wconf 91' lang='lat' dir='ltr'>me,</span> <span class='ocrx_word' id='word_1_110' title='bbox 1150 1290 1177 1352; x_wconf 87' lang='lat' dir='ltr'>si</span> <span class='ocrx_word' id='word_1_111' title='bbox 1205 1290 1436 1365; x_wconf 88' lang='lat' dir='ltr'>reminisceris,</span> <span class='ocrx_word' id='word_1_112' title='bbox 1471 1290 1627 1354; x_wconf 89' lang='lat' dir='ltr'>ferretum</span> <span class='ocrx_word' id='word_1_113' title='bbox 1658 1294 1774 1375; x_wconf 88' lang='lat' dir='ltr'>pectus</span> <span class='ocrx_word' id='word_1_114' title='bbox 1802 1288 1953 1355; x_wconf 85' lang='lat' dir='ltr'>hostibus</span> 
     </span>
     <span class='ocr_line' id='line_1_11' title="bbox 297 1390 2029 1480; baseline -0.005 -21"><span class='ocrx_word' id='word_1_115' title='bbox 297 1396 464 1459; x_wconf 75' lang='lat' dir='ltr'>obtulisti?</span> <span class='ocrx_word' id='word_1_116' title='bbox 499 1396 652 1479; x_wconf 88' lang='lat' dir='ltr'>quotiens</span> <span class='ocrx_word' id='word_1_117' title='bbox 677 1395 827 1480; x_wconf 83' lang='lat' dir='ltr'>pugnasti</span> <span class='ocrx_word' id='word_1_118' title='bbox 848 1394 996 1471; x_wconf 88' lang='lat' dir='ltr'>consilio,</span> <span class='ocrx_word' id='word_1_119' title='bbox 1021 1415 1061 1457; x_wconf 92' lang='lat' dir='ltr'>ne</span> <span class='ocrx_word' id='word_1_120' title='bbox 1085 1392 1172 1457; x_wconf 88' lang='lat' dir='ltr'>bellu</span> <span class='ocrx_word' id='word_1_121' title='bbox 1188 1393 1404 1479; x_wconf 91' lang='lat' dir='ltr'>subriperent,</span> <span class='ocrx_word' id='word_1_122' title='bbox 1426 1415 1467 1457; x_wconf 91' lang='lat' dir='ltr'>ne</span> <span class='ocrx_word' id='word_1_123' title='bbox 1484 1393 1600 1478; x_wconf 90' lang='lat' dir='ltr'>aliquis</span> <span class='ocrx_word' id='word_1_124' title='bbox 1615 1413 1760 1456; x_wconf 91' lang='lat' dir='ltr'>meorum</span> <span class='ocrx_word' id='word_1_125' title='bbox 1777 1390 1953 1457; x_wconf 85' lang='lat' dir='ltr'>duceretur</span> <span class='ocrx_word' id='word_1_126' title='bbox 2004 1415 2029 1451; x_wconf 84' lang='lat' dir='ltr'>ro</span> 
     </span>
     <span class='ocr_line' id='line_1_12' title="bbox 228 1494 1953 1583; baseline -0.002 -20"><span class='ocrx_word' id='word_1_127' title='bbox 228 1499 330 1564; x_wconf 79' lang='grc'><strong>15810</strong></span> <span class='ocrx_word' id='word_1_128' title='bbox 355 1519 559 1583; x_wconf 88' lang='lat' dir='ltr'>quacumque</span> <span class='ocrx_word' id='word_1_129' title='bbox 583 1497 671 1561; x_wconf 89' lang='lat' dir='ltr'>orbis</span> <span class='ocrx_word' id='word_1_130' title='bbox 695 1505 788 1582; x_wconf 86' lang='lat' dir='ltr'>parte</span> <span class='ocrx_word' id='word_1_131' title='bbox 812 1497 985 1582; x_wconf 79' lang='lat' dir='ltr'>captivus?</span> <span class='ocrx_word' id='word_1_132' title='bbox 1010 1517 1092 1581; x_wconf 90' lang='lat' dir='ltr'>quos</span> <span class='ocrx_word' id='word_1_133' title='bbox 1116 1517 1201 1559; x_wconf 90' lang='lat' dir='ltr'>nunc</span> <span class='ocrx_word' id='word_1_134' title='bbox 1224 1496 1361 1573; x_wconf 89' lang='lat' dir='ltr'>detines,</span> <span class='ocrx_word' id='word_1_135' title='bbox 1386 1503 1419 1560; x_wconf 92' lang='lat' dir='ltr'>tu</span> <span class='ocrx_word' id='word_1_136' title='bbox 1445 1497 1582 1561; x_wconf 89' lang='lat' dir='ltr'>nutristi.</span> <span class='ocrx_word' id='word_1_137' title='bbox 1619 1494 1731 1560; x_wconf 90' lang='lat' dir='ltr'>dolose</span> <span class='ocrx_word' id='word_1_138' title='bbox 1750 1495 1829 1559; x_wconf 91' lang='lat' dir='ltr'>mihi</span> <span class='ocrx_word' id='word_1_139' title='bbox 1851 1496 1953 1560; x_wconf 81' lang='lat' dir='ltr'>virtus</span> 
     </span>
     <span class='ocr_line' id='line_1_13' title="bbox 297 1598 1952 1686; baseline -0.001 -22"><span class='ocrx_word' id='word_1_140' title='bbox 297 1608 353 1664; x_wconf 89' lang='lat' dir='ltr'>tua</span> <span class='ocrx_word' id='word_1_141' title='bbox 369 1601 563 1664; x_wconf 88' lang='lat' dir='ltr'>beneficium</span> <span class='ocrx_word' id='word_1_142' title='bbox 586 1601 758 1686; x_wconf 90' lang='lat' dir='ltr'>praestitit,</span> <span class='ocrx_word' id='word_1_143' title='bbox 782 1602 807 1663; x_wconf 89' lang='lat' dir='ltr'>si</span> <span class='ocrx_word' id='word_1_144' title='bbox 831 1622 910 1685; x_wconf 90' lang='lat' dir='ltr'>quos</span> <span class='ocrx_word' id='word_1_145' title='bbox 931 1600 972 1665; x_wconf 89' lang='lat' dir='ltr'>ab</span> <span class='ocrx_word' id='word_1_146' title='bbox 990 1601 1156 1664; x_wconf 85' lang='lat' dir='ltr'>extraneis</span> <span class='ocrx_word' id='word_1_147' title='bbox 1174 1606 1297 1663; x_wconf 89' lang='lat' dir='ltr'>tutatus</span> <span class='ocrx_word' id='word_1_148' title='bbox 1316 1606 1367 1663; x_wconf 89' lang='lat' dir='ltr'>est</span> <span class='ocrx_word' id='word_1_149' title='bbox 1382 1606 1492 1664; x_wconf 92' lang='lat' dir='ltr'>custos</span> <span class='ocrx_word' id='word_1_150' title='bbox 1510 1599 1639 1663; x_wconf 88' lang='lat' dir='ltr'>invasit.</span> <span class='ocrx_word' id='word_1_151' title='bbox 1672 1598 1745 1683; x_wconf 92' lang='lat' dir='ltr'>quis</span> <span class='ocrx_word' id='word_1_152' title='bbox 1760 1606 1952 1664; x_wconf 89' lang='lat' dir='ltr'>catenarum</span> 
     </span>
     <span class='ocr_line' id='line_1_14' title="bbox 297 1701 1953 1790; baseline -0.001 -23"><span class='ocrx_word' id='word_1_153' title='bbox 297 1705 436 1768; x_wconf 86' lang='lat' dir='ltr'>noxibus</span> <span class='ocrx_word' id='word_1_154' title='bbox 468 1703 632 1790; x_wconf 90' lang='lat' dir='ltr'>inpeditus</span> <span class='ocrx_word' id='word_1_155' title='bbox 664 1703 766 1768; x_wconf 88' lang='lat' dir='ltr'>durae</span> <span class='ocrx_word' id='word_1_156' title='bbox 801 1705 879 1766; x_wconf 92' lang='lat' dir='ltr'>sorti</span> <span class='ocrx_word' id='word_1_157' title='bbox 917 1725 981 1767; x_wconf 91' lang='lat' dir='ltr'>non</span> <span class='ocrx_word' id='word_1_158' title='bbox 1018 1704 1187 1768; x_wconf 87' lang='lat' dir='ltr'>uberiores</span> <span class='ocrx_word' id='word_1_159' title='bbox 1223 1703 1376 1767; x_wconf 87' lang='lat' dir='ltr'>lacrimas</span> <span class='ocrx_word' id='word_1_160' title='bbox 1407 1703 1595 1779; x_wconf 85' lang='lat' dir='ltr'>exhiberet,</span> <span class='ocrx_word' id='word_1_161' title='bbox 1630 1721 1704 1766; x_wconf 90' lang='lat' dir='ltr'>cum</span> <span class='ocrx_word' id='word_1_162' title='bbox 1737 1723 1773 1766; x_wconf 90' lang='lat' dir='ltr'>se</span> <span class='ocrx_word' id='word_1_163' title='bbox 1802 1701 1845 1767; x_wconf 92' lang='lat' dir='ltr'>ad</span> <span class='ocrx_word' id='word_1_164' title='bbox 1874 1723 1953 1766; x_wconf 92' lang='lat' dir='ltr'>con·</span> 
     </span>
     <span class='ocr_line' id='line_1_15' title="bbox 296 1804 1953 1893; baseline -0.001 -22"><span class='ocrx_word' id='word_1_165' title='bbox 296 1808 456 1872; x_wconf 87' lang='lat' dir='ltr'>dicionem</span> <span class='ocrx_word' id='word_1_166' title='bbox 494 1807 652 1871; x_wconf 85' lang='lat' dir='ltr'>liberator</span> <span class='ocrx_word' id='word_1_167' title='bbox 689 1807 884 1893; x_wconf 83' lang='lat' dir='ltr'>inpelleret?</span> <span class='ocrx_word' id='word_1_168' title='bbox 920 1808 992 1892; x_wconf 89' lang='lat' dir='ltr'>quis</span> <span class='ocrx_word' id='word_1_169' title='bbox 1025 1827 1061 1871; x_wconf 90' lang='lat' dir='ltr'>se</span> <span class='ocrx_word' id='word_1_170' title='bbox 1096 1806 1310 1885; x_wconf 87' lang='lat' dir='ltr'>subduceret,</span> <span class='ocrx_word' id='word_1_171' title='bbox 1344 1828 1417 1871; x_wconf 92' lang='lat' dir='ltr'>cum</span> <span class='ocrx_word' id='word_1_172' title='bbox 1452 1827 1615 1872; x_wconf 90' lang='lat' dir='ltr'>armorum</span> <span class='ocrx_word' id='word_1_173' title='bbox 1648 1811 1778 1870; x_wconf 85' lang='lat' dir='ltr'>tuorum</span> <span class='ocrx_word' id='word_1_174' title='bbox 1806 1804 1953 1890; x_wconf 88' lang='lat' dir='ltr'>crepitus</span> 
     </span>
     <span class='ocr_line' id='line_1_16' title="bbox 296 1908 2027 1996; baseline -0.003 -22"><span class='ocrx_word' id='word_1_175' title='bbox 296 1911 480 1982; x_wconf 84' lang='lat' dir='ltr'>audiretur,</span> <span class='ocrx_word' id='word_1_176' title='bbox 519 1912 551 1975; x_wconf 92' lang='lat' dir='ltr'>in</span> <span class='ocrx_word' id='word_1_177' title='bbox 590 1931 653 1995; x_wconf 91' lang='lat' dir='ltr'>quo</span> <span class='ocrx_word' id='word_1_178' title='bbox 693 1911 723 1973; x_wconf 94' lang='lat' dir='ltr'>in</span> <span class='ocrx_word' id='word_1_179' title='bbox 762 1910 1011 1975; x_wconf 88' lang='lat' dir='ltr'>necessitatibus</span> <span class='ocrx_word' id='word_1_180' title='bbox 1048 1911 1246 1974; x_wconf 87' lang='lat' dir='ltr'>tutissimum</span> <span class='ocrx_word' id='word_1_181' title='bbox 1289 1911 1434 1975; x_wconf 88' lang='lat' dir='ltr'>habuere</span> <span class='ocrx_word' id='word_1_182' title='bbox 1479 1910 1686 1996; x_wconf 79' lang='lat' dir='ltr'>perfugium?</span> <span class='ocrx_word' id='word_1_183' title='bbox 1738 1908 1829 1974; x_wconf 87' lang='lat' dir='ltr'>elisis</span> <span class='ocrx_word' id='word_1_184' title='bbox 1865 1908 1950 1973; x_wconf 90' lang='lat' dir='ltr'>eollo</span> <span class='ocrx_word' id='word_1_185' title='bbox 2003 1930 2027 1967; x_wconf 85' lang='grc'>0</span> 
     </span>
     <span class='ocr_line' id='line_1_17' title="bbox 227 2011 1952 2100; baseline 0.001 -26"><span class='ocrx_word' id='word_1_186' title='bbox 227 2015 445 2079; x_wconf 74' lang='grc'><strong>1590001100</strong></span> <span class='ocrx_word' id='word_1_187' title='bbox 489 2021 639 2078; x_wconf 89' lang='lat' dir='ltr'>matrona</span> <span class='ocrx_word' id='word_1_188' title='bbox 681 2015 828 2078; x_wconf 92' lang='lat' dir='ltr'>sublimis</span> <span class='ocrx_word' id='word_1_189' title='bbox 875 2035 948 2078; x_wconf 92' lang='lat' dir='ltr'>cum</span> <span class='ocrx_word' id='word_1_190' title='bbox 990 2015 1176 2080; x_wconf 90' lang='lat' dir='ltr'>traheretur</span> <span class='ocrx_word' id='word_1_191' title='bbox 1217 2015 1259 2079; x_wconf 89' lang='lat' dir='ltr'>ad</span> <span class='ocrx_word' id='word_1_192' title='bbox 1303 2015 1444 2093; x_wconf 80' lang='lat' dir='ltr'>uincula,</span> <span class='ocrx_word' id='word_1_193' title='bbox 1492 2014 1642 2100; x_wconf 91' lang='lat' dir='ltr'>promisit</span> <span class='ocrx_word' id='word_1_194' title='bbox 1684 2011 1746 2077; x_wconf 89' lang='lat' dir='ltr'>sibi</span> <span class='ocrx_word' id='word_1_195' title='bbox 1790 2011 1952 2077; x_wconf 82' lang='lat' dir='ltr'>vindicem</span> 
     </span>
     <span class='ocr_line' id='line_1_18' title="bbox 297 2114 1953 2203; baseline -0.001 -22"><span class='ocrx_word' id='word_1_196' title='bbox 297 2125 329 2182; x_wconf 91' lang='lat' dir='ltr'>tc</span> <span class='ocrx_word' id='word_1_197' title='bbox 352 2119 507 2181; x_wconf 90' lang='lat' dir='ltr'>futurum.</span> <span class='ocrx_word' id='word_1_198' title='bbox 551 2119 643 2202; x_wconf 86' lang='lat' dir='ltr'>virgo</span> <span class='ocrx_word' id='word_1_199' title='bbox 667 2118 708 2180; x_wconf 88' lang='lat' dir='ltr'>ab</span> <span class='ocrx_word' id='word_1_200' title='bbox 733 2119 924 2202; x_wconf 88' lang='lat' dir='ltr'>stupratoris</span> <span class='ocrx_word' id='word_1_201' title='bbox 948 2117 1075 2181; x_wconf 90' lang='lat' dir='ltr'>insidiis</span> <span class='ocrx_word' id='word_1_202' title='bbox 1098 2115 1256 2203; x_wconf 89' lang='lat' dir='ltr'>pudorem</span> <span class='ocrx_word' id='word_1_203' title='bbox 1280 2137 1374 2180; x_wconf 76' lang='lat' dir='ltr'>surim</span> <span class='ocrx_word' id='word_1_204' title='bbox 1397 2116 1456 2181; x_wconf 94' lang='lat' dir='ltr'>tibi</span> <span class='ocrx_word' id='word_1_205' title='bbox 1479 2115 1636 2181; x_wconf 86' lang='lat' dir='ltr'>credebat</span> <span class='ocrx_word' id='word_1_206' title='bbox 1657 2114 1832 2202; x_wconf 89' lang='lat' dir='ltr'>displicere</span> <span class='ocrx_word' id='word_1_207' title='bbox 1854 2137 1953 2203; x_wconf 86' lang='lat' dir='ltr'>posse</span> 
     </span>
     <span class='ocr_line' id='line_1_19' title="bbox 297 2218 1952 2305; baseline -0.001 -22"><span class='ocrx_word' id='word_1_208' title='bbox 297 2222 324 2284; x_wconf 90' lang='lat' dir='ltr'>si</span> <span class='ocrx_word' id='word_1_209' title='bbox 358 2220 518 2305; x_wconf 86' lang='lat' dir='ltr'>perderet.</span> <span class='ocrx_word' id='word_1_210' title='bbox 572 2221 604 2282; x_wconf 90' lang='grc'>10</span> <span class='ocrx_word' id='word_1_211' title='bbox 640 2241 816 2297; x_wconf 88' lang='lat' dir='ltr'>summam,</span> <span class='ocrx_word' id='word_1_212' title='bbox 855 2221 939 2305; x_wconf 88' lang='lat' dir='ltr'>capti</span> <span class='ocrx_word' id='word_1_213' title='bbox 978 2226 1070 2298; x_wconf 92' lang='lat' dir='ltr'>sunt,</span> <span class='ocrx_word' id='word_1_214' title='bbox 1110 2240 1191 2303; x_wconf 92' lang='lat' dir='ltr'>quos</span> <span class='ocrx_word' id='word_1_215' title='bbox 1226 2239 1321 2282; x_wconf 91' lang='lat' dir='ltr'>nemo</span> <span class='ocrx_word' id='word_1_216' title='bbox 1356 2220 1519 2304; x_wconf 87' lang='lat' dir='ltr'>fugientes</span> <span class='ocrx_word' id='word_1_217' title='bbox 1553 2219 1686 2284; x_wconf 85' lang='lat' dir='ltr'>invenit.</span> <span class='ocrx_word' id='word_1_218' title='bbox 1736 2218 1952 2303; x_wconf 83' lang='lat' dir='ltr'>agricolarum</span> 
     </span>
     <span class='ocr_line' id='line_1_20' title="bbox 158 2320 1955 2422; baseline 0.001 -36"><span class='ocrx_word' id='word_1_219' title='bbox 158 2320 282 2422; x_wconf 49' lang='lat' dir='ltr'>,fffflgfgssg</span> <span class='ocrx_word' id='word_1_220' title='bbox 299 2323 483 2386; x_wconf 90' lang='lat' dir='ltr'>laboriosae</span> <span class='ocrx_word' id='word_1_221' title='bbox 508 2323 625 2407; x_wconf 89' lang='lat' dir='ltr'>stirpes</span> <span class='ocrx_word' id='word_1_222' title='bbox 649 2330 682 2386; x_wconf 89' lang='lat' dir='ltr'>et</span> <span class='ocrx_word' id='word_1_223' title='bbox 704 2321 792 2386; x_wconf 89' lang='lat' dir='ltr'>duris</span> <span class='ocrx_word' id='word_1_224' title='bbox 817 2323 1020 2386; x_wconf 82' lang='lat' dir='ltr'>exercitatae</span> <span class='ocrx_word' id='word_1_225' title='bbox 1044 2322 1208 2407; x_wconf 88' lang='lat' dir='ltr'>ligonibus</span> <span class='ocrx_word' id='word_1_226' title='bbox 1231 2321 1373 2403; x_wconf 88' lang='lat' dir='ltr'>suboles,</span> <span class='ocrx_word' id='word_1_227' title='bbox 1401 2343 1481 2407; x_wconf 91' lang='lat' dir='ltr'>quos</span> <span class='ocrx_word' id='word_1_228' title='bbox 1505 2344 1564 2409; x_wconf 88' lang='lat' dir='ltr'>per</span> <span class='ocrx_word' id='word_1_229' title='bbox 1585 2328 1708 2387; x_wconf 86' lang='lat' dir='ltr'>terram</span> <span class='ocrx_word' id='word_1_230' title='bbox 1731 2343 1823 2387; x_wconf 90' lang='lat' dir='ltr'>suam</span> <span class='ocrx_word' id='word_1_231' title='bbox 1846 2322 1955 2409; x_wconf 88' lang='lat' dir='ltr'>pascit</span> 
     </span>
     <span class='ocr_line' id='line_1_21' title="bbox 297 2426 2028 2512; baseline 0.001 -22"><span class='ocrx_word' id='word_1_232' title='bbox 297 2427 493 2491; x_wconf 88' lang='lat' dir='ltr'>infabricata</span> <span class='ocrx_word' id='word_1_233' title='bbox 521 2427 724 2510; x_wconf 87' lang='lat' dir='ltr'>simplicitas,</span> <span class='ocrx_word' id='word_1_234' title='bbox 755 2447 827 2490; x_wconf 92' lang='lat' dir='ltr'>cum</span> <span class='ocrx_word' id='word_1_235' title='bbox 858 2427 935 2490; x_wconf 90' lang='lat' dir='ltr'>loris</span> <span class='ocrx_word' id='word_1_236' title='bbox 966 2426 1052 2490; x_wconf 87' lang='lat' dir='ltr'>colle</span> <span class='ocrx_word' id='word_1_237' title='bbox 1082 2432 1291 2490; x_wconf 87' lang='lat' dir='ltr'>necterentur</span> <span class='ocrx_word' id='word_1_238' title='bbox 1320 2436 1354 2491; x_wconf 93' lang='lat' dir='ltr'>et</span> <span class='ocrx_word' id='word_1_239' title='bbox 1382 2427 1509 2512; x_wconf 91' lang='lat' dir='ltr'>palmas</span> <span class='ocrx_word' id='word_1_240' title='bbox 1537 2427 1677 2492; x_wconf 87' lang='lat' dir='ltr'>vinciret</span> <span class='ocrx_word' id='word_1_241' title='bbox 1702 2432 1775 2491; x_wconf 91' lang='lat' dir='ltr'>arta</span> <span class='ocrx_word' id='word_1_242' title='bbox 1801 2426 1951 2497; x_wconf 81' lang='lat' dir='ltr'>conexio,</span> <span class='ocrx_word' id='word_1_243' title='bbox 2003 2444 2028 2483; x_wconf 74' lang='lat'>²¹·</span> 
     </span>
     <span class='ocr_line' id='line_1_22' title="bbox 225 2527 1953 2616; baseline 0.001 -26"><span class='ocrx_word' id='word_1_244' title='bbox 225 2530 284 2590; x_wconf 82' lang='lat'>160</span> <span class='ocrx_word' id='word_1_245' title='bbox 297 2530 377 2593; x_wconf 94' lang='lat' dir='ltr'>nihil</span> <span class='ocrx_word' id='word_1_246' title='bbox 410 2551 469 2616; x_wconf 92' lang='lat' dir='ltr'>pro</span> <span class='ocrx_word' id='word_1_247' title='bbox 499 2528 691 2594; x_wconf 88' lang='lat' dir='ltr'>defensione</span> <span class='ocrx_word' id='word_1_248' title='bbox 720 2549 779 2592; x_wconf 90' lang='lat' dir='ltr'>sua</span> <span class='ocrx_word' id='word_1_249' title='bbox 806 2528 893 2592; x_wconf 93' lang='lat' dir='ltr'>aliud</span> <span class='ocrx_word' id='word_1_250' title='bbox 924 2528 1155 2593; x_wconf 87' lang='lat' dir='ltr'>clamitabant:</span> <span class='ocrx_word' id='word_1_251' title='bbox 1189 2528 1309 2592; x_wconf 88' lang='lat' dir='ltr'>scimus</span> <span class='ocrx_word' id='word_1_252' title='bbox 1339 2534 1373 2592; x_wconf 92' lang='lat' dir='ltr'>ct</span> <span class='ocrx_word' id='word_1_253' title='bbox 1399 2528 1568 2593; x_wconf 86' lang='lat' dir='ltr'>evidenter</span> <span class='ocrx_word' id='word_1_254' title='bbox 1594 2527 1814 2612; x_wconf 90' lang='lat' dir='ltr'>agnoscimus,</span> <span class='ocrx_word' id='word_1_255' title='bbox 1845 2549 1953 2592; x_wconf 91' lang='lat' dir='ltr'>nonne</span> 
     </span>
     <span class='ocr_line' id='line_1_23' title="bbox 296 2631 1954 2717; baseline 0.001 -22"><span class='ocrx_word' id='word_1_256' title='bbox 296 2655 355 2697; x_wconf 91' lang='lat' dir='ltr'>vos</span> <span class='ocrx_word' id='word_1_257' title='bbox 380 2635 461 2698; x_wconf 91' lang='lat' dir='ltr'>estis</span> <span class='ocrx_word' id='word_1_258' title='bbox 485 2633 736 2717; x_wconf 90' lang='lat' dir='ltr'>Burgundiones</span> <span class='ocrx_word' id='word_1_259' title='bbox 761 2632 886 2696; x_wconf 78' lang='lat' dir='ltr'>nostri?</span> <span class='ocrx_word' id='word_1_260' title='bbox 920 2631 1039 2709; x_wconf 87' lang='lat' dir='ltr'>videte,</span> <span class='ocrx_word' id='word_1_261' title='bbox 1064 2652 1105 2695; x_wconf 91' lang='lat' dir='ltr'>nc</span> <span class='ocrx_word' id='word_1_262' title='bbox 1129 2637 1204 2695; x_wconf 88' lang='lat' dir='ltr'>ante</span> <span class='ocrx_word' id='word_1_263' title='bbox 1228 2631 1316 2716; x_wconf 94' lang='lat' dir='ltr'>pium</span> <span class='ocrx_word' id='word_1_264' title='bbox 1341 2652 1452 2716; x_wconf 89' lang='lat' dir='ltr'>regem</span> <span class='ocrx_word' id='word_1_265' title='bbox 1483 2653 1566 2717; x_wconf 90' lang='lat' dir='ltr'>quac</span> <span class='ocrx_word' id='word_1_266' title='bbox 1596 2632 1703 2697; x_wconf 88' lang='lat' dir='ltr'>facitis</span> <span class='ocrx_word' id='word_1_267' title='bbox 1726 2633 1896 2697; x_wconf 87' lang='lat' dir='ltr'>excusetis</span> <span class='ocrx_word' id='word_1_268' title='bbox 1920 2639 1954 2699; x_wconf 90' lang='lat' dir='ltr'>et</span> 
     </span>
     <span class='ocr_line' id='line_1_24' title="bbox 296 2734 1951 2822; baseline 0.002 -24"><span class='ocrx_word' id='word_1_269' title='bbox 296 2736 353 2799; x_wconf 89' lang='lat' dir='ltr'>illa</span> <span class='ocrx_word' id='word_1_270' title='bbox 382 2737 580 2801; x_wconf 91' lang='lat' dir='ltr'>urbanorum</span> <span class='ocrx_word' id='word_1_271' title='bbox 611 2735 848 2800; x_wconf 90' lang='lat' dir='ltr'>consuetudine</span> <span class='ocrx_word' id='word_1_272' title='bbox 878 2735 1012 2799; x_wconf 88' lang='lat' dir='ltr'>erimina</span> <span class='ocrx_word' id='word_1_273' title='bbox 1044 2734 1264 2820; x_wconf 75' lang='lat' dir='ltr'>subprimatis,</span> <span class='ocrx_word' id='word_1_274' title='bbox 1310 2736 1460 2820; x_wconf 90' lang='lat' dir='ltr'>quotiens</span> <span class='ocrx_word' id='word_1_275' title='bbox 1489 2736 1582 2813; x_wconf 90' lang='lat' dir='ltr'>istae,</span> <span class='ocrx_word' id='word_1_276' title='bbox 1611 2756 1693 2821; x_wconf 91' lang='lat' dir='ltr'>quas</span> <span class='ocrx_word' id='word_1_277' title='bbox 1722 2735 1826 2821; x_wconf 87' lang='lat' dir='ltr'>ligare</span> <span class='ocrx_word' id='word_1_278' title='bbox 1857 2756 1951 2822; x_wconf 87' lang='lat' dir='ltr'>prae·</span> 
     </span>
     <span class='ocr_line' id='line_1_25' title="bbox 296 2837 1952 2923; baseline 0 -19"><span class='ocrx_word' id='word_1_279' title='bbox 296 2840 434 2920; x_wconf 89' lang='lat' dir='ltr'>sumitis,</span> <span class='ocrx_word' id='word_1_280' title='bbox 464 2862 579 2904; x_wconf 87' lang='lat' dir='ltr'>manus</span> <span class='ocrx_word' id='word_1_281' title='bbox 606 2840 735 2903; x_wconf 90' lang='lat' dir='ltr'>domino</span> <span class='ocrx_word' id='word_1_282' title='bbox 767 2838 928 2903; x_wconf 89' lang='lat' dir='ltr'>cernmuni</span> <span class='ocrx_word' id='word_1_283' title='bbox 958 2837 1080 2901; x_wconf 89' lang='lat' dir='ltr'>tributa</span> <span class='ocrx_word' id='word_1_284' title='bbox 1110 2838 1299 2901; x_wconf 83' lang='lat' dir='ltr'>solverunt?</span> <span class='ocrx_word' id='word_1_285' title='bbox 1333 2839 1479 2902; x_wconf 86' lang='lat' dir='ltr'>novimus</span> <span class='ocrx_word' id='word_1_286' title='bbox 1507 2839 1584 2923; x_wconf 89' lang='lat' dir='ltr'>quia</span> <span class='ocrx_word' id='word_1_287' title='bbox 1611 2840 1666 2904; x_wconf 90' lang='lat' dir='ltr'>ille</span> <span class='ocrx_word' id='word_1_288' title='bbox 1696 2839 1766 2904; x_wconf 86' lang='lat' dir='ltr'>ficri</span> <span class='ocrx_word' id='word_1_289' title='bbox 1795 2837 1860 2903; x_wconf 89' lang='lat' dir='ltr'>ista</span> <span class='ocrx_word' id='word_1_290' title='bbox 1887 2860 1952 2905; x_wconf 92' lang='lat' dir='ltr'>non</span> 
     </span>
     <span class='ocr_line' id='line_1_26' title="bbox 224 2940 2028 3028; baseline 0.001 -20"><span class='ocrx_word' id='word_1_291' title='bbox 224 2944 399 3008; x_wconf 83' lang='lat' dir='ltr'>lbliussit.</span> <span class='ocrx_word' id='word_1_292' title='bbox 445 2944 506 3007; x_wconf 89' lang='lat' dir='ltr'>hac</span> <span class='ocrx_word' id='word_1_293' title='bbox 529 2943 725 3007; x_wconf 91' lang='lat' dir='ltr'>auctoritate</span> <span class='ocrx_word' id='word_1_294' title='bbox 748 2943 860 3006; x_wconf 91' lang='lat' dir='ltr'>miseri</span> <span class='ocrx_word' id='word_1_295' title='bbox 883 2963 942 3027; x_wconf 94' lang='lat' dir='ltr'>pro</span> <span class='ocrx_word' id='word_1_296' title='bbox 969 2941 1097 3005; x_wconf 86' lang='lat' dir='ltr'>solaciis</span> <span class='ocrx_word' id='word_1_297' title='bbox 1121 2940 1307 3005; x_wconf 88' lang='lat' dir='ltr'>utebantur.</span> <span class='ocrx_word' id='word_1_298' title='bbox 1352 2941 1471 3005; x_wconf 90' lang='lat' dir='ltr'>multos</span> <span class='ocrx_word' id='word_1_299' title='bbox 1502 2946 1612 3007; x_wconf 91' lang='lat' dir='ltr'>tamen</span> <span class='ocrx_word' id='word_1_300' title='bbox 1643 2943 1842 3028; x_wconf 84' lang='lat' dir='ltr'>integritatis</span> <span class='ocrx_word' id='word_1_301' title='bbox 1874 2949 1952 3009; x_wconf 86' lang='lat' dir='ltr'>tuae</span> <span class='ocrx_word' id='word_1_302' title='bbox 2003 2960 2028 2999; x_wconf 68' lang='lat'>2⁵</span> 
     </span>
     <span class='ocr_line' id='line_1_27' title="bbox 296 3044 2035 3132; baseline 0 -22"><span class='ocrx_word' id='word_1_303' title='bbox 296 3045 414 3111; x_wconf 85' lang='lat' dir='ltr'>fiducia</span> <span class='ocrx_word' id='word_1_304' title='bbox 437 3047 515 3110; x_wconf 90' lang='lat' dir='ltr'>fecit</span> <span class='ocrx_word' id='word_1_305' title='bbox 537 3046 690 3116; x_wconf 80' lang='lat' dir='ltr'>interimi,</span> <span class='ocrx_word' id='word_1_306' title='bbox 715 3045 791 3108; x_wconf 93' lang='lat' dir='ltr'>dum</span> <span class='ocrx_word' id='word_1_307' title='bbox 815 3046 902 3131; x_wconf 90' lang='lat' dir='ltr'>eapti</span> <span class='ocrx_word' id='word_1_308' title='bbox 926 3045 1100 3130; x_wconf 89' lang='lat' dir='ltr'>superbius</span> <span class='ocrx_word' id='word_1_309' title='bbox 1124 3044 1374 3131; x_wconf 87' lang='lat' dir='ltr'>responderunt.</span> <span class='ocrx_word' id='word_1_310' title='bbox 1414 3044 1514 3110; x_wconf 90' lang='lat' dir='ltr'>redde</span> <span class='ocrx_word' id='word_1_311' title='bbox 1538 3066 1616 3130; x_wconf 89' lang='lat' dir='ltr'>ergo</span> <span class='ocrx_word' id='word_1_312' title='bbox 1639 3046 1790 3111; x_wconf 88' lang='lat' dir='ltr'>residuos</span> <span class='ocrx_word' id='word_1_313' title='bbox 1811 3047 1951 3132; x_wconf 88' lang='lat' dir='ltr'>patriae,</span> <span class='ocrx_word' id='word_1_314' title='bbox 1964 3061 2035 3110; x_wconf 68' lang='lat' dir='ltr'>pecs</span> 
     </span>
     <span class='ocr_line' id='line_1_28' title="bbox 296 3130 1954 3235; baseline 0.001 -21"><span class='ocrx_word' id='word_1_315' title='bbox 296 3130 396 3215; x_wconf 78' lang='lat' dir='ltr'>redde</span> <span class='ocrx_word' id='word_1_316' title='bbox 428 3151 563 3235; x_wconf 91' lang='lat' dir='ltr'>origini,</span> <span class='ocrx_word' id='word_1_317' title='bbox 598 3148 698 3213; x_wconf 91' lang='lat' dir='ltr'>redde</span> <span class='ocrx_word' id='word_1_318' title='bbox 731 3149 856 3232; x_wconf 87' lang='lat' dir='ltr'>gloriae</span> <span class='ocrx_word' id='word_1_319' title='bbox 894 3155 980 3213; x_wconf 76' lang='lat' dir='ltr'>tuac,</span> <span class='ocrx_word' id='word_1_320' title='bbox 1027 3149 1178 3234; x_wconf 87' lang='lat' dir='ltr'>antiquus</span> <span class='ocrx_word' id='word_1_321' title='bbox 1211 3148 1360 3212; x_wconf 86' lang='lat' dir='ltr'>dominus</span> <span class='ocrx_word' id='word_1_322' title='bbox 1398 3149 1599 3233; x_wconf 81' lang='lat' dir='ltr'>provinciam</span> <span class='ocrx_word' id='word_1_323' title='bbox 1633 3149 1749 3235; x_wconf 88' lang='lat' dir='ltr'>dilige,</span> <span class='ocrx_word' id='word_1_324' title='bbox 1787 3171 1885 3235; x_wconf 91' lang='lat' dir='ltr'>quam</span> <span class='ocrx_word' id='word_1_325' title='bbox 1918 3157 1954 3215; x_wconf 91' lang='lat' dir='ltr'>et</span> 
     </span>
     <span class='ocr_line' id='line_1_29' title="bbox 295 3251 1953 3340; baseline -0.001 -22"><span class='ocrx_word' id='word_1_326' title='bbox 295 3255 469 3318; x_wconf 91' lang='lat' dir='ltr'>modernus</span> <span class='ocrx_word' id='word_1_327' title='bbox 501 3253 719 3338; x_wconf 87' lang='lat' dir='ltr'>amplectitur.</span> <span class='ocrx_word' id='word_1_328' title='bbox 765 3253 893 3316; x_wconf 88' lang='lat' dir='ltr'>remitte</span> <span class='ocrx_word' id='word_1_329' title='bbox 925 3251 1071 3336; x_wconf 86' lang='lat' dir='ltr'>quamvis</span> <span class='ocrx_word' id='word_1_330' title='bbox 1105 3251 1146 3315; x_wconf 91' lang='lat' dir='ltr'>ad</span> <span class='ocrx_word' id='word_1_331' title='bbox 1181 3252 1322 3316; x_wconf 87' lang='lat' dir='ltr'>alienam</span> <span class='ocrx_word' id='word_1_332' title='bbox 1355 3251 1534 3333; x_wconf 89' lang='lat' dir='ltr'>dicionem,</span> <span class='ocrx_word' id='word_1_333' title='bbox 1570 3253 1624 3338; x_wconf 92' lang='lat' dir='ltr'>qui</span> <span class='ocrx_word' id='word_1_334' title='bbox 1656 3274 1692 3317; x_wconf 88' lang='lat' dir='ltr'>se</span> <span class='ocrx_word' id='word_1_335' title='bbox 1721 3261 1755 3317; x_wconf 90' lang='lat' dir='ltr'>et</span> <span class='ocrx_word' id='word_1_336' title='bbox 1782 3253 1827 3318; x_wconf 93' lang='lat' dir='ltr'>ibi</span> <span class='ocrx_word' id='word_1_337' title='bbox 1855 3253 1953 3340; x_wconf 88' lang='lat' dir='ltr'>positi</span> 
     </span>
     <span class='ocr_line' id='line_1_30' title="bbox 226 3354 1951 3443; baseline 0.001 -24"><span class='ocrx_word' id='word_1_338' title='bbox 226 3359 370 3420; x_wconf 71' lang='lat' dir='ltr'>testeos</span> <span class='ocrx_word' id='word_1_339' title='bbox 398 3379 472 3422; x_wconf 90' lang='lat' dir='ltr'>csse</span> <span class='ocrx_word' id='word_1_340' title='bbox 501 3363 710 3441; x_wconf 89' lang='lat' dir='ltr'>cognoscant.</span> <span class='ocrx_word' id='word_1_341' title='bbox 756 3376 870 3443; x_wconf 87' lang='lat' dir='ltr'>parum</span> <span class='ocrx_word' id='word_1_342' title='bbox 904 3355 990 3419; x_wconf 91' lang='lat' dir='ltr'>enim</span> <span class='ocrx_word' id='word_1_343' title='bbox 1018 3356 1145 3438; x_wconf 90' lang='lat' dir='ltr'>gratiae</span> <span class='ocrx_word' id='word_1_344' title='bbox 1174 3355 1381 3440; x_wconf 91' lang='lat' dir='ltr'>inpendimus</span> <span class='ocrx_word' id='word_1_345' title='bbox 1411 3354 1500 3419; x_wconf 93' lang='lat' dir='ltr'>illius</span> <span class='ocrx_word' id='word_1_346' title='bbox 1529 3355 1676 3441; x_wconf 88' lang='lat' dir='ltr'>imperio,</span> <span class='ocrx_word' id='word_1_347' title='bbox 1704 3356 1796 3420; x_wconf 88' lang='lat' dir='ltr'>cuius</span> <span class='ocrx_word' id='word_1_348' title='bbox 1824 3356 1951 3421; x_wconf 87' lang='lat' dir='ltr'>miseri·</span> 
     </span>
     <span class='ocr_line' id='line_1_31' title="bbox 296 3457 2029 3547; baseline 0.001 -24"><span class='ocrx_word' id='word_1_349' title='bbox 296 3460 426 3524; x_wconf 90' lang='lat' dir='ltr'>cordiae</span> <span class='ocrx_word' id='word_1_350' title='bbox 450 3460 494 3524; x_wconf 95' lang='lat' dir='ltr'>nil</span> <span class='ocrx_word' id='word_1_351' title='bbox 518 3460 687 3525; x_wconf 85' lang='lat' dir='ltr'>debemus.</span> <span class='ocrx_word' id='word_1_352' title='bbox 726 3478 830 3522; x_wconf 91' lang='lat' dir='ltr'>vacua</span> <span class='ocrx_word' id='word_1_353' title='bbox 853 3457 1001 3522; x_wconf 91' lang='lat' dir='ltr'>sentibus</span> <span class='ocrx_word' id='word_1_354' title='bbox 1025 3458 1114 3521; x_wconf 89' lang='lat' dir='ltr'>illam</span> <span class='ocrx_word' id='word_1_355' title='bbox 1139 3479 1235 3544; x_wconf 89' lang='lat' dir='ltr'>quam</span> <span class='ocrx_word' id='word_1_356' title='bbox 1258 3459 1344 3523; x_wconf 91' lang='lat' dir='ltr'>bene</span> <span class='ocrx_word' id='word_1_357' title='bbox 1363 3459 1449 3523; x_wconf 88' lang='lat' dir='ltr'>nosti</span> <span class='ocrx_word' id='word_1_358' title='bbox 1465 3457 1632 3543; x_wconf 82' lang='lat' dir='ltr'>Liguriam</span> <span class='ocrx_word' id='word_1_359' title='bbox 1650 3466 1683 3524; x_wconf 87' lang='lat' dir='ltr'>et</span> <span class='ocrx_word' id='word_1_360' title='bbox 1696 3459 1789 3547; x_wconf 89' lang='lat' dir='ltr'>reple</span> <span class='ocrx_word' id='word_1_361' title='bbox 1805 3460 1951 3525; x_wconf 85' lang='lat' dir='ltr'>culturis.</span> <span class='ocrx_word' id='word_1_362' title='bbox 2003 3475 2029 3513; x_wconf 77' lang='lat'>³⁰</span> 
     </span>
     <span class='ocr_line' id='line_1_32' title="bbox 296 3561 1953 3649; baseline 0.002 -23"><span class='ocrx_word' id='word_1_363' title='bbox 296 3570 451 3647; x_wconf 88' lang='lat' dir='ltr'>qnantum</span> <span class='ocrx_word' id='word_1_364' title='bbox 474 3564 664 3628; x_wconf 91' lang='lat' dir='ltr'>muneribus</span> <span class='ocrx_word' id='word_1_365' title='bbox 687 3563 753 3625; x_wconf 92' lang='lat' dir='ltr'>tuis</span> <span class='ocrx_word' id='word_1_366' title='bbox 777 3561 920 3626; x_wconf 89' lang='lat' dir='ltr'>obnoxia</span> <span class='ocrx_word' id='word_1_367' title='bbox 944 3563 986 3625; x_wconf 91' lang='lat' dir='ltr'>sit</span> <span class='ocrx_word' id='word_1_368' title='bbox 1010 3563 1193 3648; x_wconf 89' lang='lat' dir='ltr'>intelleget,</span> <span class='ocrx_word' id='word_1_369' title='bbox 1225 3564 1253 3626; x_wconf 91' lang='lat' dir='ltr'>si</span> <span class='ocrx_word' id='word_1_370' title='bbox 1275 3563 1395 3627; x_wconf 89' lang='lat' dir='ltr'>faciem</span> <span class='ocrx_word' id='word_1_371' title='bbox 1424 3584 1516 3626; x_wconf 91' lang='lat' dir='ltr'>suam</span> <span class='ocrx_word' id='word_1_372' title='bbox 1546 3562 1722 3648; x_wconf 89' lang='lat' dir='ltr'>aliquando</span> <span class='ocrx_word' id='word_1_373' title='bbox 1751 3565 1953 3649; x_wconf 79' lang='lat' dir='ltr'>cognoverit.</span> 
     </span>
     <span class='ocr_line' id='line_1_33' title="bbox 295 3664 1954 3753; baseline 0.001 -22"><span class='ocrx_word' id='word_1_374' title='bbox 295 3667 511 3732; x_wconf 90' lang='lat' dir='ltr'>domesticum</span> <span class='ocrx_word' id='word_1_375' title='bbox 535 3668 592 3730; x_wconf 92' lang='lat' dir='ltr'>tibi</span> <span class='ocrx_word' id='word_1_376' title='bbox 624 3687 755 3752; x_wconf 89' lang='lat' dir='ltr'>semper</span> <span class='ocrx_word' id='word_1_377' title='bbox 781 3671 831 3730; x_wconf 92' lang='lat' dir='ltr'>est</span> <span class='ocrx_word' id='word_1_378' title='bbox 861 3664 1030 3750; x_wconf 90' lang='lat' dir='ltr'>indulgere</span> <span class='ocrx_word' id='word_1_379' title='bbox 1063 3666 1276 3752; x_wconf 90' lang='lat' dir='ltr'>supplicibus,</span> <span class='ocrx_word' id='word_1_380' title='bbox 1306 3667 1390 3730; x_wconf 92' lang='lat' dir='ltr'>sicut</span> <span class='ocrx_word' id='word_1_381' title='bbox 1420 3666 1580 3752; x_wconf 88' lang='lat' dir='ltr'>superbos</span> <span class='ocrx_word' id='word_1_382' title='bbox 1610 3666 1804 3753; x_wconf 84' lang='lat' dir='ltr'>obprimere.</span> <span class='ocrx_word' id='word_1_383' title='bbox 1850 3668 1897 3732; x_wconf 89' lang='lat' dir='ltr'>sie</span> <span class='ocrx_word' id='word_1_384' title='bbox 1919 3669 1954 3733; x_wconf 92' lang='lat' dir='ltr'>in</span> 
     </span>
     <span class='ocr_line' id='line_1_34' title="bbox 296 3767 1954 3856; baseline 0.001 -22"><span class='ocrx_word' id='word_1_385' title='bbox 296 3777 433 3856; x_wconf 88' lang='lat' dir='ltr'>utroque</span> <span class='ocrx_word' id='word_1_386' title='bbox 456 3771 663 3839; x_wconf 84' lang='lat' dir='ltr'>fortissimus,</span> <span class='ocrx_word' id='word_1_387' title='bbox 688 3769 735 3832; x_wconf 94' lang='lat' dir='ltr'>ibi</span> <span class='ocrx_word' id='word_1_388' title='bbox 759 3790 818 3854; x_wconf 91' lang='lat' dir='ltr'>per</span> <span class='ocrx_word' id='word_1_389' title='bbox 841 3767 996 3853; x_wconf 87' lang='lat' dir='ltr'>gladium,</span> <span class='ocrx_word' id='word_1_390' title='bbox 1020 3768 1073 3832; x_wconf 90' lang='lat' dir='ltr'>hie</span> <span class='ocrx_word' id='word_1_391' title='bbox 1095 3790 1155 3854; x_wconf 91' lang='lat' dir='ltr'>per</span> <span class='ocrx_word' id='word_1_392' title='bbox 1171 3770 1421 3854; x_wconf 89' lang='lat' dir='ltr'>temperantiam</span> <span class='ocrx_word' id='word_1_393' title='bbox 1438 3768 1620 3855; x_wconf 90' lang='lat' dir='ltr'>triumphos</span> <span class='ocrx_word' id='word_1_394' title='bbox 1636 3768 1799 3854; x_wconf 90' lang='lat' dir='ltr'>adquires.</span> <span class='ocrx_word' id='word_1_395' title='bbox 1835 3772 1954 3835; x_wconf 89' lang='lat' dir='ltr'>nostris</span> 
     </span>
     <span class='ocr_line' id='line_1_35' title="bbox 226 3870 1953 3958; baseline 0.002 -24"><span class='ocrx_word' id='word_1_396' title='bbox 226 3875 283 3935; x_wconf 83' lang='grc'><strong>1113</strong></span> <span class='ocrx_word' id='word_1_397' title='bbox 296 3882 546 3958; x_wconf 89' lang='lat' dir='ltr'>nostrorumque</span> <span class='ocrx_word' id='word_1_398' title='bbox 572 3893 705 3936; x_wconf 88' lang='lat' dir='ltr'>movere</span> <span class='ocrx_word' id='word_1_399' title='bbox 735 3870 877 3935; x_wconf 90' lang='lat' dir='ltr'>fletibus.</span> <span class='ocrx_word' id='word_1_400' title='bbox 923 3871 970 3934; x_wconf 88' lang='lat' dir='ltr'>sic</span> <span class='ocrx_word' id='word_1_401' title='bbox 999 3871 1032 3933; x_wconf 93' lang='lat' dir='ltr'>in</span> <span class='ocrx_word' id='word_1_402' title='bbox 1065 3873 1274 3936; x_wconf 89' lang='lat' dir='ltr'>successione</span> <span class='ocrx_word' id='word_1_403' title='bbox 1308 3874 1400 3957; x_wconf 88' lang='lat' dir='ltr'>regni</span> <span class='ocrx_word' id='word_1_404' title='bbox 1433 3873 1526 3937; x_wconf 90' lang='lat' dir='ltr'>istius</span> <span class='ocrx_word' id='word_1_405' title='bbox 1560 3872 1728 3958; x_wconf 88' lang='lat' dir='ltr'>legitimus</span> <span class='ocrx_word' id='word_1_406' title='bbox 1759 3872 1820 3937; x_wconf 91' lang='lat' dir='ltr'>tibi</span> <span class='ocrx_word' id='word_1_407' title='bbox 1855 3872 1953 3938; x_wconf 87' lang='lat' dir='ltr'>heres</span> 
     </span>
     <span class='ocr_line' id='line_1_36' title="bbox 297 3973 1952 4062; baseline 0.002 -23"><span class='ocrx_word' id='word_1_408' title='bbox 297 3974 477 4056; x_wconf 88' lang='lat' dir='ltr'>adcrescat,</span> <span class='ocrx_word' id='word_1_409' title='bbox 507 3984 541 4039; x_wconf 92' lang='lat' dir='ltr'>et</span> <span class='ocrx_word' id='word_1_410' title='bbox 570 3995 630 4060; x_wconf 87' lang='lat' dir='ltr'>per</span> <span class='ocrx_word' id='word_1_411' title='bbox 657 3995 747 4058; x_wconf 93' lang='lat' dir='ltr'>spem</span> <span class='ocrx_word' id='word_1_412' title='bbox 778 3973 909 4039; x_wconf 89' lang='lat' dir='ltr'>adultae</span> <span class='ocrx_word' id='word_1_413' title='bbox 938 3976 1112 4061; x_wconf 90' lang='lat' dir='ltr'>progenies</span> <span class='ocrx_word' id='word_1_414' title='bbox 1143 3975 1184 4039; x_wconf 89' lang='lat' dir='ltr'>ad</span> <span class='ocrx_word' id='word_1_415' title='bbox 1211 3975 1482 4061; x_wconf 91' lang='lat' dir='ltr'>Burgundionum</span> <span class='ocrx_word' id='word_1_416' title='bbox 1512 3975 1736 4062; x_wconf 89' lang='lat' dir='ltr'>gubernacula</span> <span class='ocrx_word' id='word_1_417' title='bbox 1764 3976 1952 4043; x_wconf 74' lang='lat' dir='ltr'>revivisces.</span> 
     </span>
     <span class='ocr_line' id='line_1_37' title="bbox 295 4075 1952 4166; baseline 0.002 -25"><span class='ocrx_word' id='word_1_418' title='bbox 295 4084 328 4141; x_wconf 93' lang='lat' dir='ltr'>et</span> <span class='ocrx_word' id='word_1_419' title='bbox 352 4078 428 4142; x_wconf 90' lang='lat' dir='ltr'>licet</span> <span class='ocrx_word' id='word_1_420' title='bbox 452 4077 514 4141; x_wconf 94' lang='lat' dir='ltr'>hoc</span> <span class='ocrx_word' id='word_1_421' title='bbox 538 4076 600 4140; x_wconf 88' lang='lat' dir='ltr'>deo</span> <span class='ocrx_word' id='word_1_422' title='bbox 623 4075 756 4154; x_wconf 89' lang='lat' dir='ltr'>tribuas,</span> <span class='ocrx_word' id='word_1_423' title='bbox 788 4076 881 4141; x_wconf 90' lang='lat' dir='ltr'>adice</span> <span class='ocrx_word' id='word_1_424' title='bbox 905 4083 939 4141; x_wconf 92' lang='lat' dir='ltr'>et</span> <span class='ocrx_word' id='word_1_425' title='bbox 961 4076 1051 4155; x_wconf 90' lang='lat' dir='ltr'>illud,</span> <span class='ocrx_word' id='word_1_426' title='bbox 1084 4076 1171 4161; x_wconf 88' lang='lat' dir='ltr'>quod</span> <span class='ocrx_word' id='word_1_427' title='bbox 1200 4099 1260 4142; x_wconf 90' lang='lat' dir='ltr'>nec</span> <span class='ocrx_word' id='word_1_428' title='bbox 1289 4078 1476 4143; x_wconf 90' lang='lat' dir='ltr'>hominibus</span> <span class='ocrx_word' id='word_1_429' title='bbox 1507 4079 1653 4143; x_wconf 87' lang='lat' dir='ltr'>externis</span> <span class='ocrx_word' id='word_1_430' title='bbox 1680 4079 1767 4143; x_wconf 90' lang='lat' dir='ltr'>istud</span> <span class='ocrx_word' id='word_1_431' title='bbox 1788 4077 1952 4166; x_wconf 89' lang='lat' dir='ltr'>inpendia.</span> 
     </span>
     <span class='ocr_line' id='line_1_38' title="bbox 296 4179 1952 4268; baseline 0.002 -25"><span class='ocrx_word' id='word_1_432' title='bbox 296 4180 360 4244; x_wconf 90' lang='lat' dir='ltr'>iam</span> <span class='ocrx_word' id='word_1_433' title='bbox 401 4181 459 4245; x_wconf 94' lang='lat' dir='ltr'>tibi</span> <span class='ocrx_word' id='word_1_434' title='bbox 493 4180 610 4245; x_wconf 91' lang='lat' dir='ltr'>Italiae</span> <span class='ocrx_word' id='word_1_435' title='bbox 652 4180 799 4244; x_wconf 91' lang='lat' dir='ltr'>dominus</span> <span class='ocrx_word' id='word_1_436' title='bbox 835 4180 932 4243; x_wconf 90' lang='lat' dir='ltr'>etiam</span> <span class='ocrx_word' id='word_1_437' title='bbox 969 4179 1221 4244; x_wconf 89' lang='lat' dir='ltr'>necessitudinis</span> <span class='ocrx_word' id='word_1_438' title='bbox 1262 4180 1431 4245; x_wconf 88' lang='lat' dir='ltr'>adfinitate</span> <span class='ocrx_word' id='word_1_439' title='bbox 1471 4182 1688 4268; x_wconf 88' lang='lat' dir='ltr'>coniungitur.</span> <span class='ocrx_word' id='word_1_440' title='bbox 1743 4182 1787 4246; x_wconf 86' lang='lat' dir='ltr'>sit</span> <span class='ocrx_word' id='word_1_441' title='bbox 1819 4181 1866 4247; x_wconf 87' lang='lat' dir='ltr'>fili</span> <span class='ocrx_word' id='word_1_442' title='bbox 1904 4183 1952 4246; x_wconf 92' lang='lat' dir='ltr'>tui</span> 
     </span>
     <span class='ocr_line' id='line_1_39' title="bbox 297 4283 1953 4372; baseline 0.002 -26"><span class='ocrx_word' id='word_1_443' title='bbox 297 4284 494 4368; x_wconf 80' lang='lat' dir='ltr'>sponsalicio</span> <span class='ocrx_word' id='word_1_444' title='bbox 531 4285 667 4368; x_wconf 88' lang='lat' dir='ltr'>largitas</span> <span class='ocrx_word' id='word_1_445' title='bbox 713 4283 875 4348; x_wconf 86' lang='lat' dir='ltr'>absolutio</span> <span class='ocrx_word' id='word_1_446' title='bbox 920 4284 1136 4369; x_wconf 88' lang='lat' dir='ltr'>captivorum,</span> <span class='ocrx_word' id='word_1_447' title='bbox 1184 4284 1301 4349; x_wconf 83' lang='lat' dir='ltr'>offerat</span> <span class='ocrx_word' id='word_1_448' title='bbox 1343 4290 1458 4371; x_wconf 89' lang='lat' dir='ltr'>pactae</span> <span class='ocrx_word' id='word_1_449' title='bbox 1503 4306 1582 4351; x_wconf 87' lang='lat' dir='ltr'>suae</span> <span class='ocrx_word' id='word_1_450' title='bbox 1629 4306 1747 4350; x_wconf 88' lang='lat' dir='ltr'>munus</span> <span class='ocrx_word' id='word_1_451' title='bbox 1790 4285 1878 4372; x_wconf 91' lang='lat' dir='ltr'>quod</span> <span class='ocrx_word' id='word_1_452' title='bbox 1919 4294 1953 4351; x_wconf 91' lang='grc'>01</span> 
     </span>
    </p>
   </div>
   <div class='ocr_carea' id='block_1_3' title="bbox 225 4385 1952 4476">
    <p class='ocr_par' dir='ltr' id='par_1_3' title="bbox 225 4385 1952 4476">
     <span class='ocr_line' id='line_1_40' title="bbox 225 4385 1952 4476; baseline 0.005 -27"><span class='ocrx_word' id='word_1_453' title='bbox 225 4385 447 4450; x_wconf 77' lang='grc' dir='ltr'><strong>1641110101οε</strong></span> <span class='ocrx_word' id='word_1_454' title='bbox 484 4386 643 4474; x_wconf 63' lang='lat' dir='ltr'>accipiat?</span> <span class='ocrx_word' id='word_1_455' title='bbox 689 4387 771 4452; x_wconf 91' lang='lat' dir='ltr'>haec</span> <span class='ocrx_word' id='word_1_456' title='bbox 807 4406 879 4450; x_wconf 92' lang='lat' dir='ltr'>cum</span> <span class='ocrx_word' id='word_1_457' title='bbox 911 4386 1064 4467; x_wconf 81' lang='lat' dir='ltr'>dixisset,</span> <span class='ocrx_word' id='word_1_458' title='bbox 1103 4389 1296 4453; x_wconf 91' lang='lat' dir='ltr'>commonito</span> <span class='ocrx_word' id='word_1_459' title='bbox 1331 4397 1443 4455; x_wconf 91' lang='lat' dir='ltr'>sancto</span> <span class='ocrx_word' id='word_1_460' title='bbox 1476 4390 1604 4476; x_wconf 91' lang='lat' dir='ltr'>collega</span> <span class='ocrx_word' id='word_1_461' title='bbox 1634 4389 1770 4457; x_wconf 85' lang='lat' dir='ltr'>Victore</span> <span class='ocrx_word' id='word_1_462' title='bbox 1799 4391 1952 4473; x_wconf 83' lang='lat' dir='ltr'>surrexit,</span> 
     </span>
    </p>
   </div>
   <div class='ocr_carea' id='block_1_4' title="bbox 300 4596 710 4603">
    <p class='ocr_par' dir='ltr' id='par_1_4' title="bbox 300 4596 710 4603">
     <span class='ocr_line' id='line_1_41' title="bbox 300 4596 710 4603; baseline 0.002 -1"><span class='ocrx_word' id='word_1_463' title='bbox 300 4596 458 4603; x_wconf 78' lang='lat'>..—-——---</span> <span class='ocrx_word' id='word_1_464' title='bbox 473 4597 532 4603; x_wconf 80' lang='lat'>-—</span> <span class='ocrx_word' id='word_1_465' title='bbox 550 4598 683 4603; x_wconf 84' lang='lat'><em>—-.-..-..-</em></span> <span class='ocrx_word' id='word_1_466' title='bbox 698 4599 710 4603; x_wconf 93' lang='lat'>..</span> 
     </span>
    </p>
   </div>
   <div class='ocr_carea' id='block_1_5' title="bbox 296 4748 1956 5601">
    <p class='ocr_par' dir='ltr' id='par_1_5' title="bbox 296 4748 1956 5601">
     <span class='ocr_line' id='line_1_42' title="bbox 400 4748 1954 4822; baseline 0.005 -23"><span class='ocrx_word' id='word_1_467' title='bbox 400 4748 590 4817; x_wconf 74' lang='lat' dir='ltr'>‘ZacciperitB</span> <span class='ocrx_word' id='word_1_468' title='bbox 704 4752 721 4799; x_wconf 80' lang='lat' dir='ltr'>:t</span> <span class='ocrx_word' id='word_1_469' title='bbox 738 4748 780 4817; x_wconf 90' lang='lat' dir='ltr'>ad]</span> <span class='ocrx_word' id='word_1_470' title='bbox 799 4759 825 4802; x_wconf 86' lang='lat' dir='ltr'>at</span> <span class='ocrx_word' id='word_1_471' title='bbox 838 4751 863 4801; x_wconf 82' lang='lat' dir='ltr'><em>B</em></span> <span class='ocrx_word' id='word_1_472' title='bbox 932 4752 1037 4802; x_wconf 84' lang='lat' dir='ltr'>transiet</span> <span class='ocrx_word' id='word_1_473' title='bbox 1053 4754 1116 4816; x_wconf 76' lang='lat' dir='ltr'>fort.</span> <span class='ocrx_word' id='word_1_474' title='bbox 1192 4751 1302 4804; x_wconf 88' lang='lat' dir='ltr'>uendere</span> <span class='ocrx_word' id='word_1_475' title='bbox 1322 4752 1371 4815; x_wconf 76' lang='lat' dir='ltr'>Te,</span> <span class='ocrx_word' id='word_1_476' title='bbox 1393 4751 1588 4806; x_wconf 82' lang='lat' dir='ltr'>uindereBVL</span> <span class='ocrx_word' id='word_1_477' title='bbox 1700 4751 1832 4822; x_wconf 77' lang='lat' dir='ltr'>bintligit</span> <span class='ocrx_word' id='word_1_478' title='bbox 1849 4753 1954 4818; x_wconf 71' lang='lat' dir='ltr'>Hand,</span> 
     </span>
     <span class='ocr_line' id='line_1_43' title="bbox 296 4832 1953 4903; baseline 0.003 -17"><span class='ocrx_word' id='word_1_479' title='bbox 296 4837 395 4903; x_wconf 89' lang='lat' dir='ltr'>infliget</span> <span class='ocrx_word' id='word_1_480' title='bbox 414 4837 473 4886; x_wconf 82' lang='lat' dir='ltr'>libri</span> <span class='ocrx_word' id='word_1_481' title='bbox 569 4834 586 4886; x_wconf 83' lang='lat'><strong>6</strong></span> <span class='ocrx_word' id='word_1_482' title='bbox 605 4838 715 4888; x_wconf 87' lang='lat' dir='ltr'>medicos</span> <span class='ocrx_word' id='word_1_483' title='bbox 732 4854 787 4902; x_wconf 83' lang='lat' dir='ltr'>sup.</span> <span class='ocrx_word' id='word_1_484' title='bbox 802 4837 846 4886; x_wconf 78' lang='lat' dir='ltr'>lia.</span> <span class='ocrx_word' id='word_1_485' title='bbox 860 4834 917 4887; x_wconf 86' lang='lat' dir='ltr'>nV</span> <span class='ocrx_word' id='word_1_486' title='bbox 1017 4832 1252 4903; x_wconf 81' lang='lat' dir='ltr'>lpraeaumentum</span> <span class='ocrx_word' id='word_1_487' title='bbox 1267 4838 1320 4889; x_wconf 81' lang='lat' dir='ltr'>Cet</span> <span class='ocrx_word' id='word_1_488' title='bbox 1333 4837 1411 4889; x_wconf 76' lang='lat' dir='ltr'>Siras.</span> <span class='ocrx_word' id='word_1_489' title='bbox 1511 4838 1747 4891; x_wconf 78' lang='lat' dir='ltr'>SccnfitantemB</span> <span class='ocrx_word' id='word_1_490' title='bbox 1844 4838 1953 4892; x_wconf 87' lang='lat' dir='ltr'>9remi-</span> 
     </span>
     <span class='ocr_line' id='line_1_44' title="bbox 297 4918 1955 4991; baseline 0.004 -21"><span class='ocrx_word' id='word_1_491' title='bbox 297 4923 407 4973; x_wconf 87' lang='lat' dir='ltr'>rriaceres</span> <span class='ocrx_word' id='word_1_492' title='bbox 420 4921 445 4971; x_wconf 87' lang='lat' dir='ltr'><em>B</em></span> <span class='ocrx_word' id='word_1_493' title='bbox 549 4919 582 4971; x_wconf 85' lang='lat'>10</span> <span class='ocrx_word' id='word_1_494' title='bbox 599 4922 766 4988; x_wconf 87' lang='lat' dir='ltr'>subreperent</span> <span class='ocrx_word' id='word_1_495' title='bbox 778 4921 847 4972; x_wconf 82' lang='lat' dir='ltr'>Bell.</span> <span class='ocrx_word' id='word_1_496' title='bbox 922 4939 1009 4973; x_wconf 89' lang='lat' dir='ltr'>sorum</span> <span class='ocrx_word' id='word_1_497' title='bbox 1023 4922 1100 4974; x_wconf 67' lang='lat' dir='ltr'>Sirra.</span> <span class='ocrx_word' id='word_1_498' title='bbox 1216 4921 1245 4973; x_wconf 91' lang='lat' dir='ltr'>ll</span> <span class='ocrx_word' id='word_1_499' title='bbox 1264 4923 1377 4991; x_wconf 69' lang='lat' dir='ltr'>subisti]</span> <span class='ocrx_word' id='word_1_500' title='bbox 1396 4918 1481 4989; x_wconf 65' lang='lat' dir='ltr'>utin,</span> <span class='ocrx_word' id='word_1_501' title='bbox 1498 4925 1665 4977; x_wconf 79' lang='lat' dir='ltr'>nostiSoltott</span> <span class='ocrx_word' id='word_1_502' title='bbox 1776 4924 1809 4977; x_wconf 78' lang='lat'>12</span> <span class='ocrx_word' id='word_1_503' title='bbox 1826 4924 1955 4979; x_wconf 77' lang='lat' dir='ltr'>custuaB</span> 
     </span>
     <span class='ocr_line' id='line_1_45' title="bbox 299 5006 1955 5075; baseline 0.005 -18"><span class='ocrx_word' id='word_1_504' title='bbox 299 5006 330 5058; x_wconf 88' lang='grc'>13</span> <span class='ocrx_word' id='word_1_505' title='bbox 347 5009 379 5058; x_wconf 90' lang='lat' dir='ltr'>ad</span> <span class='ocrx_word' id='word_1_506' title='bbox 397 5009 465 5059; x_wconf 88' lang='lat' dir='ltr'>hanc</span> <span class='ocrx_word' id='word_1_507' title='bbox 482 5009 657 5060; x_wconf 87' lang='lat' dir='ltr'>corrdieionern</span> <span class='ocrx_word' id='word_1_508' title='bbox 669 5012 736 5075; x_wconf 84' lang='lat' dir='ltr'>sort.</span> <span class='ocrx_word' id='word_1_509' title='bbox 861 5007 892 5058; x_wconf 81' lang='lat'>15</span> <span class='ocrx_word' id='word_1_510' title='bbox 911 5006 1067 5075; x_wconf 83' lang='lat' dir='ltr'>perfugium]</span> <span class='ocrx_word' id='word_1_511' title='bbox 1095 5010 1249 5075; x_wconf 89' lang='lat' dir='ltr'>praesidium</span> <span class='ocrx_word' id='word_1_512' title='bbox 1268 5008 1346 5061; x_wconf 74' lang='lat' dir='ltr'>Sir-m.</span> <span class='ocrx_word' id='word_1_513' title='bbox 1469 5009 1501 5061; x_wconf 81' lang='grc'>19</span> <span class='ocrx_word' id='word_1_514' title='bbox 1525 5013 1627 5063; x_wconf 89' lang='lat' dir='ltr'>soboles</span> <span class='ocrx_word' id='word_1_515' title='bbox 1648 5011 1673 5060; x_wconf 86' lang='lat' dir='ltr'><strong><em>V</em></strong></span> <span class='ocrx_word' id='word_1_516' title='bbox 1785 5009 1822 5064; x_wconf 74' lang='grc'>20</span> <span class='ocrx_word' id='word_1_517' title='bbox 1845 5013 1955 5065; x_wconf 72' lang='grc'><strong>01001101</strong></span> 
     </span>
     <span class='ocr_line' id='line_1_46' title="bbox 297 5091 1954 5159; baseline 0.005 -17"><span class='ocrx_word' id='word_1_518' title='bbox 297 5103 355 5144; x_wconf 72' lang='lat' dir='ltr'>orate</span> <span class='ocrx_word' id='word_1_519' title='bbox 381 5095 426 5144; x_wconf 81' lang='lat' dir='ltr'>lia.</span> <span class='ocrx_word' id='word_1_520' title='bbox 449 5094 510 5144; x_wconf 82' lang='lat' dir='ltr'>odd.</span> <span class='ocrx_word' id='word_1_521' title='bbox 532 5092 569 5141; x_wconf 81' lang='lat' dir='ltr'>Vt</span> <span class='ocrx_word' id='word_1_522' title='bbox 707 5091 741 5142; x_wconf 75' lang='lat'>‘2⁶2</span> <span class='ocrx_word' id='word_1_523' title='bbox 764 5093 952 5159; x_wconf 86' lang='lat' dir='ltr'>burgundionis</span> <span class='ocrx_word' id='word_1_524' title='bbox 969 5095 994 5144; x_wconf 85' lang='lat' dir='ltr'><em>B</em></span> <span class='ocrx_word' id='word_1_525' title='bbox 1096 5096 1184 5147; x_wconf 88' lang='lat' dir='ltr'>iacites</span> <span class='ocrx_word' id='word_1_526' title='bbox 1206 5098 1335 5148; x_wconf 88' lang='lat' dir='ltr'>excusitea</span> <span class='ocrx_word' id='word_1_527' title='bbox 1352 5096 1395 5146; x_wconf 68' lang='lat' dir='ltr'>Ba</span> <span class='ocrx_word' id='word_1_528' title='bbox 1537 5094 1572 5149; x_wconf 69' lang='lat'>23</span> <span class='ocrx_word' id='word_1_529' title='bbox 1595 5099 1749 5150; x_wconf 78' lang='lat' dir='ltr'>orbanorum</span> <span class='ocrx_word' id='word_1_530' title='bbox 1766 5096 1792 5148; x_wconf 88' lang='lat' dir='ltr'><em>B</em></span> <span class='ocrx_word' id='word_1_531' title='bbox 1893 5099 1954 5151; x_wconf 79' lang='lat' dir='ltr'>aab</span> 
     </span>
     <span class='ocr_line' id='line_1_47' title="bbox 298 5179 1953 5254; baseline 0.004 -23"><span class='ocrx_word' id='word_1_532' title='bbox 298 5190 422 5247; x_wconf 80' lang='lat' dir='ltr'>promotes</span> <span class='ocrx_word' id='word_1_533' title='bbox 434 5180 488 5242; x_wconf 72' lang='lat'>13⁶,</span> <span class='ocrx_word' id='word_1_534' title='bbox 506 5209 537 5216; x_wconf 95' lang='lat'><em>-</em></span> <span class='ocrx_word' id='word_1_535' title='bbox 550 5183 583 5232; x_wconf 85' lang='lat' dir='ltr'>tis</span> <span class='ocrx_word' id='word_1_536' title='bbox 596 5181 621 5230; x_wconf 90' lang='lat' dir='ltr'><em>B</em></span> <span class='ocrx_word' id='word_1_537' title='bbox 630 5182 657 5237; x_wconf 77' lang='grc'>1,</span> <span class='ocrx_word' id='word_1_538' title='bbox 679 5180 848 5246; x_wconf 86' lang='lat' dir='ltr'>supprimatas</span> <span class='ocrx_word' id='word_1_539' title='bbox 866 5179 907 5228; x_wconf 78' lang='lat' dir='ltr'>Va</span> <span class='ocrx_word' id='word_1_540' title='bbox 986 5182 1072 5248; x_wconf 87' lang='lat' dir='ltr'>legare</span> <span class='ocrx_word' id='word_1_541' title='bbox 1085 5182 1110 5232; x_wconf 92' lang='lat' dir='ltr'><em>B</em></span> <span class='ocrx_word' id='word_1_542' title='bbox 1189 5184 1357 5249; x_wconf 87' lang='lat' dir='ltr'>praesumitss</span> <span class='ocrx_word' id='word_1_543' title='bbox 1368 5182 1461 5233; x_wconf 60' lang='grc' dir='ltr'>111117(ι</span> <span class='ocrx_word' id='word_1_544' title='bbox 1583 5181 1618 5235; x_wconf 78' lang='lat'>26</span> <span class='ocrx_word' id='word_1_545' title='bbox 1630 5185 1706 5237; x_wconf 88' lang='lat' dir='ltr'>redde</span> <span class='ocrx_word' id='word_1_546' title='bbox 1724 5186 1818 5252; x_wconf 88' lang='lat' dir='ltr'>origini</span> <span class='ocrx_word' id='word_1_547' title='bbox 1831 5212 1864 5222; x_wconf 93' lang='lat'>-</span> <span class='ocrx_word' id='word_1_548' title='bbox 1876 5204 1953 5254; x_wconf 76' lang='lat' dir='ltr'>quarn</span> 
     </span>
     <span class='ocr_line' id='line_1_48' title="bbox 296 5263 1954 5334; baseline 0.004 -18"><span class='ocrx_word' id='word_1_549' title='bbox 296 5284 345 5317; x_wconf 87' lang='lat' dir='ltr'>om.</span> <span class='ocrx_word' id='word_1_550' title='bbox 360 5267 383 5317; x_wconf 78' lang='lat' dir='ltr'><em>C</em></span> <span class='ocrx_word' id='word_1_551' title='bbox 500 5263 533 5316; x_wconf 75' lang='lat' dir='ltr'>‘ll</span> <span class='ocrx_word' id='word_1_552' title='bbox 551 5267 630 5334; x_wconf 86' lang='lat' dir='ltr'>dilige</span> <span class='ocrx_word' id='word_1_553' title='bbox 647 5266 753 5329; x_wconf 79' lang='lat' dir='ltr'>codices,</span> <span class='ocrx_word' id='word_1_554' title='bbox 771 5266 855 5333; x_wconf 86' lang='lat' dir='ltr'>diligit</span> <span class='ocrx_word' id='word_1_555' title='bbox 873 5264 951 5317; x_wconf 76' lang='lat' dir='ltr'>Siras.</span> <span class='ocrx_word' id='word_1_556' title='bbox 1068 5265 1103 5319; x_wconf 82' lang='lat'>30</span> <span class='ocrx_word' id='word_1_557' title='bbox 1120 5269 1183 5318; x_wconf 92' lang='lat' dir='ltr'>nihil</span> <span class='ocrx_word' id='word_1_558' title='bbox 1203 5268 1281 5320; x_wconf 73' lang='lat' dir='ltr'>Sirra.</span> <span class='ocrx_word' id='word_1_559' title='bbox 1404 5266 1435 5320; x_wconf 87' lang='grc'><strong>31</strong></span> <span class='ocrx_word' id='word_1_560' title='bbox 1456 5271 1567 5322; x_wconf 86' lang='lat' dir='ltr'>obnoxia</span> <span class='ocrx_word' id='word_1_561' title='bbox 1585 5271 1620 5322; x_wconf 82' lang='lat' dir='ltr'>rit</span> <span class='ocrx_word' id='word_1_562' title='bbox 1636 5272 1787 5324; x_wconf 84' lang='lat' dir='ltr'>muneribus</span> <span class='ocrx_word' id='word_1_563' title='bbox 1803 5274 1856 5325; x_wconf 85' lang='lat' dir='ltr'>tuis</span> <span class='ocrx_word' id='word_1_564' title='bbox 1874 5272 1954 5325; x_wconf 71' lang='lat' dir='ltr'>Sim.</span> 
     </span>
     <span class='ocr_line' id='line_1_49' title="bbox 296 5351 1955 5423; baseline 0.007 -23"><span class='ocrx_word' id='word_1_565' title='bbox 296 5352 424 5418; x_wconf 87' lang='lat' dir='ltr'>intellegit</span> <span class='ocrx_word' id='word_1_566' title='bbox 441 5351 575 5419; x_wconf 87' lang='lat' dir='ltr'>(intelligit</span> <span class='ocrx_word' id='word_1_567' title='bbox 586 5352 640 5418; x_wconf 74' lang='lat' dir='ltr'>Ba)</span> <span class='ocrx_word' id='word_1_568' title='bbox 659 5354 727 5416; x_wconf 64' lang='lat' dir='ltr'>tert,</span> <span class='ocrx_word' id='word_1_569' title='bbox 744 5352 877 5418; x_wconf 89' lang='lat' dir='ltr'>intelleget</span> <span class='ocrx_word' id='word_1_570' title='bbox 895 5351 982 5404; x_wconf 81' lang='lat' dir='ltr'>Schott</span> <span class='ocrx_word' id='word_1_571' title='bbox 1112 5351 1147 5404; x_wconf 74' lang='lat'>32</span> <span class='ocrx_word' id='word_1_572' title='bbox 1165 5355 1291 5421; x_wconf 88' lang='lat' dir='ltr'>superbus</span> <span class='ocrx_word' id='word_1_573' title='bbox 1304 5354 1348 5405; x_wconf 70' lang='grc' dir='ltr'>Β1</span> <span class='ocrx_word' id='word_1_574' title='bbox 1437 5357 1580 5423; x_wconf 85' lang='lat' dir='ltr'>opprimere</span> <span class='ocrx_word' id='word_1_575' title='bbox 1596 5355 1621 5405; x_wconf 88' lang='lat' dir='ltr'><strong><em>V</em></strong></span> <span class='ocrx_word' id='word_1_576' title='bbox 1747 5354 1782 5409; x_wconf 83' lang='grc'>33</span> <span class='ocrx_word' id='word_1_577' title='bbox 1799 5358 1955 5412; x_wconf 78' lang='lat' dir='ltr'>fortissimus</span> 
     </span>
     <span class='ocr_line' id='line_1_50' title="bbox 297 5436 1955 5508; baseline 0.007 -22"><span class='ocrx_word' id='word_1_578' title='bbox 297 5436 401 5499; x_wconf 80' lang='lat' dir='ltr'>Hortsl,</span> <span class='ocrx_word' id='word_1_579' title='bbox 423 5439 573 5489; x_wconf 84' lang='lat' dir='ltr'>fortissimos</span> <span class='ocrx_word' id='word_1_580' title='bbox 592 5439 651 5489; x_wconf 78' lang='lat' dir='ltr'>libri</span> <span class='ocrx_word' id='word_1_581' title='bbox 781 5436 816 5488; x_wconf 80' lang='lat'>34</span> <span class='ocrx_word' id='word_1_582' title='bbox 833 5444 978 5489; x_wconf 80' lang='lat' dir='ltr'>nostrorum</span> <span class='ocrx_word' id='word_1_583' title='bbox 1002 5457 1163 5492; x_wconf 88' lang='lat' dir='ltr'>commouere</span> <span class='ocrx_word' id='word_1_584' title='bbox 1182 5439 1261 5493; x_wconf 78' lang='lat' dir='ltr'>Sirra.</span> <span class='ocrx_word' id='word_1_585' title='bbox 1390 5439 1424 5492; x_wconf 77' lang='lat'>37</span> <span class='ocrx_word' id='word_1_586' title='bbox 1446 5439 1533 5508; x_wconf 80' lang='lat' dir='ltr'>etiam]</span> <span class='ocrx_word' id='word_1_587' title='bbox 1555 5450 1582 5495; x_wconf 84' lang='lat' dir='ltr'>et</span> <span class='ocrx_word' id='word_1_588' title='bbox 1600 5442 1680 5495; x_wconf 76' lang='lat' dir='ltr'>Sim.</span> <span class='ocrx_word' id='word_1_589' title='bbox 1764 5443 1955 5498; x_wconf 65' lang='lat' dir='ltr'>necesitudinis</span> 
     </span>
     <span class='ocr_line' id='line_1_51' title="bbox 301 5521 1956 5601; baseline 0.005 -26"><span class='ocrx_word' id='word_1_590' title='bbox 301 5524 434 5575; x_wconf 78' lang='lat' dir='ltr'>affinitatis</span> <span class='ocrx_word' id='word_1_591' title='bbox 446 5523 545 5574; x_wconf 80' lang='lat' dir='ltr'>Boron.</span> <span class='ocrx_word' id='word_1_592' title='bbox 608 5525 654 5577; x_wconf 83' lang='lat' dir='ltr'>filii</span> <span class='ocrx_word' id='word_1_593' title='bbox 672 5524 694 5571; x_wconf 91' lang='lat' dir='ltr'><em>V</em></span> <span class='ocrx_word' id='word_1_594' title='bbox 784 5521 819 5574; x_wconf 76' lang='grc'>311</span> <span class='ocrx_word' id='word_1_595' title='bbox 836 5522 998 5593; x_wconf 80' lang='lat' dir='ltr'>sponsalicio]</span> <span class='ocrx_word' id='word_1_596' title='bbox 1017 5543 1111 5595; x_wconf 88' lang='lat' dir='ltr'>spensa</span> <span class='ocrx_word' id='word_1_597' title='bbox 1130 5527 1194 5579; x_wconf 86' lang='lat' dir='ltr'>lacia</span> <span class='ocrx_word' id='word_1_598' title='bbox 1212 5527 1318 5591; x_wconf 77' lang='lat' dir='ltr'>codices,</span> <span class='ocrx_word' id='word_1_599' title='bbox 1335 5544 1427 5597; x_wconf 86' lang='lat' dir='ltr'>sponsa</span> <span class='ocrx_word' id='word_1_600' title='bbox 1446 5528 1599 5593; x_wconf 73' lang='grc'><strong>1011001111,</strong></span> <span class='ocrx_word' id='word_1_601' title='bbox 1616 5530 1714 5601; x_wconf 71' lang='lat' dir='ltr'>egregie</span> <span class='ocrx_word' id='word_1_602' title='bbox 1731 5544 1778 5581; x_wconf 76' lang='lat' dir='ltr'>em.</span> <span class='ocrx_word' id='word_1_603' title='bbox 1791 5528 1861 5584; x_wconf 74' lang='lat' dir='ltr'>Bou</span> <span class='ocrx_word' id='word_1_604' title='bbox 1873 5538 1898 5585; x_wconf 75' lang='lat' dir='ltr'>tt</span> <span class='ocrx_word' id='word_1_605' title='bbox 1914 5528 1956 5583; x_wconf 55' lang='grc' dir='ltr'>Τ,</span> 
     </span>
    </p>
   </div>
   <div class='ocr_carea' id='block_1_6' title="bbox 0 0 2254 6228">
    <p class='ocr_par' dir='ltr' id='par_1_6' title="bbox 0 0 2254 6228">
     <span class='ocr_line' id='line_1_52' title="bbox 0 0 2254 6228; baseline 0 0"><span class='ocrx_word' id='word_1_606' title='bbox 0 0 2254 6228; x_wconf 95' lang='lat' dir='ltr'> </span> 
     </span>
    </p>
   </div>
  </div>
 </body>
</html>
