4500 6232
702 269 736 324 V.
764 268 877 325 INDEX
897 267 1026 324 RERUM
1045 268 1092 324 ΕΤ
1111 267 1394 325 VOCABULORUM.
1812 271 1874 335 397

289 425 380 490 1628;
399 441 503 494 magua
520 426 649 479 curantes
668 425 757 490 16,20;
778 441 882 496 magna
906 441 1024 496 peccans

289 512 392 579 289,15;
411 510 520 565 minora
538 527 651 580 peccare
668 511 777 576 267,18;
795 512 921 567 caminus
932 512 1023 566 dirum

290 597 425 651 anhelans
459 597 547 661 302,7;
591 597 749 652 micuerunt
787 598 849 653 dira
890 599 1023 654 tenebrae

289 682 611 747 CDXXIII36;raucum
620 683 1022 749 bucinaconoinebant208,11;

289 773 443 824 extremum
461 768 588 838 mugiens
600 770 650 824 bos
664 770 751 835 1926;
769 770 919 825 barbarum
932 772 1023 825 tumet

290 856 386 920 31220
404 853 616 923 cccxa1v1a;
638 857 741 911 sudans
763 860 889 913 tenemm
911 857 1022 920 311‚40,·

288 942 390 996 latiora
400 941 548 1010 opinantes
558 942 642 1007 9733.
653 974 685 984 -
694 943 725 1009 66
734 943 836 1007 dolere,
846 943 969 1012 longum,
982 943 1022 996 lo·

287 1027 346 1097 qui,
364 1027 485 1082 multum

219 1118 316 1168 aaran
329 1129 383 1182 pro
399 1113 580 1168 6661616166

289 1200 319 1253 in
337 1199 429 1254 medio
447 1197 568 1269 abrupto
581 1200 769 1270 deprehensus
786 1201 860 1265 4,32;
881 1202 952 1256 miro
964 1202 1020 1256 dis·

288 1286 462 1356 pensationis
474 1303 576 1340 arcano
588 1287 677 1351 276,3;
692 1287 803 1342 aninrus
816 1287 900 1342 anxio
913 1279 1020 1343 incerto

288 1373 409 1427 iactatur
422 1372 526 1436 16423;
546 1371 631 1426 66616
644 1373 750 1427 incerto
763 1374 915 1443 pendemus
929 1376 1019 1438 183,8;

287 1460 397 1514 animus
415 1459 500 1528 longo
518 1457 625 1513 incerto
638 1459 774 1529 pependit
785 1462 892 1525 30627;
911 1478 944 1516 66
956 1478 1020 1531 pro·

287 1545 374 1600 tundo
392 1545 513 1615 pectoris
530 1548 636 1599 secreto
654 1545 766 1600 include
778 1548 867 1612 24,28;
885 1565 1019 1619 magnum

288 1632 436 1687 ridiculum
456 1649 492 1686 an
505 1630 628 1685 maxima
639 1631 765 1687 lamenta
777 1633 834 1687 sint
845 1635 938 1689 nescio
951 1636 1020 1698 623.

290 1748 319 1759 -
344 1735 400 1773 non
423 1717 528 1772 blanda
550 1717 598 1772 sed
620 1719 788 1785 necessaria,
813 1737 869 1775 non
888 1721 1020 1776 deliciosa

287 1805 336 1859 sed
363 1805 449 1859 fortia
473 1805 545 1869 7,36;
572 1805 735 1860 necessariis
759 1805 866 1872 dulcia,
891 1808 1020 1863 dulcibus

287 1908 383 1945 severa
405 1889 545 1945 miscendo
563 1890 635 1955 6,22;
662 1892 776 1946 caerula
793 1916 825 1938 =
843 1909 917 1946 usare
934 1893 1019 1955 1121;

286 1977 359 2033 festa
377 1978 437 2042 128
455 1977 509 2041 7,6;
529 1976 605 2031 laeta
623 1980 693 2046 (opp.
707 1977 834 2045 tristitia)
848 1978 937 2043 77,17;
956 1994 1019 2046 pro·

288 2081 369 2134 spera
386 2062 464 2131 2226
481 2063 559 2125 2628
570 2062 648 2127 3924
661 2064 753 2131 14124
764 2069 809 2118 etc.
830 2097 865 2106 -
882 2063 1020 2134 disposita

287 2153 337 2204 tua
348 2149 455 2213 20421;
475 2149 575 2201 ornata
588 2148 724 2203 maiorum
736 2150 915 2219 36166036
932 2149 1019 2206 inter-

288 2237 372 2291 missa
399 2238 469 2304 (666.
493 2232 614 2302 novitas)
642 2235 750 2300 132,24;
782 2235 897 2306 linguae
924 2237 1019 2307 copias

287 2324 369 2378 rebus
393 2326 422 2378 et
447 2321 590 2392 praestitis
614 2321 781 2376 antecellere
807 2324 899 2387 14631
923 2331 1018 2379 616.-

287 2410 322 2463 ad
350 2409 488 2479 ampliora
515 2407 662 2479 procedere
690 2409 797 2472 14427;
827 2409 863 2463 66
887 2409 1020 2464 caelestia

286 2496 331 2560 (=
350 2497 463 2565 wdum)
480 2495 591 2564 rapitur
609 2494 714 2558 106,22;
735 2494 771 2548 ad
783 2495 857 2550 celsa
869 2495 1019 2565 perducere

289 2582 364 2646 1626
378 2582 453 2646 1343
465 2580 600 2644 CCXV&
619 2580 654 2634 ad
670 2580 772 2635 latiora
784 2581 914 2651 progredi
927 2583 1020 2645 12128

286 2667 358 2731 aaa
376 2666 413 2720 ad
425 2666 582 2736 longinqua
594 2667 705 2736 digredi
713 2668 774 2732 262
786 2668 847 2736 324
859 2667 918 2731 742
930 2667 1019 2731 27126

286 2752 322 2806 ad
340 2752 456 2821 obliqua
474 2753 596 2808 invitare
616 2754 707 2818 13331
729 2753 836 2817 161,13;
855 2752 890 2806 ad
909 2753 1021 2822 potiora

288 2838 449 2909 praeparari
461 2839 552 2903 2724;
571 2839 606 2893 ad
619 2839 733 2908 propria
745 2840 791 2906 (=
798 2839 929 2907 patriani)
938 2839 1020 2895 redu·

287 2941 348 2979 cere
367 2927 457 2990 81,31;
484 2925 518 2979 66
542 2925 644 2980 ultima
664 2927 709 2993 (=
727 2924 849 2995 6661666)
868 2925 968 2990 12129.
987 2956 1020 2966 -

285 3011 320 3065 66
338 3013 430 3066 cetero
451 3012 557 3077 10927;
577 3010 611 3064 de
630 3012 713 3081 pleno
732 3011 810 3075 9636
827 3043 860 3051 -
879 3028 912 3065 ex
930 3029 1020 3081 aequo

285 3098 376 3162 49,22;
396 3115 430 3152 ex
448 3098 507 3152 alto
524 3099 598 3162 3,22;
617 3114 651 3151 ex
663 3099 762 3166 aperto
774 3097 864 3162 6021;
883 3099 1020 3153 ediverso

288 3184 362 3247 1712
391 3215 424 3224 -
452 3184 593 3238 inultum
620 3182 683 3238 tolli
707 3181 815 3251 128,22;
846 3183 876 3238 in
901 3184 1020 3253 ancipiti

286 3270 360 3332 1721
379 3270 458 3333 2323
475 3271 548 3334 30,6;
567 3269 596 3323 in
609 3272 699 3324 artum
718 3269 813 3332 14120
832 3270 1020 3334 146261472

284 3356 391 3420 240,28;
410 3355 439 3409 in
458 3355 570 3412 devium
589 3355 649 3420 922
669 3356 773 3419 13234;
792 3355 822 3409 16
839 3354 932 3408 dubiis
946 3356 1019 3419 27,3;

286 3442 315 3496 in
333 3442 489 3512 longinquo
506 3444 600 3507 10623
617 3442 709 3505 230,6;
728 3441 758 3495 in
771 3440 891 3495 solidum
904 3441 1020 3495 reducta

1146 424 1279 495 temporis
1296 425 1370 490 3,37;
1389 423 1476 479 dubia
1492 421 1658 479 valitudinis
1669 424 1729 489 262
1746 424 1825 488 6422
1842 454 1876 463 -

1146 512 1216 565 dura
1231 510 1465 582 peregrinationis
1480 512 1661 575 223216821
1682 541 1713 551 -
1732 510 1877 565 imbecilla

1145 598 1330 653 humanitatis
1341 598 1436 662 28724
1455 598 1548 666 16828
1564 596 1641 650 -16
1658 596 1764 652 incerto
1778 597 1875 651 mnndi

1143 684 1252 748 298‚32;
1277 684 1385 738 incerta
1402 682 1613 737 deliberationis
1630 684 1719 748 311,6;
1737 685 1781 750 83
1799 685 1876 749 1126

1143 770 1222 832 2630
1238 771 1316 834 6324
1336 769 1427 832 11233
1447 769 1523 832 1463
1544 800 1576 808 -
1600 769 1696 824 intima
1713 769 1874 825 miserorum

1144 855 1300 923 relinquere
1322 856 1400 919 3133
1423 884 1456 894 -
1480 854 1558 909 invia
1580 873 1724 910 nemorum
1746 856 1824 920 3023
1842 885 1875 893 -

1143 941 1255 996 interna
1272 941 1387 995 latentis
1403 941 1513 995 consilii
1533 943 1627 1007 16228
1643 941 1720 1006 8937
1738 971 1771 980 -
1789 939 1875 994 lubri-

1144 1045 1206 1082 cum
1224 1027 1327 1082 aetatis
1345 1026 1474 1082 doctrina
1491 1027 1611 1082 solidare
1624 1027 1718 1090 17433
1735 1057 1768 1066 —-
1786 1025 1875 1079 mani·

1144 1113 1214 1167 testa
1226 1113 1324 1183 gaudii
1337 1113 1431 1177 17826
1445 1113 1519 1166 -16
1532 1113 1625 1167 medio
1634 1112 1758 1167 civitatis
1769 1111 1875 1177 177,27;

1142 1201 1220 1269 2482
1238 1232 1270 1238 -
1289 1199 1445 1254 necessaria
1453 1203 1616 1268 sumptuum
1627 1199 1685 1253 illis
1696 1197 1876 1252 ministrabat

1143 1286 1220 1350 9832
1238 1317 1270 1325 -
1289 1286 1409 1340 obscena
1423 1283 1553 1338 fallaciae
1565 1288 1617 1339 aut
1627 1284 1770 1340 fatuitatis
1781 1284 1876 1348 29826

1143 1403 1175 1411 -
1203 1373 1319 1427 obscura
1346 1371 1483 1425 mentium
1506 1370 1583 1434 2623
1616 1370 1725 1437 30327;
1753 1385 1822 1439 rogo
1845 1371 1877 1423 ut

1143 1477 1237 1514 eorum
1261 1475 1334 1527 quae
1358 1457 1427 1511 mihi
1449 1456 1587 1511 debentur
1604 1455 1721 1510 obseura
1739 1455 1876 1526 superetis

1142 1547 1219 1610 2903
1236 1575 1268 1583 -
1287 1545 1430 1614 praecelsa
1441 1547 1570 1598 reatuum
1584 1542 1678 1607 19222
1690 1541 1876 1613 —profunda

1143 1629 1377 1695 1166161620736
1397 1661 1429 1669 -
1453 1647 1502 1700 per
1520 1629 1669 1684 testudinis
1693 1628 1796 1683 rimosa
1816 1629 1877 1693 293

1142 1747 1175 1756 -
1194 1716 1315 1770 secunda
1332 1715 1527 1786 prosperitatis
1547 1718 1655 1770 vestrae
1669 1715 1763 1779 13420
1780 1715 1876 1778 20726

1142 1832 1176 1841 -
1194 1802 1245 1857 1116
1267 1801 1388 1871 pectoris
1406 1802 1449 1856 tui
1468 1802 1622 1870 tranquilla
1641 1803 1718 1866 8226
1735 1832 1768 1843 -
1786 1800 1876 1856 turbi-

1141 1889 1208 1943 dum
1221 1888 1352 1944 maeroris
1367 1889 1441 1952 1612
1456 1918 1486 1928 -
1501 1888 1631 1942 universa
1643 1887 1753 1943 molesti
1766 1886 1876 1942 itineris

1141 1975 1228 2040 8621.
1244 2007 1274 2015 -
1284 1974 1342 2028 6166
1354 1975 1451 2038 bonus,
1470 1973 1598 2044 insignis,
1611 1974 1733 2038 nubilus,
1746 1975 1875 2035 secretus,

1142 2079 1263 2129 serenus,
1281 2078 1381 2115 vernus

1176 2148 1297 2216 abrupta
1318 2146 1428 2201 itineris
1447 2147 1522 2210 1892
1542 2146 1636 2210 19132
1658 2176 1692 2186 -
1716 2146 1876 2216 interrupta

1141 2235 1279 2289 montium
1297 2237 1347 2288 aut
1366 2235 1473 2288 secreta
1485 2231 1618 2286 silvarum
1631 2233 1726 2293 24824
1745 2263 1776 2272 -
1796 2249 1876 2303 prae·

1141 2323 1226 2390 rupta
1244 2337 1372 2374 saxorum
1392 2320 1485 2383 18734
1502 2320 1580 2385 3242
1605 2350 1637 2358 -
1660 2319 1757 2389 666116
1774 2336 1895 2374 sermo.

1141 2424 1209 2460 nurn
1239 2406 1360 2462 indoctis
1389 2405 1553 2460 subtrahere
1581 2405 1676 2468 24821
1710 2435 1743 2445 -
1778 2405 1877 2460 666116

1142 2492 1322 2547 salutationis
1339 2494 1417 2556 2126
1434 2493 1496 2556 242
1512 2490 1573 2556 332
1592 2521 1623 2529 -
1642 2490 1779 2546 directum
1791 2492 1876 2547 itine-

1142 2578 1180 2632 ris
1197 2580 1275 2643 309‚5
1297 2577 1393 2641 32129
1416 2607 1449 2619 -
1472 2576 1594 2632 discreta
1617 2577 1764 2647 regionum
1782 2579 1877 2643 16623

1142 2694 1175 2704 -
1194 2664 1268 2718 inter
1286 2663 1452 2719 excellentia
1470 2681 1615 2719 munerum
1635 2663 1794 2718 divinornm
1809 2667 1876 2735 peto

1144 2751 1220 2815 1606
1245 2780 1278 2789 -
1305 2768 1423 2820 quorum
1450 2753 1549 2806 contra
1576 2766 1620 2805 me
1646 2749 1770 2805 nitentia
1795 2750 1877 2804 fidem

1143 2836 1272 2906 frangere
1294 2840 1450 2906 nequeunt,
1474 2837 1594 2908 exigunt
1618 2836 1782 2891 tarditatem
1799 2838 1878 2901 2903

1144 2953 1175 2962 -
1194 2925 1312 2977 naturae
1327 2924 1517 2993 repugnantia
1529 2941 1586 2978 non
1598 2923 1736 2978 dederunt
1749 2924 1825 2993 1626
1844 2954 1877 2964 -

1142 3008 1196 3063 sibi
1214 3009 1299 3064 debet
1315 3009 1461 3079 angustias
1478 3028 1551 3074 suas,
1570 3010 1620 3079 qui
1639 3026 1734 3064 earum
1751 3010 1878 3080 relegere

1143 3098 1284 3149 transacta
1296 3112 1353 3150 non
1366 3094 1471 3164 refugit
1480 3097 1540 3160 286
1553 3126 1584 3136 -
1597 3099 1696 3151 contra
1706 3096 1776 3166 legis
1788 3096 1878 3151 vetita

1144 3182 1219 3246 1129
1235 3187 1281 3235 stc.

1074 3283 1160 3321 nexus
1187 3267 1349 3323 concordiae
1378 3268 1453 3332 1821
1483 3297 1514 3307 -
1542 3267 1714 3322 condicionis
1742 3270 1818 3333 1928
1845 3299 1876 3309 -

1142 3354 1331 3422 exemplorum
1355 3354 1432 3417 6624
1460 3384 1493 3394 -
1520 3354 1659 3424 pactionis
1683 3357 1789 3421 106216
1816 3357 1877 3418 202

1142 3440 1203 3502 602
1220 3440 1297 3498 6024
1316 3442 1410 3509 10423
1426 3445 1470 3494 616.

285 3529 456 3599 prosperitas
481 3529 543 3594 323
576 3544 653 3581 inens
684 3527 714 3580 in
745 3526 834 3582 solido
864 3527 1020 3582 constituta
1073 3524 1188 3594 nigrans
1206 3525 1302 3594 puella
1318 3527 1413 3590 24624
1431 3557 1463 3565 -
1482 3525 1600 3596 pallium
1619 3526 1770 3581 CCCXLII

286 3615 394 3679 129,22;
414 3614 442 3668 in
459 3613 559 3667 vicinis
571 3613 700 3667 habitare
713 3615 774 3678 262
795 3646 825 3652 -
845 3629 895 3683 per
907 3612 1018 3668 devium
1073 3610 1204 3666 nimietas
1223 3612 1317 3667 valida
1335 3612 1454 3666 febrium
1471 3614 1567 3678 28623

285 3702 345 3768 613
372 3717 421 3770 per
447 3699 530 3754 devia
556 3701 645 3768 113,3;
673 3717 722 3770 per
746 3700 855 3755 diversa
879 3699 1019 3769 dispersus
1072 3697 1398 3763 616116--161166332
1425 3699 1485 3761 873
1511 3699 1590 3762 2813
1612 3699 1688 3763 2882
1714 3699 1816 3766 29626.
1844 3731 1876 3740 -

284 3788 345 3853 683
355 3789 411 3851 3,6;
430 3786 522 3841 fumus
541 3803 590 3855 per
607 3786 697 3840 multa
706 3804 817 3856 sparsus
828 3787 973 3851 12129616.
985 3818 1018 3828 -
1142 3803 1197 3839 666
1217 3785 1300 3839 nimis
1318 3785 1377 3847 362
1397 3784 1579 3839 cccxavlll
1590 3786 1622 3838 16

284 3873 319 3939 os.
336 3872 538 3936 absconditum,
557 3872 709 3937 conditum,
728 3872 875 3941 liquidum,
894 3873 1020 3944 longum,
1072 3870 1190 3925 nimium
1202 3871 1330 3926 mendica
1338 3873 1400 3937 863
1412 3902 1444 3910 -
1457 3874 1525 3925 6616
1534 3872 1611 3934 8627
1625 3902 1657 3912 -
1670 3871 1877 3942 661116123620

286 3959 464 4029 profundum,
483 3961 582 4022 totum,
600 3974 716 4012 vernum
1072 3957 1187 4012 nimius:
1206 3958 1260 4012 nisi
1274 3959 1439 4013 assiduitate
1453 3957 1542 4012 nimia
1552 3959 1596 4024 (=
1607 3962 1722 4028 memma)
1733 3975 1789 4013 non
1799 3962 1876 4012 tenc·

215 4049 339 4098 666666
354 4044 530 4113 pronominis,
549 4042 1020 4116 66166116,661116161166666661116
1142 4048 1187 4099 tur
1199 4046 1307 4109 26731;
1325 4046 1435 4110 97216
1455 4046 1548 4106 10139

249 4130 419 4185 arbanam-i.-
1072 4131 1226 4201 ninguidus
1247 4132 1450 4196 1032710821
1471 4131 1562 4185 xxvi
1572 4133 1607 4187 26

285 4216 314 4269 id
331 4217 401 4271 mihi
420 4219 512 4288 operis
532 4219 680 4273 iniunxisti
702 4220 787 4284 166,9;
810 4219 840 4272 16
858 4219 959 4274 sortita
976 4223 1019 4274 est
1073 4217 1126 4272 nisi
1145 4220 1178 4272 ut
1199 4218 1260 4279 223
1282 4219 1360 4281 3636
1382 4218 1443 4281 363
1465 4218 1489 4286 1?
1499 4218 1560 4283 643
1578 4216 1631 4272 nisi
1651 4220 1684 4272 ut
1701 4217 1736 4271 de
1750 4234 1803 4287 pro
1820 4218 1875 4272 nisi

286 4303 414 4357 vocabuli
435 4305 517 4359 vallis
543 4307 636 4369 18724
662 4336 695 4344 -
723 4306 776 4360 hoc
803 4305 872 4359 mihi
897 4306 1019 4361 muneris
1141 4303 1215 4358 unde
1241 4302 1287 4373 de]
1315 4303 1390 4368 7329
1423 4304 1516 4368 11622
1542 4305 1624 4376 1973
1654 4304 1749 4369 20326
1781 4305 1877 4368 22320

285 4389 410 4444 iniunxit
429 4392 537 4458 14326;
556 4390 608 4446 hoc
626 4391 751 4447 beneficii
768 4394 931 4447 consecutus
942 4393 1020 4458 2803
1141 4391 1234 4455 26327
1253 4391 1332 4454 2676

284 4476 399 4530 —illud
409 4476 488 4531 vobis
498 4478 592 4545 placet
603 4478 783 4548 allegationis
795 4495 873 4533 meae
886 4481 1018 4544 16620-
1072 4477 1183 4531 niveum
1226 4476 1357 4530 meritum
1400 4477 1508 4541 314,16;
1560 4494 1637 4531 mens
1677 4475 1753 4530 nivei
1793 4475 1876 4530 lactis

285 4562 352 4630 quid
378 4563 486 4617 sudoris
509 4581 578 4633 opus
602 4564 640 4618 sit
657 4568 815 4635 agnoscunt
833 4565 923 4629 18,23;
951 4563 1019 4633 6616
1141 4563 1238 4624 clem
1270 4562 1382 4616 niseum
1411 4580 1441 4617 os
1467 4564 1575 4630 311316
1607 4563 1689 4616 nivea
1716 4563 1820 4617 labella
1839 4564 1874 4632 (7)

286 4649 477 4704 molestiarum
491 4649 656 4705 sustinuerit
667 4651 771 4720 quidve
781 4651 917 4705 virtutum
927 4667 1019 4721 gesse-
1141 4648 1613 4716 0606111111111123;6[.6.6426
1621 4649 1717 4703 (161611.
1726 4650 1849 4705 LXXX
1853 4661 1876 4718 1,·

285 4735 324 4788 rit
344 4736 422 4800 9122
441 4768 471 4776 -
491 4736 625 4805 quicquid
644 4736 772 4792 beneficii
797 4737 907 4806 accepit
930 4738 1019 4802 107,8;
1141 4736 1254 4790 niveum
1272 4735 1367 4789 lumen
1386 4734 1663 4790 6666116666

283 4822 328 4875 illi
351 4822 489 4891 quidquid
514 4823 637 4877 fidelium
661 4827 703 4877 est
720 4822 825 4891 ubique
843 4823 1020 4878 submittitur
1072 4822 1120 4875 uix
1148 4821 1250 4891 eapitis
1277 4820 1410 4890 adparuit
1435 4821 1527 4886 3326;
1558 4821 1605 4875 nix
1629 4839 1764 4892 genarum
1790 4824 1876 4878 habet

284 4909 344 4971 626
362 4939 395 4948 -
414 4912 480 4963 6616
495 4908 604 4977 aliquid
618 4909 830 4979 temporisll‚2;
848 4910 896 4979 qui
911 4910 1018 4979 aliquid
1142 4907 1317 4961 concordiam
1344 4925 1406 4961 cunr
1433 4906 1533 4961 rubore
1561 4909 1670 4971 21421ς
1697 4910 1744 4963 nix
1772 4911 1876 4980 lapidis
1956 4952 1965 4962 .

284 4995 392 5064 saporis
409 4995 516 5050 habent
533 4997 669 5060 2813616.
685 5026 718 5036 -
736 4996 768 5061 cf.
788 4996 864 5050 locus
1140 4996 1200 5048 arte
1210 4993 1291 5048 rubet
1301 4993 1490 5058 auxillium
1500 4994 1548 5047 nix
1556 4994 1705 5064 probitatis
1713 4995 1876 5051 cxavllls

318 5081 1020 5138 6116166666161166161600161128-616616
1073 5080 1206 5135 nobilitas
1225 5080 1334 5149 peccati
1352 5080 1428 5144 6723
1447 5111 1478 5119 -
1498 5080 1625 5150 pariendi
1646 5081 1703 5145 712

284 5168 507 5237 praecordiorum
527 5170 605 5235 2682
625 5199 656 5209 -
677 5169 810 5240 ambiguo
828 5169 1019 5238 promissionis
1072 5183 1185 5221 nocere:
1204 5183 1249 5220 me
1267 5166 1392 5220 nocitum
1411 5167 1521 5222 cautela
1539 5169 1632 5221 vestra
1649 5166 1785 5221 denuntio
1797 5167 1876 5229 2728

283 5256 377 5317 29621
383 5276 390 5319 ;
409 5256 486 5320 1723
505 5256 580 5320 1132
602 5287 634 5294 -
652 5255 791 5311 dictorum
809 5272 928 5311 amoena
946 5256 1017 5327 sugi-
1073 5253 1192 5308 nodosus
1210 5253 1306 5317 31336
1324 5253 1475 5308 1111111168

285 5343 363 5395 entes
389 5343 484 5407 31123
510 5373 544 5381 -
570 5346 693 5414 angusta
719 5342 836 5398 carceris
864 5344 959 5408 13320
985 5374 1018 5384 -
1071 5340 1212 5394 uomicam
1229 5339 1334 5392 iocosae
1351 5340 1569 5408 signifimtr'onca:

1141 5426 1276 5482 Aetheria
1293 5425 1369 5488 2883
1395 5456 1426 5464 -
1451 5428 1553 5481 Arator
1571 5427 1648 5492 1143
1672 5424 1876 5482 ccxxxvlln

1142 5543 1175 5556 -
1206 5512 1349 5582 Benignus
1376 5511 1481 5569 cclvi
1516 5544 1547 5555 ·-
1578 5513 1672 5569 Bonus
1699 5512 1809 5570 XLVII
1842 5542 1874 5554 ·-

284 5445 387 5483 arcana
409 5445 548 5483 sacrorum
571 5429 745 5484 voluminum
763 5430 839 5493 7221
866 5430 960 5494 11720
984 5460 1017 5470 -

283 5513 367 5570 devia
377 5517 406 5570 et
415 5519 536 5586 angusta
546 5518 681 5572 terrarum
694 5515 771 5581 1128
782 5546 815 5558 -
826 5519 890 5588 post
901 5516 1017 5574 dubium
