4500 6232
691 295 897 351 ‹teulrxxxlx
916 294 1040 361 (artas.
1058 296 1084 357 8,
1105 296 1147 361 12)
1168 324 1199 333 —
1218 288 1344 345 cccxci
1363 288 1486 357 (urls'r.
1503 290 1529 355 8,
1548 290 1601 355 14).

880 584 1147 655 GCGLXXXIX
1171 588 1282 672 (sessu.
1301 592 1332 667 8,
1353 586 1415 667 12).

928 783 1165 857 ENNODIVS
1192 782 1367 889 FLORO.

291 937 301 994 ¹
431 931 519 1039 Qua
543 971 575 1024 te
600 960 808 1025 devinetione
832 968 1059 1046 teneamque
1082 962 1254 1047 diligentia
1277 961 1477 1047 conplectar,
1502 982 1545 1025 ex
1562 958 1661 1022 animi
1685 957 1736 1022 tui
1763 962 1875 1043 potes
1901 954 2014 1041 quali·

322 1076 389 1129 tate
414 1065 579 1149 colligere.
627 1067 681 1128 vix
705 1067 791 1129 enim
815 1066 916 1129 amari
941 1066 1094 1150 contigit,
1126 1066 1187 1129 nisi
1215 1086 1297 1150 quos
1326 1065 1498 1150 sinceriter
1521 1084 1631 1128 amare
1654 1059 1878 1127 eonstiterit.
1930 1078 2012 1122 eon-

323 1168 471 1253 greditur
496 1168 581 1232 inter
604 1192 638 1233 se
663 1170 816 1233 caelestis
841 1170 934 1251 vigor
956 1170 1136 1233 animarum
1165 1175 1199 1233 ot
1228 1168 1336 1232 studia
1364 1190 1423 1233 sua
1452 1168 1550 1232 mutis
1582 1167 1644 1232 sibi
1674 1164 1803 1251 pandit
1829 1162 2013 1229 affatibus.

324 1278 358 1335 et
380 1271 454 1335 ideo
480 1273 506 1334 si
530 1271 788 1336 vicissitudinem
811 1273 891 1335 mihi
916 1272 1053 1337 reddero
1076 1273 1237 1359 disponis,
1269 1273 1383 1337 insiste
1412 1272 1546 1350 domno,
1577 1276 1614 1334 ut
1636 1268 1886 1335 suburbanum
1914 1264 2013 1341 illud,
2070 1285 2080 1321 ὁ

323 1375 398 1439 dato
422 1377 450 1437 si
474 1374 626 1459 dignatur
649 1399 668 1437 u
691 1397 742 1439 mc
766 1377 885 1461 pretio,
916 1377 1098 1462 comparari
1122 1375 1251 1441 iubeat:
1276 1374 1363 1460 quod
1387 1375 1463 1439 dum
1487 1375 1519 1438 in
1543 1373 1677 1458 Liguria
1700 1372 1824 1451 luero,
1860 1369 2015 1435 feliciter

292 1476 461 1542 ‘thebeam
487 1486 519 1542 et
543 1485 616 1563 post
639 1479 763 1541 obitum
786 1500 895 1543 meum
919 1479 991 1564 ipse
1015 1480 1130 1564 suique
1154 1478 1352 1565 possideant.
1398 1477 1477 1541 mihi
1508 1486 1617 1542 tamen
1646 1482 1723 1563 post
1754 1474 1870 1541 deum
1904 1473 2012 1539 liber·

325 1588 426 1645 tatem
451 1583 669 1646 substantiam
693 1582 822 1645 videtur
843 1582 915 1666 ipse
939 1582 1102 1661 conferre,
1134 1582 1161 1645 si
1185 1582 1245 1645 hoo
1268 1582 1421 1646 beneficii
1444 1582 1631 1668 peripsum
1655 1580 1749 1643 luero
1778 1588 2011 1643 consecutus.

322 1685 378 1748 sed
403 1686 450 1749 sie
476 1686 544 1750 filia
566 1692 622 1748 tua
647 1687 750 1763 vivut,
782 1685 828 1749 sic
858 1685 899 1750 de
929 1686 986 1749 illa
1014 1686 1129 1771 quales
1160 1692 1254 1771 optas
1278 1686 1361 1750 filios
1385 1692 1516 1761 teneas,
1548 1686 1594 1749 sic
1617 1684 1699 1748 deus
1722 1682 1886 1748 animam
1914 1688 2010 1747 tuam

324 1796 454 1853 sanctos
479 1810 555 1852 suos
579 1790 679 1853 faciat
708 1790 882 1873 coaequari
913 1797 947 1853 et
976 1790 1079 1854 frater
1106 1797 1182 1854 tuus
1205 1791 1311 1867 vivat,
1346 1796 1382 1853 ut
1410 1790 1541 1853 insistas
1571 1788 1769 1874 suppliciter
1800 1787 2010 1873 inportune,
2060 1802 2082 1839 ¹⁰

200 1924 206 1936 ·
292 1884 485 1977 3quatenus
510 1892 550 1955 ad
575 1894 729 1955 ellectum
753 1895 945 1978 petitionem
969 1915 1075 1958 meam
1097 1894 1269 1979 perducas.
1314 1894 1437 1977 cogitet
1465 1892 1578 1970 deum,
1609 1890 1733 1975 cogitet
1765 1889 2011 1954 necessitates

323 2018 424 2076 meas,
449 1998 526 2081 quia
543 1997 623 2060 nihil
641 2002 692 2061 est
708 1996 795 2082 quod
811 1998 959 2083 potentia
975 1999 1088 2086 ipsius.
1112 1997 1198 2084 quod
1215 1998 1354 2061 affectus
1371 1996 1459 2061 circa
1474 2016 1526 2061 me
1543 1996 1650 2060 maius
1669 1993 1779 2078 possit
1803 1999 2011 2081 praestare.

950 2302 1087 2372 GGGXG
1109 2304 1220 2389 (sersr.
1238 2307 1269 2385 8,
1288 2304 1353 2389 13).

701 2499 937 2574 ENNODIVS
965 2499 1244 2573 AVRELIANO
1272 2499 1603 2573 PRESBYTERO.

298 2658 310 2716 ¹
434 2645 669 2738 Affectionem
693 2674 842 2753 mentior,
866 2677 892 2739 si
911 2676 1075 2740 vobiscum
1094 2676 1279 2761 digrediens
1297 2697 1361 2739 non
1379 2675 1520 2738 remansi
1537 2680 1570 2738 et
1586 2673 1825 2739 beatitudinem
1846 2685 2010 2742 vestram

327 2798 455 2841 mecum
480 2779 626 2862 quamvis
651 2779 790 2842 locatam
814 2780 847 2842 in
871 2781 1012 2845 statione
1037 2802 1100 2844 non
1124 2780 1238 2845 detuli.
1283 2785 1316 2843 et
1339 2778 1416 2863 quia
1439 2779 1568 2841 animus
1592 2778 1625 2841 in
1648 2798 1711 2855 me,
1734 2783 1771 2841 ut
1797 2778 1834 2842 in
1859 2781 2011 2857 ceteris,
2063 2800 2084 2838 1¹1

328 2880 495 2965 inperator
512 2888 562 2944 est
581 2882 736 2966 corporis.
761 2883 833 2969 ipse
849 2885 935 2948 circa
951 2884 1152 2969 diligentiam
1170 2892 1312 2948 vestram
1336 2890 1388 2947 est
1410 2889 1480 2946 toto
1502 2881 1683 2945 intentione
1707 2882 1882 2966 captivus.
1924 2906 2012 2969 erge

328 2984 537 3048 salutationis
562 2984 843 3051 honorificentiam
861 2986 973 3052 debita
990 2988 1175 3052 humilitate
1193 2988 1384 3074 persolvens
1403 2985 1483 3049 nihil
1501 2983 1672 3048 valitudini
1688 3003 1784 3049 meae
1802 2984 1848 3049 de
1865 2986 2011 3053 itineris

296 3085 550 3152 'toonlractione
580 3087 688 3151 indico
718 3088 913 3157 decessisse.
959 3112 1038 3156 ecoe
1068 3112 1132 3176 qua
1161 3089 1411 3154 sollicitudinem
1441 3095 1584 3153 vestram
1612 3086 1748 3172 benigni
1776 3088 1890 3154 studii
1924 3112 2011 3156 eura

328 3196 532 3254 remunerer!
578 3191 692 3271 tacite,
722 3191 809 3276 quod
833 3194 990 3280 seriptum
1020 3202 1085 3269 est,
1115 3193 1256 3280 adcepta
1291 3194 1502 3257 restituentes
1534 3190 1575 3255 de
1599 3190 1836 3277 prosperitatis
1862 3202 2011 3259 vestrae

328 3315 379 3358 ms
403 3293 641 3378 significatione
664 3295 831 3379 gratulari.
2061 3318 2086 3357 so

947 3516 1105 3586 thcl
1128 3519 1238 3603 (setsr.
1253 3522 1283 3601 8,
1301 3520 1364 3604 lt).

872 3762 874 3767 -
923 3712 1161 3786 ENNODIVS
1187 3711 1388 3787 FAVSTO.

441 3856 614 3949 Tacerem
639 3887 807 3950 molestias
831 3908 932 3963 meas,
957 3888 1019 3951 nisi
1043 3887 1295 3952 intellexissem.
1318 3887 1405 3972 quod
1423 3888 1608 3952 sollicitudo
1625 3893 1735 3952 restra
1751 3906 1806 3951 ma
1827 3889 2009 3957 sublevat.

329 4008 404 4051 nam
433 3985 509 4050 dum
540 3990 735 4073 agnoscitis,
766 4011 862 4074 quam
888 3992 984 4054 variis
1013 3991 1198 4055 morborum
1229 3991 1350 4076 fatigor
1379 3990 1609 4069 incommodis,
1640 4012 1699 4075 pro
1728 3992 1882 4076 peccatis
1915 3996 2009 4061 meis

329 4091 476 4155 febribus
499 4093 688 4177 frequenter
710 4092 845 4157 addicor
869 4101 902 4158 ot
925 4095 1021 4165 vires,
1047 4115 1131 4180 quae
1154 4093 1351 4159 videbantur
1374 4096 1556 4165 restitutae,
1580 4096 1781 4178 franguntur.
1823 4114 1914 4181 erge
1940 4118 2006 4163 vos

330 4193 476 4258 remedia
499 4203 657 4261 consueta
679 4204 844 4282 praestate
870 4206 903 4262 et
924 4219 1018 4262 usum
1036 4199 1126 4262 illum
1146 4206 1278 4263 sanetae
1296 4200 1552 4264 conversationis
1568 4195 1748 4285 inpendite,
1772 4205 1809 4263 ut
1825 4199 2005 4287 quidquid
2058 4222 2082 4263 ss

330 4296 493 4362 medicina
515 4299 699 4363 mortalium
723 4321 788 4365 non
810 4302 908 4382 valet,
931 4304 1011 4366 lusis
1034 4302 1196 4368 addeum
1219 4311 1366 4368 nostrum
1389 4304 1541 4391 precibus
1564 4302 1746 4388 inpetratis.

436 4556 657 4625 [ccoaxxxtx]
687 4556 916 4612 2diuinetioneB
1020 4562 1036 4612 3
1055 4565 1164 4630 contigit
1175 4564 1275 4628 soriprsi,
1293 4564 1407 4629 contigat
1419 4560 1451 4625 B,
1469 4563 1601 4629 oontiugst
1612 4562 1688 4613 ceteri
1791 4557 1810 4609 4
1829 4562 1967 4616 affatibus
1979 4564 2008 4617 B

331 4647 349 4697 ἴ)
366 4648 449 4697 siem.
466 4646 597 4698 VLTOJ’t
650 4647 858 4699 uiosssitudinsm
871 4649 896 4698 B
990 4650 1007 4699 li
1023 4650 1045 4700 si
1057 4651 1181 4717 dignatur
1193 4652 1252 4701 dato
1265 4647 1322 4700 P¹b
1416 4648 1432 4699 9
1450 4651 1525 4701 uiuat
1536 4651 1574 4701 sie
1586 4650 1623 4701 sie
1634 4650 1666 4699 de
1677 4648 1703 4698 B
1794 4644 1831 4699 10
1848 4658 1968 4703 mansos
1980 4650 2009 4703 B

331 4734 425 4783 sarsoris
443 4733 496 4784 suis
513 4732 594 4785 Tora
693 4735 769 4785 facist
784 4732 931 4784 VLTlt'Pl
1030 4737 1181 4803 suppliciter
1203 4737 1232 4799 ui
1250 4738 1278 4786 in
1290 4735 1337 4800 h‘t)
1355 4736 1380 4786 Β
1514 4733 1544 4785 11
1564 4736 1685 4801 quatinus
1701 4732 1726 4782 V
1820 4734 1965 4801 petionem
1978 4737 2007 4790 B

330 4820 414 4886 cogite
426 4820 450 4883 b,
473 4820 570 4886 cogitas
587 4820 675 4881 Simu,
698 4828 721 4871 et
738 4820 774 4870 sic
791 4829 896 4885 utroque
914 4823 968 4872 loco
1072 4824 1167 4887 cogitet
1189 4824 1266 4873 deum
1284 4839 1340 4887 sup.
1359 4823 1402 4873 lin.
1422 4822 1446 4871 Β
1586 4819 1619 4871 12
1641 4828 1772 4887 praestare
1792 4820 1852 4871 eod.
1873 4820 2005 4877 Onobara

332 4905 420 4957 Schott
436 4915 460 4957 et
476 4905 564 4969 Sirra,
581 4915 648 4957 stare
666 4908 740 4958 ceteri

436 5005 565 5074 [OECXC]
602 5007 635 5059 15
657 5008 787 5077 quamvis]
813 5027 891 5076 qnam
913 5012 958 5061 uix
975 5012 1000 5060 Β
1105 5011 1215 5061 locatum
1234 5011 1258 5059 Β
1362 5020 1387 5061 et
1410 5011 1459 5062 del.
1479 5010 1575 5061 Hortsl
1679 5012 1705 5059 iu
1730 5004 1833 5074 esteris]
1860 5010 1961 5065 interis
1979 5014 2008 5065 B

332 5094 365 5145 lb'
382 5097 498 5162 captiuos
511 5094 536 5143 Β
670 5092 700 5145 11
719 5096 861 5148 ualitudine
879 5096 903 5146 Β
1039 5096 1069 5145 lll
1088 5113 1141 5148 rem
1160 5112 1279 5147 muneror
1296 5096 1321 5145 Β
1418 5104 1523 5163 accepta
1540 5096 1563 5144 l'
1657 5096 1836 5147 restituenstss
1856 5095 1883 5159 (s
1901 5098 1961 5151 det.
1981 5110 2008 5154 at

333 5200 349 5232 u
368 5198 423 5247 uqa.
440 5180 500 5245 scr.)
519 5181 544 5230 B

436 5283 579 5352 [CCCXCI]
615 5284 649 5337 22
670 5285 789 5351 mearam}
814 5296 893 5338 tarem
910 5287 935 5337 Β
1061 5286 1096 5337 23
1115 5282 1261 5347 numilem]
1281 5285 1491 5336 noudan²et
1510 5284 1606 5335 Horlcl
1693 5282 1834 5349 agnoscitis
1847 5284 1888 5349 B,
1917 5304 2007 5357 agmo-

332 5372 509 5435 oratiototam,
526 5372 771 5441 cognoscitisSirm.
840 5373 1051 5423 imcommodisB
1155 5368 1190 5422 ‘24
1207 5370 1332 5438 quaesB
1435 5370 1470 5422 25
1487 5372 1641 5424 soauotaeB
1710 5370 1835 5437 quiequid
1852 5370 1879 5421 V
