4500 6232
942 278 1242 348 coxnroruscsr.
1860 285 1920 348 189

266 450 307 515 ab
331 450 474 528 homine,
497 471 582 535 quae
605 451 677 514 sine
700 449 832 513 humani
855 451 985 534 generis
1007 456 1095 517 teste
1111 455 1328 518 commiserat.
1366 453 1519 517 viaticum
1535 455 1694 540 poposcit,
1718 454 1828 539 fugam
1846 460 1913 519 tre-

265 577 359 619 mens
382 553 562 640 adpararit.
598 554 753 617 continuo
770 559 879 617 tamen
895 553 1077 640 pedisequa
1100 577 1191 621 reum
1215 558 1296 621 ultio
1314 556 1550 641 conprehendit
1572 565 1606 621 et
1622 558 1792 643 expiatum
1807 558 1919 622 scelus

266 659 441 744 patratoris
464 664 568 721 morte
592 658 763 721 nuntiarit.
809 657 854 720 ita
876 678 983 722 sermo
1006 660 1084 724 iusti
1107 660 1232 724 viribus
1256 681 1369 725 carere
1392 680 1457 724 non
1480 660 1596 746 potuit.

375 761 506 826 Interea
535 767 667 825 sanetus
697 761 746 823 vir
777 780 836 846 per
867 761 1017 846 regiones
1045 763 1197 827 finitimas
1226 763 1439 828 insidiatricis
1474 764 1581 829 lamae
1616 763 1736 849 linguis
1767 764 1916 844 innotuit,
1931 766 1972 827 30

200 900 211 934 r.
266 887 349 951 quae
377 886 419 928 ne
447 871 579 950 pareret
606 863 647 928 de
678 864 873 928 celebritate
896 866 1102 945 iactantiam,
1130 874 1207 931 ante
1231 869 1363 954 provisa
1387 874 1463 931 sunt
1485 868 1642 946 remedia,
1666 887 1764 952 quam
1786 867 1918 933 morbus

264 969 481 1033 adolesceret.
528 968 581 1052 qni
606 969 693 1032 enim
709 968 916 1053 grandaevus
940 976 996 1033 aut
1019 969 1139 1034 debilis
1163 970 1246 1035 duce
1270 969 1443 1054 diligentia
1465 992 1530 1036 non
1554 971 1679 1034 itineris
1703 969 1789 1034 illius
1812 976 1918 1034 trans-

264 1072 396 1136 meabat
418 1071 578 1157 abmpta,
610 1091 683 1135 curn
714 1071 868 1135 dantibus
891 1073 1105 1138 valitudinem
1129 1073 1304 1139 desideriis
1328 1075 1425 1138 etiarn
1451 1073 1674 1160 aegritudines
1699 1095 1833 1160 corpora
1855 1096 1918 1139 non

265 1181 436 1239 tenerent?
461 1175 522 1238 hac
539 1175 732 1261 perterritus
753 1175 938 1260 frequentia
960 1175 1000 1239 ad
1025 1177 1203 1240 secretiora
1226 1176 1349 1241 heremi
1373 1177 1490 1242 beatus
1508 1178 1669 1243 Antonius
1687 1176 1824 1242 eredidit
1840 1199 1917 1243 evo·
1931 1177 1967 1238 31

265 1277 412 1347 landum,
444 1300 485 1342 ne
516 1278 715 1363 singulorum
747 1278 877 1343 devotio
906 1279 1092 1344 inamabilis
1120 1280 1333 1365 adrogantiae
1362 1289 1467 1347 mater
1495 1284 1654 1347 existeret
1682 1289 1715 1346 et
1745 1281 1786 1346 de
1812 1283 1919 1346 multi·

190 1414 215 1451 nr
267 1382 362 1445 sormi
386 1381 491 1466 gratia
514 1380 678 1466 rigidioris
703 1382 858 1468 propositi
883 1382 977 1446 ruina
1000 1390 1201 1448 nasceretur.
1240 1405 1317 1447 mox
1341 1390 1451 1449 tamen
1476 1405 1638 1465 secessus,
1662 1405 1758 1471 quern
1775 1384 1920 1470 pendula

266 1506 362 1569 rupes
386 1485 646 1561 commendabat,
671 1484 796 1548 clectus
820 1491 880 1563 est,
905 1486 937 1549 in
962 1506 1025 1569 quo
1048 1488 1141 1551 annis
1166 1487 1315 1573 plurimis
1339 1490 1430 1553 solus
1454 1496 1487 1552 et
1511 1510 1587 1554 vere
1611 1489 1791 1553 monachus
1818 1490 1917 1552 vitam

178 1590 337 1659 porsina
369 1589 500 1653 humani
529 1588 660 1673 generis
693 1596 841 1652 consorte
865 1590 1035 1674 transegit.
1081 1590 1181 1654 dabat
1202 1591 1289 1655 feras
1314 1613 1372 1678 pro
1397 1591 1564 1656 sodalibus
1587 1599 1743 1657 montana
1766 1589 1971 1656 solitariam

265 1693 406 1776 mugitus
438 1692 506 1755 ursi
535 1691 737 1775 aliarumque
767 1691 934 1756 beluarum
965 1694 1077 1757 minax
1107 1693 1352 1758 inmurmuratio
1381 1716 1439 1780 pro
1472 1695 1612 1760 blandae
1641 1694 1916 1759 contabulationis

265 1795 492 1860 communione
516 1795 710 1880 ponebatur.
754 1794 894 1879 denique
919 1817 959 1859 ea
983 1801 1180 1882 tempestate
1203 1818 1299 1861 ursus
1316 1798 1516 1884 petulantior
1539 1798 1661 1882 gloriae
1685 1799 1758 1884 plus
1781 1797 1917 1862 daturus

200 1935 211 1969 a
265 1901 376 1965 caules
405 1899 508 1984 ipsius
535 1898 714 1983 puberibus
743 1896 829 1962 foliis
854 1899 1007 1964 laetiores
1032 1907 1065 1963 ct
1088 1899 1228 1986 quodam
1252 1900 1383 1964 domino
1405 1901 1571 1965 hilaritate
1594 1901 1775 1986 gestientes
1797 1900 1918 1964 inmani
1929 1898 2060 1997 ”gf-333¹·

264 2003 451 2087 ingrediens
475 2001 670 2065 contritione
693 2003 844 2080 vastavit,
868 2002 913 2066 ita
936 2010 1155 2088 utnusquam
1178 2003 1218 2068 de
1242 2004 1381 2089 simplici
1407 2004 1502 2089 fruge
1525 2025 1600 2088 spes
1632 2004 1766 2068 residua
1788 2004 1917 2088 linque-

262 2112 362 2170 retur.
397 2125 494 2188 quem
516 2104 572 2169 ille
596 2104 714 2168 baculo
734 2105 911 2169 mulcatum
936 2105 1116 2170 districtius
1140 2106 1231 2170 abire
1255 2107 1460 2193 praecipiens
1487 2115 1606 2196 testem
1630 2109 1757 2172 virtutis
1781 2128 1860 2171 suae
1884 2113 1918 2170 et
1930 2111 1970 2174 33

262 2210 410 2274 nuntium
434 2208 596 2294 passionis
619 2207 660 2270 ad
684 2208 765 2271 alias
789 2209 836 2271 irc
859 2206 982 2272 bestias
1005 2230 1081 2273 mox
1105 2210 1223 2294 coegit,
1247 2218 1283 2273 ut
1307 2211 1498 2297 impleretur
1520 2211 1641 2275 domini
1664 2210 1769 2275 fidelis
1792 2210 1917 2296 pollici·

262 2314 358 2385 tatio,
392 2333 476 2397 quae
506 2312 725 2376 sectatoribus
754 2313 822 2375 suis
857 2312 955 2376 totius
981 2314 1099 2376 veneni
1129 2320 1163 2377 et
1189 2313 1330 2377 omnium
1360 2314 1503 2378 ferarum
1533 2315 1682 2400 promisit
1711 2313 2073 2398 obsequiumumrca.

186 2455 192 2465 ·
265 2437 375 2480 rursus
407 2424 516 2480 tamen
540 2415 702 2500 gradienti
726 2415 755 2479 ei
778 2435 837 2500 per
860 2413 1058 2478 destinatum
1082 2415 1199 2477 callem
1223 2416 1356 2499 rugiens
1381 2436 1416 2480 se
1441 2416 1510 2480 iera
1533 2418 1716 2501 suggessit,
1741 2437 1838 2501 quam
1862 2416 1917 2479 ille

264 2522 333 2584 sola
358 2520 500 2584 iussione
523 2519 686 2583 turbatam
710 2519 773 2582 iter
795 2516 873 2582 fecit
897 2518 1025 2604 aperire
1050 2527 1083 2582 et
1101 2525 1261 2604 occupata
1284 2519 1357 2582 riae
1381 2518 1522 2584 claustra
1544 2519 1711 2586 descrere.

371 2622 436 2688 Sed
466 2643 544 2687 eece
572 2623 687 2685 iterum
716 2621 776 2684 alis
805 2620 990 2706 pernicibus
1019 2642 1079 2707 per
1110 2621 1301 2705 proditionis
1336 2642 1414 2686 suec
1445 2623 1593 2688 ordinem
1621 2623 1674 2688 dei
1705 2643 1852 2689 serrum.
1885 2623 1970 2690 irr3t

261 2747 325 2812 quo
350 2727 409 2790 loci
434 2726 581 2810 degeret,
605 2724 691 2788 fama
717 2725 872 2808 vulgarit.
897 2724 984 2787 aliud
1008 2723 1049 2788 de
1072 2725 1141 2809 ipso
1164 2745 1221 2809 pro
1245 2726 1478 2789 sententiarum
1502 2725 1662 2789 varietate
1685 2725 1822 2789 diversis
1846 2726 1915 2812 opi-

263 2831 426 2894 nantibus.
465 2838 540 2894 tunc
565 2828 687 2914 liquido
704 2828 811 2913 patuit
828 2848 887 2913 per
903 2848 1058 2891 occursus
1079 2829 1276 2913 multiplices
1299 2829 1378 2893 nibil
1403 2829 1535 2893 obstare
1552 2828 1774 2914 cupientibus:
1792 2830 1918 2914 planari

186 2964 210 3001 :a
264 2932 375 3013 ardua,
399 2933 531 2997 solidari
548 2933 659 2997 scissa.
684 2930 860 3016 pendentia
884 2952 948 2994 non
971 2932 1089 2994 timeri.
1127 2931 1184 2995 sed
1201 2931 1381 3016 potioribus
1397 2931 1533 3009 insidiis,
1558 2952 1597 2995 nc
1621 2953 1677 3017 per
1692 2931 1917 3016 adrogantiam
1930 2938 1970 2998 35

263 3037 366 3100 hostis
390 3036 585 3122 subriperet,
609 3035 734 3100 fortiori
759 3036 895 3100 consilio
919 3056 1034 3099 manus
1058 3036 1224 3122 opposuit,
1248 3037 1377 3100 nciam
1401 3036 1607 3120 grandaevus
1629 3037 1799 3123 perderet,
1832 3034 1917 3121 quod

262 3140 347 3203 inter
377 3140 531 3204 tirocinia
561 3139 678 3202 uirtute
710 3146 886 3204 servasset.
931 3140 1039 3204 acrius
1068 3140 1155 3203 enim
1185 3140 1272 3202 circa
1300 3139 1451 3203 robustos
1474 3140 1595 3204 diaboli
1620 3147 1785 3205 certarnen
1810 3145 1919 3202 estet

172 3269 245 3319 aar
262 3243 438 3306 maioribus
463 3243 565 3327 copiis
589 3243 662 3306 illos
686 3242 887 3327 adgreditur,
910 3244 966 3327 qui
983 3242 1153 3307 conflictus
1176 3243 1247 3305 eius
1272 3243 1399 3327 experti
1425 3244 1551 3308 roboris
1575 3243 1693 3308 sudore
1710 3242 1916 3307 domuemnt.

264 3346 416 3411 universa
451 3354 561 3411 tamen
595 3367 706 3410 secum
743 3347 813 3431 ipse
848 3353 1052 3431 pertractans
1088 3345 1179 3409 brevi
1215 3345 1357 3409 animum
1395 3366 1488 3409 suum
1524 3347 1730 3411 adlocutione
1764 3344 1917 3409 fimavit:

186 3481 211 3517 :ro
263 3449 349 3533 ‘quid
374 3450 511 3535 agimus,
542 3471 635 3514 mens
659 3449 766 3514 adhuc
789 3449 943 3513 mundani
967 3449 1073 3513 oneris
1095 3449 1185 3513 fasee
1209 3448 1376 3534 depressa,
1401 3470 1497 3534 quam
1520 3449 1664 3514 nondum
1687 3449 1728 3514 ad
1750 3455 1918 3512 auctorem
1930 3460 1971 3521 36

262 3574 355 3618 suurn
378 3574 552 3639 corporeus
576 3575 688 3618 career
710 3554 876 3617 evomuit?
905 3573 968 3615 non
991 3553 1048 3616 tibi
1072 3558 1163 3616 certa
1193 3560 1244 3616 cst
1267 3551 1308 3616 de
1333 3551 1536 3638 perfectione
1559 3552 1687 3631 fiducia,
1711 3552 1786 3617 dum
1811 3551 1917 3616 adhuc

262 3656 437 3721 includeris
461 3657 638 3743 fragilitate
662 3657 795 3720 carnali.
828 3655 982 3741 periculis
1006 3656 1105 3740 plena
1127 3661 1212 3732 sunt,
1239 3676 1322 3739 quae
1347 3655 1497 3720 ridentur
1520 3677 1594 3721 esse
1618 3656 1792 3721 tutissima.
1824 3656 1915 3719 leno·
1938 3683 1990 3728 aa,
2005 3684 2020 3726 ι,
2034 3696 2055 3726 0,

262 3761 347 3826 oinia
371 3761 476 3825 hostis
505 3761 552 3824 tui
574 3760 755 3843 intellegis,
779 3757 854 3823 durn
880 3760 1105 3823 nniversomm
1131 3779 1208 3822 voce
1232 3758 1385 3823 laudaris.
1432 3758 1505 3823 ride
1528 3760 1658 3843 quantis
1682 3759 1812 3823 labores
1835 3757 1916 3822 insi-

262 3864 339 3928 diis!
364 3863 590 3929 absconditum
614 3884 688 3928 csse
712 3884 777 3926 non
802 3862 879 3926 licet
902 3862 988 3947 quod
1004 3861 1141 3927 adimus.
1180 3861 1341 3927 latebram
1365 3869 1510 3927 nostram
1528 3863 1714 3949 persecutio
1730 3861 1919 3927 manifestat

187 3996 210 4031 ..a
265 3969 404 4033 hostilis.
448 3974 633 4034 sanctorum
658 3973 854 4052 expetamus
878 3965 1059 4029 exercitum
1083 3972 1117 4029 et
1139 3964 1228 4028 illam
1245 3963 1425 4028 Lirinensis
1448 3964 1575 4029 insulae
1599 3964 1766 4029 cohortem
1790 3964 1917 4050 inriguo
1931 3969 1971 4032 37

262 4072 463 4157 inquiramus
486 4070 620 4136 ardore!
660 4091 757 4154 quem
783 4070 887 4133 solum
905 4068 1063 4133 hactenus
1087 4068 1229 4154 pulsarit
1249 4067 1472 4147 adversarius,
1496 4067 1625 4132 timebit
1648 4067 1733 4132 inter
1755 4067 1917 4132 inimicam
1978 4061 1983 4069 ’

262 4175 324 4239 sibi
347 4175 589 4240 multitudinem
613 4173 837 4237 constitutum.
882 4173 1043 4236 instructa
1065 4172 1199 4256 procliis
1228 4171 1317 4237 acies
1348 4172 1405 4236 illa
1429 4192 1560 4256 semper
1583 4171 1733 4255 inuigilat
1765 4177 1797 4236 et
1820 4170 1917 4235 variis

263 4278 446 4366 periossum
471 4278 590 4343 ictibus
620 4277 722 4360 abigit
745 4276 965 4343 infestantem.
1019 4281 1098 4362 quot
1134 4273 1223 4339 bolla
1251 4275 1316 4338 illis
1344 4273 1494 4338 diabolus
1522 4274 1646 4354 intulit,
1676 4281 1849 4339 numerant
1870 4279 1920 4337 tot

263 4382 455 4469 triumphos.
509 4402 574 4446 non
603 4387 769 4455 metuunt,
807 4379 959 4465 quotiens
988 4377 1105 4441 adesse
1136 4376 1296 4447 Satanan,
1327 4385 1361 4440 nt
1390 4376 1583 4442 dimicantes
1613 4384 1748 4455 acuant,
1782 4377 1919 4441 classico

265 4487 366 4551 tuerit
392 4485 550 4551 stridente
580 4484 776 4549 nuntiatum.
827 4504 958 4569 sempor
989 4480 1135 4547 eruditos
1166 4488 1201 4546 et
1231 4480 1331 4545 fortes
1363 4478 1503 4545 reddidit
1535 4479 1696 4544 cotidiana
1727 4478 1918 4559 decertatio,

264 4590 424 4674 quomodo
448 4589 606 4675 prolixior
627 4609 693 4674 pax
717 4584 865 4650 solutos'.

372 4691 433 4755 llis
448 4692 543 4756 dictis
559 4692 725 4756 dimissam
742 4687 898 4752 fratribus
915 4687 1079 4760 cellulam,
1103 4707 1185 4770 quos
1208 4685 1328 4749 ibidem
1352 4685 1510 4772 praedicti
1532 4707 1623 4750 amor
1646 4692 1916 4772 congregaverat,
1930 4691 1971 4754 38

263 4793 349 4881 apud
375 4793 519 4857 Lirinnm
543 4793 725 4878 inprovisus
749 4790 910 4876 adparuit.
958 4788 1119 4852 nuntiavit
1142 4789 1245 4853 virum
1268 4788 1443 4873 insignium
1468 4786 1656 4853 meritorum
1680 4788 1781 4851 facies
1805 4785 1918 4849 ieiunii

369 5071 382 5123 l
401 5074 456 5124 sine
473 5080 538 5124 teste
555 5073 580 5122 b.
592 5071 694 5138 generis
711 5069 827 5120 Vtro?
923 5067 1092 5136 2apparauit
1111 5064 1189 5125 VLT,
1206 5063 1314 5129 arripnit
1327 5062 1385 5113 01'12
1484 5062 1501 5113 ti
1519 5064 1623 5114 iteneris
1636 5062 1660 5112 Β
1757 5062 1881 5114 dhcrimi
1895 5060 1920 5111 B

263 5162 280 5210 il
301 5160 461 5226 arrogantiae
476 5158 501 5206 V
637 5154 668 5207 ll
691 5151 818 5224 plurimis]
841 5155 959 5222 pluribus
974 5153 1032 5204 UPb
1173 5146 1205 5198 14
1227 5148 1425 5215 peculantiorB
1564 5145 1595 5198 17
1618 5149 1730 5200 abircss
1747 5149 1826 5214 (eras.
1844 5147 1882 5210 rc)
1895 5146 1920 5196 B

263 5244 444 5297 23100001212
513 5242 690 5295 sentiammB
792 5238 827 5291 25
844 5238 1053 5307 arrogantiamV
1158 5234 1193 5287 26
1211 5236 1360 5302 subreperet
1378 5234 1466 5286 ricbott
1483 5237 1510 5285 ia
1527 5254 1576 5301 my.
1684 5230 1718 5284 28
1735 5233 1885 5299 aggreditur
1900 5232 1925 5279 V

264 5332 361 5384 rolmria
374 5332 426 5394 13⁶,
442 5332 544 5383 ruboris
556 5328 724 5380 BlVerCP
817 5325 852 5377 29
868 5323 1059 5378 allocutioneV
1157 5320 1191 5373 32
1210 5322 1348 5388 fragilitate
1367 5321 1405 5384 (ra
1422 5321 1510 5384 istit.)
1524 5319 1549 5370 B
1593 5319 1704 5401 ¹lacinia
1721 5336 1777 5385 cup.
1790 5319 1835 5369 lia.
1848 5335 1882 5368 no
1895 5317 1920 5368 B

264 5417 298 5469 33
315 5417 475 5483 intelligisB
568 5413 603 5465 35
620 5422 770 5480 expetamus
781 5414 881 5478 scripsi,
898 5419 1062 5479 expectamus
1075 5408 1108 5472 B,
1125 5408 1331 5475 petamnseeten'
1382 5408 1512 5458 cohortem
1531 5404 1592 5468 (tom
1610 5406 1638 5455 ia
1651 5403 1736 5463 raia
1787 5403 1884 5470 irriguo
1900 5403 1925 5453 V

263 5503 298 5556 38
315 5505 402 5571 abegit
416 5503 441 5554 Β
527 5502 595 5568 «ruod
609 5500 633 5550 Β
762 5497 796 5550 39
813 5508 932 5551 metuunt
949 5499 1035 5549 nescio
1053 5497 1171 5562 quotiens
1185 5494 1220 5545 Ob
1310 5493 1401 5544 adesse
1419 5493 1541 5543 festinant
1558 5499 1665 5542 satanan
1678 5489 1702 5539 1,
1788 5499 1865 5541 senat
1880 5490 1921 5539 set

263 5596 390 5641 raucamr
406 5589 502 5638 rosmio
610 5584 646 5636 42
663 5585 783 5635 dinrioum
796 5584 822 5634 B
890 5585 994 5636 dimissa
1010 5584 1027 5632 f.
1045 5582 1142 5633 cellula
1154 5580 1242 5641 Siras,
1259 5581 1293 5645 cs.
1306 5597 1336 5645 p.
1351 5583 1405 5641 176,
1422 5582 1457 5628 36
1559 5574 1594 5626 43
1611 5576 1729 5642 apparuit
1745 5573 1768 5622 l'
