4500 6232
300 293 362 361 aaa
670 243 674 252 ¹
720 265 825 346 'corr
842 285 966 358 (uorsa.
983 289 1008 351 s,
1026 284 1071 353 aa
1091 318 1124 328 -
1142 282 1254 343 eorm
1273 282 1396 354 (rerer.
1414 284 1440 351 s,
1457 285 1510 356 aa.

299 465 340 530 ad
357 466 419 530 hoe
436 463 575 530 redeunt
590 483 672 549 quos
689 462 861 548 diligentia
875 462 999 527 insulsa
1015 462 1169 547 captivat.
1203 460 1339 546 proinde
1363 461 1428 525 iam
1452 463 1523 525 sine
1545 461 1735 527 circuitione
1750 460 1951 548 loquendum

299 577 360 635 est.
406 590 469 654 quo
492 574 526 632 te
549 567 764 631 inmemorem
786 567 834 630 tui
857 565 950 630 duxit
973 567 1089 630 insana
1115 565 1355 651 praesumptio,
1386 572 1423 630 ut
1438 572 1563 629 sancto
1592 566 1788 651 presbytero
1811 565 1951 641 diceres,

301 673 334 736 in
357 672 506 736 versibus
537 670 603 733 illis
630 669 777 753 quamvis
809 670 842 732 in
873 669 1029 755 temporis
1061 673 1227 732 momento
1258 668 1438 753 conpositis
1470 669 1632 753 aliquibus
1661 669 1765 734 videri
1795 671 1950 736 allectum

268 775 483 859 2coniugalis
515 773 641 858 gratiae
671 793 736 835 non
765 777 979 857 expressum?
1025 780 1081 836 aut
1110 792 1171 855 ego
1201 770 1368 835 diffamare
1399 772 1486 835 volui
1514 771 1600 856 quod
1632 773 1848 860 scripseram?
1893 782 1952 840 aut

299 878 432 965 epitafia
454 877 515 940 hoc
538 876 724 961 poscebant
747 882 803 938 aut
827 875 930 938 ratio?
965 875 1037 960 quis
1061 874 1122 938 boc
1145 874 1313 959 inperitus,
1337 874 1408 957 quis
1430 881 1538 938 tecum
1561 876 1701 941 sanitate
1718 897 1841 941 vacuus
1858 877 1951 958 dixit,

298 988 335 1045 ut
358 1002 501 1059 carmen,
526 978 612 1064 quod
635 979 668 1041 iu
693 999 851 1041 summam
875 977 1014 1061 gratiam
1036 976 1176 1041 domnus
1199 974 1340 1040 Faustus
1364 977 1509 1062 excepit,
1532 986 1565 1042 te
1589 985 1622 1043 et
1645 979 1861 1067 participibus
1884 982 1952 1046 tuis

299 1084 490 1151 rodentibus
512 1082 722 1147 laederetur?
767 1081 850 1145 forte
874 1080 915 1145 de
939 1081 1034 1145 tertio
1056 1080 1236 1146 Phaleuoio
1258 1081 1312 1165 qui
1335 1078 1568 1145 Terentianum
1592 1083 1744 1147 nesciunt
1767 1082 1952 1165 habuerint,

270 1187 387 1273 3quod
411 1187 452 1251 de
482 1206 547 1249 una
578 1185 706 1269 syllaba
727 1191 923 1269 quaerentes
955 1185 1161 1248 occasionem
1194 1184 1414 1268 loquerentur.
1459 1206 1537 1250 vere
1561 1185 1677 1272 dignus
1707 1186 1753 1250 fui
1780 1187 1845 1251 ista
1867 1208 1951 1273 quae

158 1303 292 1357 usturam.
302 1291 436 1378 pertuli,
469 1289 545 1374 quia
577 1296 610 1352 et
639 1288 795 1374 scriptum
827 1294 878 1352 est
906 1288 1100 1372 margaritas
1123 1294 1200 1352 ante
1223 1286 1378 1352 inmunda
1402 1289 1556 1352 animalia
1579 1310 1644 1355 non
1667 1310 1741 1356 esse
1764 1290 1951 1359 mittendas.

295 1393 442 1480 quamvis
473 1391 652 1455 dictionum
683 1398 717 1455 et
738 1391 910 1476 inperitiae
935 1412 1028 1455 meae
1052 1390 1137 1456 bene
1161 1391 1222 1456 sim
1248 1392 1412 1473 conscius,
1444 1398 1475 1457 te
1498 1397 1608 1458 tamen
1632 1415 1692 1458 neo
1716 1394 1799 1459 scire
1823 1416 1859 1460 se
1883 1416 1945 1460 neo

298 1499 455 1563 sciturum
478 1502 554 1560 ante
578 1495 768 1560 didiceram.
813 1496 886 1559 sale
911 1501 943 1559 et
966 1495 1006 1559 ad
1031 1495 1112 1559 alios
1136 1501 1180 1576 te,
1203 1494 1244 1559 de
1268 1495 1386 1580 quibus
1410 1494 1533 1561 debeas
1555 1496 1654 1582 loqui,
1683 1503 1848 1564 converte.

925 1818 1057 1886 cnvll
1079 1820 1190 1904 (nerse.
1207 1823 1237 1901 8,
1255 1819 1321 1904 30).

685 2015 920 2089 ENNODIVS
947 2014 1208 2089 ADEODATO
1235 2016 1565 2091 PRESBYTERO.

270 2184 283 2243 ¹
407 2168 554 2260 Acorbo
579 2192 793 2279 aegritudiuis
818 2194 932 2279 inpetu
956 2199 989 2256 et
1011 2192 1120 2257 valida
1142 2192 1283 2257 febrium
1307 2193 1476 2258 nimietate
1501 2195 1669 2276 contritus,
1697 2215 1770 2259 oum
1794 2201 1829 2259 ut
1852 2195 1953 2262 fidem

296 2301 418 2364 veteris
441 2298 621 2363 testimonii
637 2297 788 2361 Christus
812 2305 925 2362 noster
946 2299 979 2362 iu
1002 2318 1055 2361 me
1079 2297 1166 2382 quod
1187 2297 1220 2360 in
1236 2297 1363 2361 Lazaro
1380 2298 1505 2362 fecerat
1523 2298 1720 2364 ostendisset
1736 2307 1769 2364 et
1787 2301 1951 2386 evangelii

298 2403 395 2468 fidem
425 2402 657 2489 praesentibus
690 2401 873 2467 declararet
910 2401 1088 2486 exemplis,
1126 2402 1255 2465 litteras
1284 2409 1410 2465 vestras
1441 2401 1567 2488 adoepi.
1618 2401 1778 2466 ordinavit
1808 2403 1864 2468 ille
1896 2405 1951 2488 qui
2021 2431 2034 2465 r.

297 2506 418 2592 potuit,
449 2513 485 2568 ut
512 2504 644 2585 diebus,
676 2505 795 2589 quibus
819 2505 919 2568 vitam
948 2505 1154 2584 restituerat,
1186 2505 1364 2570 amicorum
1394 2526 1522 2590 quoque
1553 2526 1685 2570 suorum
1717 2526 1789 2570 eam
1818 2514 1851 2570 et
1873 2527 1953 2571 eon·

267 2608 441 2673 2firmaret
464 2616 496 2672 et
518 2607 649 2672 fulciret
672 2608 831 2692 alloquiis.
877 2607 918 2672 de
942 2608 1105 2688 versibus,
1127 2607 1213 2672 undo
1238 2607 1297 2672 tibi
1320 2613 1507 2694 portentum
1530 2607 1611 2673 illud
1634 2609 1728 2691 dixit,
1753 2610 1852 2675 risum
1873 2611 1954 2675 mihi

299 2711 399 2775 stulta
428 2710 547 2775 iudicia
572 2710 730 2776 fecerunt.
777 2711 862 2774 scias
891 2710 965 2776 illos
994 2711 1028 2774 in
1058 2732 1184 2775 summo
1208 2711 1313 2797 pretio
1337 2710 1423 2797 apud
1448 2710 1602 2775 domnum
1626 2712 1770 2793 habitos,
1803 2715 1955 2797 quamvis

298 2818 331 2880 in
358 2816 514 2902 temporis
544 2815 697 2901 angustia
726 2821 759 2879 et
782 2814 926 2879 viridarii
951 2816 1193 2881 transcursione
1217 2815 1433 2901 conscriptos.
1479 2813 1587 2879 sedai
1612 2836 1667 2879 eos
1690 2836 1755 2880 non
1779 2817 1954 2904 scripsisti,

298 2941 359 2985 nec
382 2919 494 2985 facias.
532 2918 610 2982 mihi
633 2919 763 2993 suflicit,
787 2918 863 2983 dum
886 2919 959 2996 leci,
983 2926 1058 2983 vota
1080 2920 1265 3006 conplesse.
1311 2939 1397 2982 nuno
1420 2917 1461 2982 ad
1486 2939 1558 2983 eam
1581 2924 1709 3004 partem
1732 2939 1784 2983 me
1808 2921 1952 3003 confero,
2008 2944 2037 2984 so

298 3043 382 3108 quae
406 3023 594 3108 specialiter
616 3043 636 3085 a
659 3023 781 3087 sanctis
805 3022 969 3108 poscenda
992 3031 1052 3103 est,
1083 3030 1120 3088 ut
1143 3044 1202 3110 pro
1226 3044 1326 3107 aegro
1351 3028 1385 3087 et
1408 3029 1540 3087 amante
1563 3021 1729 3086 adtentius
1753 3043 1826 3087 ores
1850 3029 1894 3105 et,
1923 3025 1954 3089 si

298 3147 435 3204 mereor,
460 3124 574 3190 erebra
596 3125 674 3189 mihi
699 3134 732 3190 et
755 3127 977 3191 instructionis
1001 3134 1035 3190 et
1058 3127 1292 3192 consolationis
1315 3132 1465 3212 praestes
1490 3127 1631 3210 eloquia.

918 3451 1071 3520 cuvm
1094 3452 1204 3539 (emar.
1218 3456 1248 3534 8,
1266 3452 1332 3537 31).

879 3646 1116 3720 ENNODIVS
1143 3646 1367 3721 ΒΟΕΤΗΙΟ.

414 3792 654 3889 consideratio
677 3824 912 3908 magnitudinis
936 3829 1066 3888 vestrae
1089 3823 1201 3908 exegit
1225 3823 1400 3908 epistolare
1424 3822 1669 3903 commercium,
1702 3822 1761 3887 sed
1783 3824 1952 3892 festinatio

297 3927 464 4013 portitoris
492 3928 664 4013 epistolam
695 3929 855 3993 brevitate
887 3929 1058 3993 conclusit.
1103 3949 1169 3991 non
1198 3928 1289 4012 potui
1311 3927 1431 3990 morari
1454 3933 1701 4013 properantem,
1732 3925 1791 3991 sed
1813 3949 1875 3994 neo
1899 3929 1953 3996 his
2008 3955 2037 3995 aa

297 4051 435 4094 vacuum
466 4031 585 4094 muniis
614 4038 748 4117 propter
776 4053 828 4095 res
857 4033 1061 4098 necessarias
1094 4032 1199 4096 emisi.
1245 4029 1378 4094 crebras
1408 4050 1507 4115 super
1537 4030 1648 4106 domo,
1680 4052 1776 4114 quam
1804 4036 1952 4119 poposci,

297 4133 421 4198 litteras
444 4134 615 4199 destinavi.
661 4135 688 4197 si
710 4134 867 4220 possibile
891 4143 941 4199 est
963 4135 1075 4221 cupita
1098 4134 1206 4216 tribui,
1229 4135 1295 4199 iam
1318 4133 1451 4214 referto,
1475 4134 1551 4217 quia
1575 4134 1684 4196 omnia
1707 4133 1857 4201 aedilicia
1879 4139 1953 4203 eius

297 4236 357 4301 sub
387 4238 598 4322 neglegentia
624 4246 872 4303 consenescunt.
918 4238 1047 4304 domine
1071 4241 1131 4321 mi,
1163 4239 1371 4303 salutationis
1395 4238 1555 4321 obsequia
1577 4235 1769 4323 dependens
1791 4261 1884 4325 rogo,
1915 4249 1954 4306 ut

297 4340 416 4404 iuvetis
440 4341 509 4404 sino
534 4348 642 4405 vestro
667 4341 834 4428 dispondio
859 4342 1109 4428 supplicantem.

399 4613 416 4666 2
434 4619 589 4684 praesumtio
601 4618 626 4669 B
730 4618 822 4669 diceris
839 4617 865 4667 Β
1002 4616 1019 4669 3
1038 4626 1168 4670 mumeuto
1184 4619 1210 4669 Β
1348 4618 1365 4667 5
1382 4620 1494 4685 epytafio
1507 4617 1540 4680 Β,
1563 4619 1692 4685 epitaphia
1708 4618 1734 4666 V
1834 4619 1899 4672 dixit
1916 4648 1953 4659 -

295 4712 417 4753 conuerte
434 4721 483 4755 om.
502 4703 526 4752 T
624 4704 641 4756 6
659 4721 761 4756 carnem
773 4703 799 4754 Β
867 4703 987 4771 domnus]
1008 4706 1065 4756 dom
1079 4706 1103 4755 Β
1172 4707 1225 4758 tuis
1242 4723 1291 4756 oar.
1303 4705 1329 4755 B
1432 4702 1447 4754 ‘l
1466 4705 1628 4755 laederentur
1643 4701 1728 4754 VLP¹
1798 4706 1905 4757 seleucio
1923 4707 1954 4772 V,

296 4788 380 4839 felicio
392 4789 418 4839 Β
554 4789 571 4838 8
588 4791 679 4841 sillsba
690 4790 724 4854 B,
746 4791 812 4857 sylla
827 4790 872 4839 VL
970 4792 1025 4842 istis
1036 4793 1103 4858 fort.
1240 4790 1275 4843 10
1291 4810 1318 4844 se
1331 4792 1364 4855 B,
1381 4792 1479 4856 aliquid
1497 4792 1581 4854 catari,
1598 4808 1651 4842 rem
1668 4792 1708 4842 oei
1725 4798 1750 4842 to
1764 4808 1841 4858 prop.
1854 4791 1954 4844 Ilorlel

298 4871 329 4924 11
348 4876 492 4928 dediceram
506 4875 530 4925 B
599 4877 666 4927 alius
678 4875 723 4926 B⁶
792 4878 823 4927 da
841 4894 889 4927 om.
903 4877 918 4926 b

400 4976 512 5043 [clrvll]
549 4976 582 5029 12
599 4980 690 5045 incipit
706 4988 822 5030 extrema
840 4996 897 5045 pars
915 4980 1081 5046 epistolarum
1099 4981 1201 5031 ermodii
1220 4980 1298 5030 Tar.
1311 4985 1364 5031 469
1469 4977 1502 5029 13
1520 4977 1560 5045 ut]
1582 4980 1615 5030 ad
1632 4976 1673 5028 Ta
1777 4976 1811 5029 15
1827 4982 1914 5048 accepi
1931 4981 1959 5031 V

296 5062 330 5114 16
347 5081 405 5116 eam
423 5062 457 5129 et]
476 5065 579 5116 amotB
631 5067 798 5117 confirmauet
816 5066 875 5129 (tia
889 5083 900 5116 r
913 5083 979 5116 corr.
992 5085 1063 5117 moa.
1080 5066 1101 5132 l)
1115 5068 1140 5117 B
1228 5063 1258 5118 17
1271 5068 1380 5132 eloquiis
1389 5067 1414 5116 Β
1502 5064 1686 5117 l8habitusB
1773 5063 1806 5116 19
1824 5067 1952 5136 uiridsrii]

295 5151 421 5201 ueredarii
437 5150 533 5201 Hortel
553 5150 591 5215 (at
611 5170 637 5217 p.
657 5155 720 5214 259,
740 5150 795 5215 21),
818 5151 864 5202 aed
886 5153 920 5217 cf.
938 5168 968 5217 p.
987 5156 1049 5216 276,
1064 5158 1097 5204 24
1201 5155 1361 5206 conscribtos
1378 5153 1403 5203 B
1507 5160 1558 5203 ιιοιι
1580 5149 1713 5219 scripsisti}
1735 5152 1908 5204 eoasonbaisti
1927 5154 1954 5205 B

294 5233 329 5286 20
350 5238 450 5287 sufficet
465 5237 489 5286 Β
562 5239 690 5305 conplisse
707 5237 732 5287 Β
839 5235 872 5289 21
891 5238 969 5302 aBb,
991 5242 1133 5293 emactari
1202 5250 1331 5293 ornantem
1348 5241 1373 5289 Β
1448 5238 1612 5291 attarrtiusV
1681 5238 1732 5289 oris
1748 5237 1790 5288 1³⁴
1847 5245 1875 5290 et
1890 5249 1953 5291 aare

294 5321 316 5371 si
334 5339 381 5371 (aa.
397 5322 475 5373 Βίνιιι.
579 5322 614 5374 22
631 5323 816 5375 consulatiouis
833 5325 940 5389 precatis
953 5324 978 5374 B
1047 5328 1187 5392 alloquiab

398 5422 526 5491 [Clrvllll
561 5424 596 5476 23
614 5428 702 5478 Boetia
715 5425 793 5477 aim.
900 5424 936 5477 24
953 5429 1078 5496 exigetB
1149 5432 1330 5482 commercium
1344 5429 1369 5479 Β
1482 5426 1517 5478 25
1534 5426 1656 5494 potuitll
1759 5424 1794 5477 26
1811 5428 1904 5479 emisse
1917 5428 1953 5491 Β,

294 5510 408 5561 omisisse
425 5513 521 5562 cosricio
618 5509 732 5579 poposci]
755 5528 830 5579 posca
846 5512 872 5563 Β
1002 5512 1036 5565 27
1054 5517 1111 5567 sius
1132 5516 1220 5567 osraB
1348 5513 1384 5566 28
1405 5515 1586 5565 consciriscnnt
1602 5512 1628 5562 Β
1723 5510 1768 5580 mi]
1791 5514 1854 5565 milri
1872 5513 1899 5565 Β
1905 5514 1955 5569 VIs

295 5605 324 5648 ut
346 5614 392 5647 uos
414 5599 508 5650 iuuetis
522 5599 581 5649 (ΨΒ
683 5596 717 5648 29
736 5599 828 5649 iubetis
841 5597 867 5651 Β
