<?xml version="1.0" encoding="UTF-8"?>
<!DOCTYPE html PUBLIC "-//W3C//DTD XHTML 1.0 Transitional//EN"
    "http://www.w3.org/TR/xhtml1/DTD/xhtml1-transitional.dtd">
<html xmlns="http://www.w3.org/1999/xhtml" xml:lang="en" lang="en">
 <head>
  <title>
</title>
<meta http-equiv="Content-Type" content="text/html;charset=utf-8" />
  <meta name='ocr-system' content='tesseract 3.04.00' />
  <meta name='ocr-capabilities' content='ocr_page ocr_carea ocr_par ocr_line ocrx_word'/>
</head>
<body>
  <div class='ocr_page' id='page_1' title='image "./magnifelicisenn00vogegoog_0262.png"; bbox 0 0 4500 6232; ppageno 0'>
   <div class='ocr_carea' id='block_1_1' title="bbox 348 248 1710 319">
    <p class='ocr_par' dir='ltr' id='par_1_1' title="bbox 348 248 1710 319">
     <span class='ocr_line' id='line_1_1' title="bbox 348 248 1710 319; baseline -0.008 -5"><span class='ocrx_word' id='word_1_1' title='bbox 348 254 408 315; x_wconf 81' lang='lat'><strong>190</strong></span> <span class='ocrx_word' id='word_1_2' title='bbox 637 249 729 304; x_wconf 80' lang='lat' dir='ltr'><strong>coxa</strong></span> <span class='ocrx_word' id='word_1_3' title='bbox 747 249 881 319; x_wconf 69' lang='lat' dir='ltr'><strong>(opusc.</strong></span> <span class='ocrx_word' id='word_1_4' title='bbox 899 248 1244 318; x_wconf 73' lang='lat' dir='ltr'><strong>4)‚ccxtl(a1&gt;18&#39;r.o‚</strong></span> <span class='ocrx_word' id='word_1_5' title='bbox 1262 250 1316 317; x_wconf 80' lang='lat' dir='ltr'><strong>rs),</strong></span> <span class='ocrx_word' id='word_1_6' title='bbox 1334 248 1453 304; x_wconf 81' lang='lat' dir='ltr'><strong>ccxnu</strong></span> <span class='ocrx_word' id='word_1_7' title='bbox 1471 248 1595 318; x_wconf 77' lang='lat' dir='ltr'><strong>(usur.</strong></span> <span class='ocrx_word' id='word_1_8' title='bbox 1612 250 1638 314; x_wconf 82' lang='lat' dir='ltr'><strong>c,</strong></span> <span class='ocrx_word' id='word_1_9' title='bbox 1656 249 1710 318; x_wconf 80' lang='lat' dir='ltr'><strong>lo).</strong></span> 
     </span>
    </p>
   </div>
   <div class='ocr_carea' id='block_1_2' title="bbox 230 420 2088 2883">
    <p class='ocr_par' dir='ltr' id='par_1_2' title="bbox 345 420 2087 819">
     <span class='ocr_line' id='line_1_2' title="bbox 345 420 2000 507; baseline 0.002 -22"><span class='ocrx_word' id='word_1_10' title='bbox 345 422 469 507; x_wconf 91' lang='lat' dir='ltr'><strong>pallore</strong></span> <span class='ocrx_word' id='word_1_11' title='bbox 494 421 656 488; x_wconf 87' lang='lat' dir='ltr'><strong>decorata.</strong></span> <span class='ocrx_word' id='word_1_12' title='bbox 702 444 777 488; x_wconf 90' lang='lat' dir='ltr'><strong>nam</strong></span> <span class='ocrx_word' id='word_1_13' title='bbox 809 422 886 487; x_wconf 91' lang='lat' dir='ltr'><strong>dum</strong></span> <span class='ocrx_word' id='word_1_14' title='bbox 914 423 1034 487; x_wconf 77' lang='lat' dir='ltr'><strong>secreti</strong></span> <span class='ocrx_word' id='word_1_15' title='bbox 1066 423 1206 488; x_wconf 87' lang='lat' dir='ltr'><strong>nitorem</strong></span> <span class='ocrx_word' id='word_1_16' title='bbox 1230 422 1371 486; x_wconf 90' lang='lat' dir='ltr'><strong>hominis</strong></span> <span class='ocrx_word' id='word_1_17' title='bbox 1392 420 1657 507; x_wconf 89' lang='lat' dir='ltr'><strong>splendidissima</strong></span> <span class='ocrx_word' id='word_1_18' title='bbox 1678 422 1801 489; x_wconf 84' lang='lat' dir='ltr'><strong>macies</strong></span> <span class='ocrx_word' id='word_1_19' title='bbox 1823 420 2000 503; x_wconf 81' lang='lat' dir='ltr'><strong>indiceret,</strong></span> 
     </span>
     <span class='ocr_line' id='line_1_3' title="bbox 348 524 2087 613; baseline 0.002 -26"><span class='ocrx_word' id='word_1_20' title='bbox 348 545 410 589; x_wconf 92' lang='lat' dir='ltr'><strong>non</strong></span> <span class='ocrx_word' id='word_1_21' title='bbox 435 524 539 589; x_wconf 83' lang='lat' dir='ltr'><strong>deluit</strong></span> <span class='ocrx_word' id='word_1_22' title='bbox 561 533 692 590; x_wconf 78' lang='lat' dir='ltr'>actuum</span> <span class='ocrx_word' id='word_1_23' title='bbox 723 526 795 590; x_wconf 90' lang='lat' dir='ltr'><strong>eius</strong></span> <span class='ocrx_word' id='word_1_24' title='bbox 819 547 938 611; x_wconf 90' lang='lat' dir='ltr'><strong>praeco</strong></span> <span class='ocrx_word' id='word_1_25' title='bbox 962 536 1158 605; x_wconf 88' lang='lat' dir='ltr'><strong>consuetus,</strong></span> <span class='ocrx_word' id='word_1_26' title='bbox 1186 525 1417 591; x_wconf 89' lang='lat' dir='ltr'><strong>inmaculatam</strong></span> <span class='ocrx_word' id='word_1_27' title='bbox 1440 526 1701 591; x_wconf 88' lang='lat' dir='ltr'><strong>conversationis</strong></span> <span class='ocrx_word' id='word_1_28' title='bbox 1724 526 1828 612; x_wconf 87' lang='lat' dir='ltr'><strong>ipsius</strong></span> <span class='ocrx_word' id='word_1_29' title='bbox 1850 525 2001 613; x_wconf 83' lang='lat' dir='ltr'><strong>speciem</strong></span> <span class='ocrx_word' id='word_1_30' title='bbox 2013 548 2087 599; x_wconf 71' lang='lat' dir='ltr'><strong>nm</strong></span> 
     </span>
     <span class='ocr_line' id='line_1_4' title="bbox 345 627 2003 714; baseline 0.002 -24"><span class='ocrx_word' id='word_1_31' title='bbox 345 628 405 692; x_wconf 85' lang='lat' dir='ltr'><strong>sub</strong></span> <span class='ocrx_word' id='word_1_32' title='bbox 439 628 609 693; x_wconf 85' lang='lat' dir='ltr'><strong>verbomm</strong></span> <span class='ocrx_word' id='word_1_33' title='bbox 641 629 841 695; x_wconf 89' lang='lat' dir='ltr'><strong>abundantia</strong></span> <span class='ocrx_word' id='word_1_34' title='bbox 870 636 904 694; x_wconf 91' lang='lat' dir='ltr'><strong>et</strong></span> <span class='ocrx_word' id='word_1_35' title='bbox 934 630 1102 694; x_wconf 74' lang='lat' dir='ltr'><strong>relationis</strong></span> <span class='ocrx_word' id='word_1_36' title='bbox 1137 630 1289 695; x_wconf 88' lang='lat' dir='ltr'><strong>ubertate</strong></span> <span class='ocrx_word' id='word_1_37' title='bbox 1324 627 1523 694; x_wconf 90' lang='lat' dir='ltr'><strong>describens.</strong></span> <span class='ocrx_word' id='word_1_38' title='bbox 1581 629 1704 694; x_wconf 85' lang='lat' dir='ltr'><strong>mixtus</strong></span> <span class='ocrx_word' id='word_1_39' title='bbox 1735 627 1935 714; x_wconf 71' lang='lat' dir='ltr'><strong>grandaevis</strong></span> <span class='ocrx_word' id='word_1_40' title='bbox 1966 635 2003 693; x_wconf 91' lang='lat' dir='ltr'><strong>et</strong></span> 
     </span>
     <span class='ocr_line' id='line_1_5' title="bbox 345 732 2002 819; baseline 0.001 -24"><span class='ocrx_word' id='word_1_41' title='bbox 345 733 530 818; x_wconf 78' lang='lat' dir='ltr'><strong>praecipuis</strong></span> <span class='ocrx_word' id='word_1_42' title='bbox 555 739 721 817; x_wconf 90' lang='lat' dir='ltr'><strong>gestorum</strong></span> <span class='ocrx_word' id='word_1_43' title='bbox 746 753 878 797; x_wconf 89' lang='lat' dir='ltr'><strong>suorum</strong></span> <span class='ocrx_word' id='word_1_44' title='bbox 894 733 1079 819; x_wconf 88' lang='lat' dir='ltr'><strong>lampadam</strong></span> <span class='ocrx_word' id='word_1_45' title='bbox 1102 753 1165 797; x_wconf 93' lang='lat' dir='ltr'><strong>non</strong></span> <span class='ocrx_word' id='word_1_46' title='bbox 1189 734 1305 797; x_wconf 85' lang='lat' dir='ltr'><strong>minori</strong></span> <span class='ocrx_word' id='word_1_47' title='bbox 1328 733 1492 797; x_wconf 83' lang='lat' dir='ltr'><strong>intellexit</strong></span> <span class='ocrx_word' id='word_1_48' title='bbox 1514 733 1590 816; x_wconf 90' lang='lat' dir='ltr'><strong>igne</strong></span> <span class='ocrx_word' id='word_1_49' title='bbox 1614 732 1758 797; x_wconf 87' lang='lat' dir='ltr'><strong>rutilare.</strong></span> <span class='ocrx_word' id='word_1_50' title='bbox 1792 733 1925 797; x_wconf 88' lang='lat' dir='ltr'><strong>metitus</strong></span> <span class='ocrx_word' id='word_1_51' title='bbox 1948 739 2002 797; x_wconf 89' lang='lat' dir='ltr'><strong>est</strong></span> 
     </span>
    </p>

    <p class='ocr_par' dir='ltr' id='par_1_3' title="bbox 292 834 2079 1335">
     <span class='ocr_line' id='line_1_6' title="bbox 292 834 2079 922; baseline 0.002 -24"><span class='ocrx_word' id='word_1_52' title='bbox 292 837 334 900; x_wconf 82' lang='grc'><strong>39</strong></span> <span class='ocrx_word' id='word_1_53' title='bbox 347 836 467 900; x_wconf 85' lang='lat' dir='ltr'><strong>fomitis</strong></span> <span class='ocrx_word' id='word_1_54' title='bbox 491 838 541 900; x_wconf 89' lang='lat' dir='ltr'><strong>sui</strong></span> <span class='ocrx_word' id='word_1_55' title='bbox 564 837 685 916; x_wconf 90' lang='lat' dir='ltr'><strong>lucem,</strong></span> <span class='ocrx_word' id='word_1_56' title='bbox 714 837 791 901; x_wconf 91' lang='lat' dir='ltr'><strong>dum</strong></span> <span class='ocrx_word' id='word_1_57' title='bbox 819 836 901 902; x_wconf 84' lang='lat' dir='ltr'><strong>vidit</strong></span> <span class='ocrx_word' id='word_1_58' title='bbox 923 837 1039 902; x_wconf 90' lang='lat' dir='ltr'><strong>alieni:</strong></span> <span class='ocrx_word' id='word_1_59' title='bbox 1073 837 1166 922; x_wconf 88' lang='lat' dir='ltr'><strong>quasi</strong></span> <span class='ocrx_word' id='word_1_60' title='bbox 1191 837 1276 901; x_wconf 90' lang='lat' dir='ltr'><strong>inter</strong></span> <span class='ocrx_word' id='word_1_61' title='bbox 1307 842 1500 900; x_wconf 89' lang='lat' dir='ltr'><strong>ornamenta</strong></span> <span class='ocrx_word' id='word_1_62' title='bbox 1522 835 1606 900; x_wconf 90' lang='lat' dir='ltr'><strong>caeli</strong></span> <span class='ocrx_word' id='word_1_63' title='bbox 1630 842 1664 900; x_wconf 92' lang='lat' dir='ltr'><strong>et</strong></span> <span class='ocrx_word' id='word_1_64' title='bbox 1685 834 1796 901; x_wconf 88' lang='lat' dir='ltr'><strong>sidere</strong></span> <span class='ocrx_word' id='word_1_65' title='bbox 1816 836 1913 922; x_wconf 89' lang='lat' dir='ltr'><strong>pleno</strong></span> <span class='ocrx_word' id='word_1_66' title='bbox 1935 834 2002 901; x_wconf 80' lang='lat' dir='ltr'><strong>tut-</strong></span> <span class='ocrx_word' id='word_1_67' title='bbox 2067 864 2079 901; x_wconf 79' lang='lat' dir='ltr'><strong>s</strong></span> 
     </span>
     <span class='ocr_line' id='line_1_7' title="bbox 344 937 2004 1026; baseline 0.002 -24"><span class='ocrx_word' id='word_1_68' title='bbox 344 959 424 1024; x_wconf 88' lang='lat' dir='ltr'><strong>gore</strong></span> <span class='ocrx_word' id='word_1_69' title='bbox 453 940 609 1003; x_wconf 89' lang='lat' dir='ltr'><strong>micantia</strong></span> <span class='ocrx_word' id='word_1_70' title='bbox 637 940 899 1026; x_wconf 87' lang='lat' dir='ltr'><strong>supervenientis</strong></span> <span class='ocrx_word' id='word_1_71' title='bbox 933 940 1013 1004; x_wconf 88' lang='lat' dir='ltr'><strong>astri</strong></span> <span class='ocrx_word' id='word_1_72' title='bbox 1042 938 1200 1004; x_wconf 89' lang='lat' dir='ltr'><strong>claritudo</strong></span> <span class='ocrx_word' id='word_1_73' title='bbox 1231 939 1388 1007; x_wconf 83' lang='lat' dir='ltr'><strong>societur:</strong></span> <span class='ocrx_word' id='word_1_74' title='bbox 1414 944 1550 1003; x_wconf 83' lang='lat' dir='ltr'><strong>certant</strong></span> <span class='ocrx_word' id='word_1_75' title='bbox 1579 938 1651 1003; x_wconf 92' lang='lat' dir='ltr'><strong>sine</strong></span> <span class='ocrx_word' id='word_1_76' title='bbox 1681 937 1802 1003; x_wconf 89' lang='lat' dir='ltr'><strong>invidia</strong></span> <span class='ocrx_word' id='word_1_77' title='bbox 1832 939 2004 1023; x_wconf 84' lang='lat' dir='ltr'><strong>geminare</strong></span> 
     </span>
     <span class='ocr_line' id='line_1_8' title="bbox 344 1029 2002 1127; baseline 0.002 -24"><span class='ocrx_word' id='word_1_78' title='bbox 344 1040 453 1105; x_wconf 90' lang='lat' dir='ltr'><strong>radios</strong></span> <span class='ocrx_word' id='word_1_79' title='bbox 478 1047 511 1106; x_wconf 92' lang='lat' dir='ltr'><strong>et</strong></span> <span class='ocrx_word' id='word_1_80' title='bbox 531 1029 592 1126; x_wconf 89' lang='lat' dir='ltr'><strong>por</strong></span> <span class='ocrx_word' id='word_1_81' title='bbox 615 1047 793 1126; x_wconf 87' lang='lat' dir='ltr'><strong>augmenta</strong></span> <span class='ocrx_word' id='word_1_82' title='bbox 815 1041 948 1105; x_wconf 90' lang='lat' dir='ltr'><strong>luminis</strong></span> <span class='ocrx_word' id='word_1_83' title='bbox 964 1041 1109 1126; x_wconf 90' lang='lat' dir='ltr'><strong>speciem</strong></span> <span class='ocrx_word' id='word_1_84' title='bbox 1132 1060 1288 1127; x_wconf 91' lang='lat' dir='ltr'><strong>superare</strong></span> <span class='ocrx_word' id='word_1_85' title='bbox 1305 1041 1473 1105; x_wconf 84' lang='lat' dir='ltr'><strong>novitatis:</strong></span> <span class='ocrx_word' id='word_1_86' title='bbox 1498 1041 1563 1106; x_wconf 90' lang='lat' dir='ltr'><strong>alia</strong></span> <span class='ocrx_word' id='word_1_87' title='bbox 1585 1041 1751 1127; x_wconf 84' lang='lat' dir='ltr'><strong>prolixiori</strong></span> <span class='ocrx_word' id='word_1_88' title='bbox 1774 1041 1864 1106; x_wconf 88' lang='lat' dir='ltr'><strong>crine</strong></span> <span class='ocrx_word' id='word_1_89' title='bbox 1880 1041 2002 1107; x_wconf 81' lang='lat' dir='ltr'><strong>faciem</strong></span> 
     </span>
     <span class='ocr_line' id='line_1_9' title="bbox 346 1143 2004 1231; baseline 0.001 -24"><span class='ocrx_word' id='word_1_90' title='bbox 346 1165 437 1208; x_wconf 90' lang='lat' dir='ltr'><strong>suam</strong></span> <span class='ocrx_word' id='word_1_91' title='bbox 461 1144 559 1208; x_wconf 87' lang='lat' dir='ltr'><strong>stella</strong></span> <span class='ocrx_word' id='word_1_92' title='bbox 582 1144 797 1223; x_wconf 75' lang='lat' dir='ltr'><strong>commendat.</strong></span> <span class='ocrx_word' id='word_1_93' title='bbox 821 1144 886 1207; x_wconf 92' lang='lat' dir='ltr'><strong>alia</strong></span> <span class='ocrx_word' id='word_1_94' title='bbox 908 1145 1055 1229; x_wconf 91' lang='lat' dir='ltr'><strong>puriore,</strong></span> <span class='ocrx_word' id='word_1_95' title='bbox 1079 1164 1176 1208; x_wconf 89' lang='lat' dir='ltr'><strong>unam</strong></span> <span class='ocrx_word' id='word_1_96' title='bbox 1200 1143 1283 1207; x_wconf 89' lang='lat' dir='ltr'><strong>ditat</strong></span> <span class='ocrx_word' id='word_1_97' title='bbox 1304 1144 1414 1229; x_wconf 89' lang='lat' dir='ltr'><strong>potior</strong></span> <span class='ocrx_word' id='word_1_98' title='bbox 1436 1143 1582 1223; x_wconf 85' lang='lat' dir='ltr'><strong>flamma,</strong></span> <span class='ocrx_word' id='word_1_99' title='bbox 1606 1144 1758 1210; x_wconf 88' lang='lat' dir='ltr'><strong>nobilitat</strong></span> <span class='ocrx_word' id='word_1_100' title='bbox 1779 1144 1916 1209; x_wconf 88' lang='lat' dir='ltr'><strong>alteram</strong></span> <span class='ocrx_word' id='word_1_101' title='bbox 1941 1166 2004 1231; x_wconf 88' lang='lat' dir='ltr'><strong>per</strong></span> 
     </span>
     <span class='ocr_line' id='line_1_10' title="bbox 344 1247 2001 1335; baseline 0.001 -24"><span class='ocrx_word' id='word_1_102' title='bbox 344 1248 450 1335; x_wconf 89' lang='lat' dir='ltr'><strong>spatia</strong></span> <span class='ocrx_word' id='word_1_103' title='bbox 481 1256 640 1313; x_wconf 88' lang='lat' dir='ltr'><strong>nocturna</strong></span> <span class='ocrx_word' id='word_1_104' title='bbox 668 1250 835 1313; x_wconf 86' lang='lat' dir='ltr'><strong>sincerior.</strong></span> <span class='ocrx_word' id='word_1_105' title='bbox 885 1248 931 1311; x_wconf 88' lang='lat' dir='ltr'><strong>sic</strong></span> <span class='ocrx_word' id='word_1_106' title='bbox 951 1247 1131 1312; x_wconf 88' lang='lat' dir='ltr'><strong>Antonium</strong></span> <span class='ocrx_word' id='word_1_107' title='bbox 1160 1255 1308 1312; x_wconf 89' lang='lat' dir='ltr'><strong>nostrum</strong></span> <span class='ocrx_word' id='word_1_108' title='bbox 1336 1269 1397 1333; x_wconf 90' lang='lat' dir='ltr'><strong>per</strong></span> <span class='ocrx_word' id='word_1_109' title='bbox 1424 1248 1596 1312; x_wconf 85' lang='lat' dir='ltr'><strong>universas</strong></span> <span class='ocrx_word' id='word_1_110' title='bbox 1626 1248 1771 1312; x_wconf 87' lang='lat' dir='ltr'><strong>looomm</strong></span> <span class='ocrx_word' id='word_1_111' title='bbox 1803 1249 2001 1313; x_wconf 88' lang='lat' dir='ltr'><strong>mutationes</strong></span> 
     </span>
    </p>

    <p class='ocr_par' dir='ltr' id='par_1_4' title="bbox 291 1350 2080 1848">
     <span class='ocr_line' id='line_1_11' title="bbox 291 1350 2080 1437; baseline 0 -21"><span class='ocrx_word' id='word_1_112' title='bbox 291 1357 364 1416; x_wconf 75' lang='lat' dir='ltr'><strong>toa</strong></span> <span class='ocrx_word' id='word_1_113' title='bbox 382 1350 512 1416; x_wconf 78' lang='lat' dir='ltr'><strong>Christo</strong></span> <span class='ocrx_word' id='word_1_114' title='bbox 537 1353 671 1417; x_wconf 89' lang='lat' dir='ltr'><strong>veniens</strong></span> <span class='ocrx_word' id='word_1_115' title='bbox 694 1352 867 1437; x_wconf 86' lang='lat' dir='ltr'><strong>disciplina</strong></span> <span class='ocrx_word' id='word_1_116' title='bbox 890 1351 1044 1415; x_wconf 89' lang='lat' dir='ltr'><strong>comitata</strong></span> <span class='ocrx_word' id='word_1_117' title='bbox 1066 1358 1127 1415; x_wconf 90' lang='lat' dir='ltr'><strong>est.</strong></span> <span class='ocrx_word' id='word_1_118' title='bbox 1173 1350 1315 1436; x_wconf 89' lang='lat' dir='ltr'><strong>providit</strong></span> <span class='ocrx_word' id='word_1_119' title='bbox 1336 1357 1464 1429; x_wconf 88' lang='lat' dir='ltr'><strong>tamen,</strong></span> <span class='ocrx_word' id='word_1_120' title='bbox 1495 1372 1536 1417; x_wconf 90' lang='lat' dir='ltr'><strong>ne</strong></span> <span class='ocrx_word' id='word_1_121' title='bbox 1560 1350 1613 1415; x_wconf 91' lang='lat' dir='ltr'><strong>oui</strong></span> <span class='ocrx_word' id='word_1_122' title='bbox 1634 1351 1666 1415; x_wconf 92' lang='lat' dir='ltr'><strong>in</strong></span> <span class='ocrx_word' id='word_1_123' title='bbox 1689 1351 1748 1416; x_wconf 92' lang='lat' dir='ltr'><strong>illa</strong></span> <span class='ocrx_word' id='word_1_124' title='bbox 1769 1352 1896 1416; x_wconf 91' lang='lat' dir='ltr'><strong>nutrice</strong></span> <span class='ocrx_word' id='word_1_125' title='bbox 1920 1372 1998 1416; x_wconf 85' lang='lat' dir='ltr'><strong>san·</strong></span> <span class='ocrx_word' id='word_1_126' title='bbox 2052 1378 2080 1416; x_wconf 86' lang='grc' dir='ltr'><strong>ιο</strong></span> 
     </span>
     <span class='ocr_line' id='line_1_12' title="bbox 345 1453 2000 1541; baseline 0.002 -26"><span class='ocrx_word' id='word_1_127' title='bbox 345 1463 471 1519; x_wconf 89' lang='lat' dir='ltr'><strong>ctorum</strong></span> <span class='ocrx_word' id='word_1_128' title='bbox 494 1456 611 1537; x_wconf 91' lang='lat' dir='ltr'><strong>insula,</strong></span> <span class='ocrx_word' id='word_1_129' title='bbox 635 1477 708 1520; x_wconf 94' lang='lat' dir='ltr'><strong>cum</strong></span> <span class='ocrx_word' id='word_1_130' title='bbox 731 1461 915 1541; x_wconf 84' lang='lat' dir='ltr'><strong>praestaret</strong></span> <span class='ocrx_word' id='word_1_131' title='bbox 937 1454 1072 1535; x_wconf 90' lang='lat' dir='ltr'><strong>meritis,</strong></span> <span class='ocrx_word' id='word_1_132' title='bbox 1096 1453 1255 1540; x_wconf 82' lang='lat' dir='ltr'><strong>praeferri</strong></span> <span class='ocrx_word' id='word_1_133' title='bbox 1278 1453 1444 1519; x_wconf 88' lang='lat' dir='ltr'><strong>videretur</strong></span> <span class='ocrx_word' id='word_1_134' title='bbox 1465 1453 1655 1534; x_wconf 90' lang='lat' dir='ltr'><strong>honoribus,</strong></span> <span class='ocrx_word' id='word_1_135' title='bbox 1679 1455 1787 1519; x_wconf 88' lang='lat' dir='ltr'><strong>sciens</strong></span> <span class='ocrx_word' id='word_1_136' title='bbox 1809 1455 1843 1519; x_wconf 89' lang='lat' dir='ltr'><strong>in</strong></span> <span class='ocrx_word' id='word_1_137' title='bbox 1867 1454 2000 1520; x_wconf 88' lang='lat' dir='ltr'><strong>humili-</strong></span> 
     </span>
     <span class='ocr_line' id='line_1_13' title="bbox 344 1555 2000 1646; baseline 0.001 -26"><span class='ocrx_word' id='word_1_138' title='bbox 344 1558 421 1621; x_wconf 84' lang='lat' dir='ltr'><strong>tatis</strong></span> <span class='ocrx_word' id='word_1_139' title='bbox 456 1557 567 1623; x_wconf 90' lang='lat' dir='ltr'><strong>radice</strong></span> <span class='ocrx_word' id='word_1_140' title='bbox 603 1559 784 1646; x_wconf 90' lang='lat' dir='ltr'><strong>plantatum</strong></span> <span class='ocrx_word' id='word_1_141' title='bbox 821 1558 863 1622; x_wconf 93' lang='lat' dir='ltr'><strong>ad</strong></span> <span class='ocrx_word' id='word_1_142' title='bbox 898 1564 1056 1621; x_wconf 90' lang='lat' dir='ltr'><strong>centenos</strong></span> <span class='ocrx_word' id='word_1_143' title='bbox 1087 1555 1213 1620; x_wconf 82' lang='lat' dir='ltr'><strong>fructus</strong></span> <span class='ocrx_word' id='word_1_144' title='bbox 1248 1556 1437 1641; x_wconf 87' lang='lat' dir='ltr'><strong>adsurgcre.</strong></span> <span class='ocrx_word' id='word_1_145' title='bbox 1492 1556 1631 1623; x_wconf 87' lang='lat' dir='ltr'><strong>blandus</strong></span> <span class='ocrx_word' id='word_1_146' title='bbox 1666 1558 1855 1634; x_wconf 82' lang='lat' dir='ltr'><strong>iuvenibus,</strong></span> <span class='ocrx_word' id='word_1_147' title='bbox 1889 1559 2000 1643; x_wconf 81' lang='lat' dir='ltr'><strong>gravis</strong></span> 
     </span>
     <span class='ocr_line' id='line_1_14' title="bbox 343 1658 2000 1748; baseline 0 -24"><span class='ocrx_word' id='word_1_148' title='bbox 343 1662 495 1739; x_wconf 90' lang='lat' dir='ltr'><strong>maturis,</strong></span> <span class='ocrx_word' id='word_1_149' title='bbox 524 1660 638 1726; x_wconf 91' lang='lat' dir='ltr'><strong>doctus</strong></span> <span class='ocrx_word' id='word_1_150' title='bbox 662 1660 791 1746; x_wconf 90' lang='lat' dir='ltr'><strong>peritis,</strong></span> <span class='ocrx_word' id='word_1_151' title='bbox 824 1660 1004 1724; x_wconf 89' lang='lat' dir='ltr'><strong>submissus</strong></span> <span class='ocrx_word' id='word_1_152' title='bbox 1028 1658 1202 1725; x_wconf 85' lang='lat' dir='ltr'><strong>existendo</strong></span> <span class='ocrx_word' id='word_1_153' title='bbox 1227 1658 1448 1744; x_wconf 88' lang='lat' dir='ltr'><strong>simplicibus,</strong></span> <span class='ocrx_word' id='word_1_154' title='bbox 1472 1666 1574 1724; x_wconf 92' lang='lat' dir='ltr'><strong>totam</strong></span> <span class='ocrx_word' id='word_1_155' title='bbox 1596 1660 1685 1726; x_wconf 91' lang='lat' dir='ltr'><strong>illam</strong></span> <span class='ocrx_word' id='word_1_156' title='bbox 1709 1659 1864 1725; x_wconf 90' lang='lat' dir='ltr'><strong>dominici</strong></span> <span class='ocrx_word' id='word_1_157' title='bbox 1887 1662 2000 1748; x_wconf 84' lang='lat' dir='ltr'><strong>gregia</strong></span> 
     </span>
     <span class='ocr_line' id='line_1_15' title="bbox 343 1762 1999 1848; baseline 0.002 -22"><span class='ocrx_word' id='word_1_158' title='bbox 343 1763 507 1848; x_wconf 84' lang='lat' dir='ltr'><strong>legionem</strong></span> <span class='ocrx_word' id='word_1_159' title='bbox 531 1764 720 1829; x_wconf 88' lang='lat' dir='ltr'><strong>distinctam</strong></span> <span class='ocrx_word' id='word_1_160' title='bbox 748 1771 840 1839; x_wconf 89' lang='lat' dir='ltr'><strong>actu,</strong></span> <span class='ocrx_word' id='word_1_161' title='bbox 870 1763 1027 1828; x_wconf 87' lang='lat' dir='ltr'><strong>variatam</strong></span> <span class='ocrx_word' id='word_1_162' title='bbox 1059 1762 1228 1846; x_wconf 90' lang='lat' dir='ltr'><strong>gentibus,</strong></span> <span class='ocrx_word' id='word_1_163' title='bbox 1259 1763 1353 1846; x_wconf 85' lang='lat' dir='ltr'><strong>quasi</strong></span> <span class='ocrx_word' id='word_1_164' title='bbox 1382 1784 1480 1827; x_wconf 88' lang='lat' dir='ltr'><strong>unam</strong></span> <span class='ocrx_word' id='word_1_165' title='bbox 1503 1764 1646 1827; x_wconf 89' lang='lat' dir='ltr'><strong>animam</strong></span> <span class='ocrx_word' id='word_1_166' title='bbox 1673 1763 1707 1826; x_wconf 92' lang='lat' dir='ltr'><strong>in</strong></span> <span class='ocrx_word' id='word_1_167' title='bbox 1735 1784 1796 1828; x_wconf 88' lang='lat' dir='ltr'><strong>sua</strong></span> <span class='ocrx_word' id='word_1_168' title='bbox 1823 1764 1999 1830; x_wconf 82' lang='lat' dir='ltr'><strong>affectione</strong></span> 
     </span>
    </p>

    <p class='ocr_par' dir='ltr' id='par_1_5' title="bbox 290 1864 2079 2262">
     <span class='ocr_line' id='line_1_16' title="bbox 290 1864 2079 1952; baseline 0.002 -20"><span class='ocrx_word' id='word_1_169' title='bbox 290 1874 326 1932; x_wconf 83' lang='lat'><strong>41</strong></span> <span class='ocrx_word' id='word_1_170' title='bbox 343 1867 486 1951; x_wconf 89' lang='lat' dir='ltr'><strong>collegit.</strong></span> <span class='ocrx_word' id='word_1_171' title='bbox 521 1868 565 1932; x_wconf 91' lang='lat' dir='ltr'><strong>ibi</strong></span> <span class='ocrx_word' id='word_1_172' title='bbox 589 1867 720 1931; x_wconf 88' lang='lat' dir='ltr'><strong>biennio</strong></span> <span class='ocrx_word' id='word_1_173' title='bbox 744 1889 780 1932; x_wconf 93' lang='lat' dir='ltr'><strong>sc</strong></span> <span class='ocrx_word' id='word_1_174' title='bbox 803 1868 875 1951; x_wconf 91' lang='lat' dir='ltr'><strong>ipso</strong></span> <span class='ocrx_word' id='word_1_175' title='bbox 899 1865 1006 1952; x_wconf 90' lang='lat' dir='ltr'><strong>potior</strong></span> <span class='ocrx_word' id='word_1_176' title='bbox 1028 1864 1139 1929; x_wconf 91' lang='lat' dir='ltr'><strong>mundi</strong></span> <span class='ocrx_word' id='word_1_177' title='bbox 1163 1865 1255 1929; x_wconf 89' lang='lat' dir='ltr'><strong>istius</strong></span> <span class='ocrx_word' id='word_1_178' title='bbox 1279 1866 1442 1930; x_wconf 88' lang='lat' dir='ltr'><strong>sarcinam</strong></span> <span class='ocrx_word' id='word_1_179' title='bbox 1466 1864 1644 1952; x_wconf 88' lang='lat' dir='ltr'><strong>deponens,</strong></span> <span class='ocrx_word' id='word_1_180' title='bbox 1667 1866 1772 1930; x_wconf 82' lang='lat' dir='ltr'><strong>victor</strong></span> <span class='ocrx_word' id='word_1_181' title='bbox 1793 1865 1998 1949; x_wconf 88' lang='lat' dir='ltr'><strong>insidiarum,</strong></span> <span class='ocrx_word' id='word_1_182' title='bbox 2053 1897 2079 1935; x_wconf 78' lang='lat' dir='ltr'><strong>rs</strong></span> 
     </span>
     <span class='ocr_line' id='line_1_17' title="bbox 343 1967 1999 2057; baseline 0.002 -24"><span class='ocrx_word' id='word_1_183' title='bbox 343 1991 424 2054; x_wconf 90' lang='lat' dir='ltr'><strong>quas</strong></span> <span class='ocrx_word' id='word_1_184' title='bbox 446 1971 572 2055; x_wconf 87' lang='lat' dir='ltr'><strong>antiqui</strong></span> <span class='ocrx_word' id='word_1_185' title='bbox 589 1971 752 2056; x_wconf 90' lang='lat' dir='ltr'><strong>serpentis</strong></span> <span class='ocrx_word' id='word_1_186' title='bbox 771 1979 867 2057; x_wconf 89' lang='lat' dir='ltr'><strong>parat</strong></span> <span class='ocrx_word' id='word_1_187' title='bbox 882 1969 1014 2047; x_wconf 85' lang='lat' dir='ltr'><strong>astutia,</strong></span> <span class='ocrx_word' id='word_1_188' title='bbox 1039 1967 1126 2032; x_wconf 90' lang='lat' dir='ltr'><strong>diem</strong></span> <span class='ocrx_word' id='word_1_189' title='bbox 1149 1975 1294 2031; x_wconf 90' lang='lat' dir='ltr'><strong>nostrum</strong></span> <span class='ocrx_word' id='word_1_190' title='bbox 1319 1975 1353 2032; x_wconf 91' lang='lat' dir='ltr'><strong>et</strong></span> <span class='ocrx_word' id='word_1_191' title='bbox 1375 1968 1482 2032; x_wconf 91' lang='lat' dir='ltr'><strong>lucem</strong></span> <span class='ocrx_word' id='word_1_192' title='bbox 1499 1969 1685 2054; x_wconf 86' lang='lat' dir='ltr'><strong>praesentis</strong></span> <span class='ocrx_word' id='word_1_193' title='bbox 1701 1970 1824 2035; x_wconf 87' lang='lat' dir='ltr'><strong>saeculi</strong></span> <span class='ocrx_word' id='word_1_194' title='bbox 1847 1971 1999 2057; x_wconf 87' lang='lat' dir='ltr'><strong>perpetui</strong></span> 
     </span>
     <span class='ocr_line' id='line_1_18' title="bbox 342 2071 2000 2159; baseline 0.001 -23"><span class='ocrx_word' id='word_1_195' title='bbox 342 2075 471 2138; x_wconf 91' lang='lat' dir='ltr'><strong>luminis</strong></span> <span class='ocrx_word' id='word_1_196' title='bbox 496 2074 672 2159; x_wconf 89' lang='lat' dir='ltr'><strong>adeptione</strong></span> <span class='ocrx_word' id='word_1_197' title='bbox 697 2073 918 2139; x_wconf 88' lang='lat' dir='ltr'><strong>commutavit.</strong></span> <span class='ocrx_word' id='word_1_198' title='bbox 955 2079 1051 2136; x_wconf 90' lang='lat' dir='ltr'><strong>taceo</strong></span> <span class='ocrx_word' id='word_1_199' title='bbox 1074 2071 1216 2156; x_wconf 87' lang='lat' dir='ltr'><strong>qualiter</strong></span> <span class='ocrx_word' id='word_1_200' title='bbox 1238 2071 1339 2134; x_wconf 89' lang='lat' dir='ltr'><strong>vitam</strong></span> <span class='ocrx_word' id='word_1_201' title='bbox 1362 2071 1465 2156; x_wconf 92' lang='lat' dir='ltr'><strong>ipsius</strong></span> <span class='ocrx_word' id='word_1_202' title='bbox 1488 2072 1603 2136; x_wconf 90' lang='lat' dir='ltr'><strong>mortis</strong></span> <span class='ocrx_word' id='word_1_203' title='bbox 1625 2071 1786 2136; x_wconf 84' lang='lat' dir='ltr'><strong>claritudo</strong></span> <span class='ocrx_word' id='word_1_204' title='bbox 1809 2074 2000 2158; x_wconf 77' lang='lat' dir='ltr'><strong>signaverit,</strong></span> 
     </span>
     <span class='ocr_line' id='line_1_19' title="bbox 341 2175 1999 2262; baseline 0.003 -22"><span class='ocrx_word' id='word_1_205' title='bbox 341 2198 383 2241; x_wconf 90' lang='lat' dir='ltr'><strong>ne</strong></span> <span class='ocrx_word' id='word_1_206' title='bbox 407 2178 560 2242; x_wconf 89' lang='lat' dir='ltr'><strong>universa</strong></span> <span class='ocrx_word' id='word_1_207' title='bbox 591 2177 745 2262; x_wconf 85' lang='lat' dir='ltr'><strong>digerens</strong></span> <span class='ocrx_word' id='word_1_208' title='bbox 774 2198 836 2240; x_wconf 92' lang='lat' dir='ltr'><strong>non</strong></span> <span class='ocrx_word' id='word_1_209' title='bbox 871 2184 937 2240; x_wconf 91' lang='lat' dir='ltr'><strong>tam</strong></span> <span class='ocrx_word' id='word_1_210' title='bbox 962 2176 1134 2241; x_wconf 88' lang='lat' dir='ltr'><strong>veritatem</strong></span> <span class='ocrx_word' id='word_1_211' title='bbox 1158 2196 1309 2239; x_wconf 89' lang='lat' dir='ltr'><strong>narrasse</strong></span> <span class='ocrx_word' id='word_1_212' title='bbox 1338 2194 1435 2258; x_wconf 91' lang='lat' dir='ltr'><strong>quam</strong></span> <span class='ocrx_word' id='word_1_213' title='bbox 1458 2176 1616 2261; x_wconf 82' lang='lat' dir='ltr'><strong>praedicti</strong></span> <span class='ocrx_word' id='word_1_214' title='bbox 1637 2175 1790 2243; x_wconf 88' lang='lat' dir='ltr'><strong>laudibus</strong></span> <span class='ocrx_word' id='word_1_215' title='bbox 1813 2177 1926 2245; x_wconf 85' lang='lat' dir='ltr'><strong>videar</strong></span> <span class='ocrx_word' id='word_1_216' title='bbox 1948 2180 1999 2245; x_wconf 90' lang='lat' dir='ltr'><strong>in·</strong></span> 
     </span>
    </p>

    <p class='ocr_par' dir='ltr' id='par_1_6' title="bbox 289 2277 2088 2677">
     <span class='ocr_line' id='line_1_20' title="bbox 289 2277 2088 2366; baseline 0.003 -23"><span class='ocrx_word' id='word_1_217' title='bbox 289 2282 330 2343; x_wconf 83' lang='lat'><strong>42</strong></span> <span class='ocrx_word' id='word_1_218' title='bbox 343 2287 495 2346; x_wconf 87' lang='lat' dir='ltr'><strong>moratus.</strong></span> <span class='ocrx_word' id='word_1_219' title='bbox 528 2282 630 2346; x_wconf 90' lang='lat' dir='ltr'><strong>veluti</strong></span> <span class='ocrx_word' id='word_1_220' title='bbox 655 2281 682 2344; x_wconf 93' lang='lat' dir='ltr'><strong>si</strong></span> <span class='ocrx_word' id='word_1_221' title='bbox 705 2281 777 2366; x_wconf 90' lang='lat' dir='ltr'><strong>quis</strong></span> <span class='ocrx_word' id='word_1_222' title='bbox 801 2281 961 2345; x_wconf 89' lang='lat' dir='ltr'><strong>consitum</strong></span> <span class='ocrx_word' id='word_1_223' title='bbox 985 2280 1094 2343; x_wconf 90' lang='lat' dir='ltr'><strong>lucum</strong></span> <span class='ocrx_word' id='word_1_224' title='bbox 1110 2277 1272 2342; x_wconf 82' lang='lat' dir='ltr'><strong>frondium</strong></span> <span class='ocrx_word' id='word_1_225' title='bbox 1295 2278 1459 2343; x_wconf 89' lang='lat' dir='ltr'><strong>densitate</strong></span> <span class='ocrx_word' id='word_1_226' title='bbox 1474 2280 1666 2365; x_wconf 82' lang='lat' dir='ltr'><strong>reppererit,</strong></span> <span class='ocrx_word' id='word_1_227' title='bbox 1690 2302 1733 2345; x_wconf 83' lang='lat' dir='ltr'><strong>ex</strong></span> <span class='ocrx_word' id='word_1_228' title='bbox 1756 2301 1820 2365; x_wconf 89' lang='lat' dir='ltr'><strong>quo</strong></span> <span class='ocrx_word' id='word_1_229' title='bbox 1843 2303 1996 2347; x_wconf 87' lang='lat' dir='ltr'><strong>coronam</strong></span> <span class='ocrx_word' id='word_1_230' title='bbox 2009 2315 2033 2358; x_wconf 68' lang='lat' dir='ltr'><strong>p.</strong></span> <span class='ocrx_word' id='word_1_231' title='bbox 2046 2308 2088 2349; x_wconf 75' lang='lat' dir='ltr'><strong>sas</strong></span> 
     </span>
     <span class='ocr_line' id='line_1_21' title="bbox 343 2381 2079 2471; baseline 0.003 -24"><span class='ocrx_word' id='word_1_232' title='bbox 343 2384 429 2448; x_wconf 88' lang='lat' dir='ltr'><strong>ferro</strong></span> <span class='ocrx_word' id='word_1_233' title='bbox 453 2386 636 2470; x_wconf 89' lang='lat' dir='ltr'><strong>stringente</strong></span> <span class='ocrx_word' id='word_1_234' title='bbox 653 2384 839 2471; x_wconf 90' lang='lat' dir='ltr'><strong>subripiens</strong></span> <span class='ocrx_word' id='word_1_235' title='bbox 863 2385 997 2468; x_wconf 90' lang='lat' dir='ltr'><strong>genium</strong></span> <span class='ocrx_word' id='word_1_236' title='bbox 1020 2383 1132 2462; x_wconf 90' lang='lat' dir='ltr'><strong>silvae,</strong></span> <span class='ocrx_word' id='word_1_237' title='bbox 1156 2381 1233 2446; x_wconf 92' lang='lat' dir='ltr'><strong>dum</strong></span> <span class='ocrx_word' id='word_1_238' title='bbox 1256 2382 1436 2467; x_wconf 90' lang='lat' dir='ltr'><strong>praesumit</strong></span> <span class='ocrx_word' id='word_1_239' title='bbox 1459 2402 1570 2468; x_wconf 84' lang='lat' dir='ltr'><strong>parva,</strong></span> <span class='ocrx_word' id='word_1_240' title='bbox 1594 2404 1657 2447; x_wconf 92' lang='lat' dir='ltr'><strong>non</strong></span> <span class='ocrx_word' id='word_1_241' title='bbox 1681 2391 1828 2449; x_wconf 82' lang='lat' dir='ltr'><strong>amovet:</strong></span> <span class='ocrx_word' id='word_1_242' title='bbox 1853 2385 1996 2451; x_wconf 91' lang='lat' dir='ltr'><strong>meliori·</strong></span> <span class='ocrx_word' id='word_1_243' title='bbox 2052 2413 2079 2452; x_wconf 81' lang='lat' dir='ltr'><strong>so</strong></span> 
     </span>
     <span class='ocr_line' id='line_1_22' title="bbox 343 2484 2000 2573; baseline 0.002 -24"><span class='ocrx_word' id='word_1_244' title='bbox 343 2487 403 2550; x_wconf 91' lang='lat' dir='ltr'><strong>bus</strong></span> <span class='ocrx_word' id='word_1_245' title='bbox 427 2487 577 2573; x_wconf 89' lang='lat' dir='ltr'><strong>equidem</strong></span> <span class='ocrx_word' id='word_1_246' title='bbox 602 2488 642 2554; x_wconf 95' lang='lat' dir='ltr'><strong>de</strong></span> <span class='ocrx_word' id='word_1_247' title='bbox 666 2488 802 2552; x_wconf 86' lang='lat' dir='ltr'><strong>Antonii</strong></span> <span class='ocrx_word' id='word_1_248' title='bbox 825 2488 926 2552; x_wconf 89' lang='lat' dir='ltr'><strong>nostri</strong></span> <span class='ocrx_word' id='word_1_249' title='bbox 949 2488 1058 2565; x_wconf 86' lang='lat' dir='ltr'><strong>factis,</strong></span> <span class='ocrx_word' id='word_1_250' title='bbox 1086 2507 1170 2571; x_wconf 87' lang='lat' dir='ltr'><strong>quae</strong></span> <span class='ocrx_word' id='word_1_251' title='bbox 1194 2486 1270 2549; x_wconf 92' lang='lat' dir='ltr'><strong>stilo</strong></span> <span class='ocrx_word' id='word_1_252' title='bbox 1294 2506 1359 2550; x_wconf 90' lang='lat' dir='ltr'><strong>non</strong></span> <span class='ocrx_word' id='word_1_253' title='bbox 1382 2484 1495 2572; x_wconf 89' lang='lat' dir='ltr'><strong>adtigi,</strong></span> <span class='ocrx_word' id='word_1_254' title='bbox 1519 2486 1682 2553; x_wconf 88' lang='lat' dir='ltr'><strong>narranda</strong></span> <span class='ocrx_word' id='word_1_255' title='bbox 1703 2488 1842 2553; x_wconf 85' lang='lat' dir='ltr'><strong>servavi.</strong></span> <span class='ocrx_word' id='word_1_256' title='bbox 1887 2489 2000 2553; x_wconf 82' lang='lat' dir='ltr'><strong>vinear</strong></span> 
     </span>
     <span class='ocr_line' id='line_1_23' title="bbox 342 2589 1999 2677; baseline 0.002 -25"><span class='ocrx_word' id='word_1_257' title='bbox 342 2591 425 2654; x_wconf 89' lang='lat' dir='ltr'><strong>l&#39;orte</strong></span> <span class='ocrx_word' id='word_1_258' title='bbox 450 2592 657 2677; x_wconf 89' lang='lat' dir='ltr'><strong>eloquentiae</strong></span> <span class='ocrx_word' id='word_1_259' title='bbox 680 2593 824 2672; x_wconf 90' lang='lat' dir='ltr'><strong>tlnmine,</strong></span> <span class='ocrx_word' id='word_1_260' title='bbox 851 2611 945 2654; x_wconf 90' lang='lat' dir='ltr'><strong>nemo</strong></span> <span class='ocrx_word' id='word_1_261' title='bbox 969 2610 1021 2654; x_wconf 89' lang='lat' dir='ltr'><strong>me</strong></span> <span class='ocrx_word' id='word_1_262' title='bbox 1045 2590 1131 2653; x_wconf 87' lang='lat' dir='ltr'><strong>circa</strong></span> <span class='ocrx_word' id='word_1_263' title='bbox 1154 2589 1246 2653; x_wconf 92' lang='lat' dir='ltr'><strong>illum</strong></span> <span class='ocrx_word' id='word_1_264' title='bbox 1271 2589 1441 2674; x_wconf 89' lang='lat' dir='ltr'><strong>superabit</strong></span> <span class='ocrx_word' id='word_1_265' title='bbox 1463 2591 1594 2656; x_wconf 82' lang='lat' dir='ltr'><strong>affectu.</strong></span> <span class='ocrx_word' id='word_1_266' title='bbox 1640 2589 1763 2655; x_wconf 89' lang='lat' dir='ltr'><strong>habeat</strong></span> <span class='ocrx_word' id='word_1_267' title='bbox 1785 2591 1841 2676; x_wconf 92' lang='lat' dir='ltr'><strong>qui</strong></span> <span class='ocrx_word' id='word_1_268' title='bbox 1866 2597 1999 2655; x_wconf 88' lang='lat' dir='ltr'><strong>secutus</strong></span> 
     </span>
    </p>

    <p class='ocr_par' dir='ltr' id='par_1_7' title="bbox 230 2692 1998 2780">
     <span class='ocr_line' id='line_1_24' title="bbox 230 2692 1998 2780; baseline 0.003 -26"><span class='ocrx_word' id='word_1_269' title='bbox 230 2742 234 2754; x_wconf 90' lang='lat'><strong>.</strong></span> <span class='ocrx_word' id='word_1_270' title='bbox 343 2692 439 2759; x_wconf 86' lang='lat' dir='ltr'><strong>luerit</strong></span> <span class='ocrx_word' id='word_1_271' title='bbox 462 2694 503 2758; x_wconf 94' lang='lat' dir='ltr'><strong>dc</strong></span> <span class='ocrx_word' id='word_1_272' title='bbox 527 2695 665 2780; x_wconf 89' lang='lat' dir='ltr'><strong>peritiae</strong></span> <span class='ocrx_word' id='word_1_273' title='bbox 690 2716 796 2759; x_wconf 89' lang='lat' dir='ltr'><strong>messe</strong></span> <span class='ocrx_word' id='word_1_274' title='bbox 819 2694 1026 2769; x_wconf 86' lang='lat' dir='ltr'><strong>iactantiam,</strong></span> <span class='ocrx_word' id='word_1_275' title='bbox 1055 2692 1135 2757; x_wconf 93' lang='lat' dir='ltr'><strong>mihi</strong></span> <span class='ocrx_word' id='word_1_276' title='bbox 1158 2692 1296 2776; x_wconf 87' lang='lat' dir='ltr'><strong>gratiam</strong></span> <span class='ocrx_word' id='word_1_277' title='bbox 1321 2692 1408 2756; x_wconf 90' lang='lat' dir='ltr'><strong>beati</strong></span> <span class='ocrx_word' id='word_1_278' title='bbox 1432 2693 1571 2758; x_wconf 90' lang='lat' dir='ltr'><strong>hominis</strong></span> <span class='ocrx_word' id='word_1_279' title='bbox 1595 2713 1690 2757; x_wconf 90' lang='lat' dir='ltr'><strong>nemo</strong></span> <span class='ocrx_word' id='word_1_280' title='bbox 1714 2694 1911 2780; x_wconf 89' lang='lat' dir='ltr'><strong>praeripiet,</strong></span> <span class='ocrx_word' id='word_1_281' title='bbox 1942 2695 1998 2779; x_wconf 89' lang='lat' dir='ltr'><strong>qui</strong></span> 
     </span>
    </p>

    <p class='ocr_par' dir='ltr' id='par_1_8' title="bbox 342 2796 1114 2883">
     <span class='ocr_line' id='line_1_25' title="bbox 342 2796 1114 2883; baseline 0.001 -24"><span class='ocrx_word' id='word_1_282' title='bbox 342 2796 384 2860; x_wconf 91' lang='lat' dir='ltr'><strong>ad</strong></span> <span class='ocrx_word' id='word_1_283' title='bbox 408 2797 605 2883; x_wconf 84' lang='lat' dir='ltr'><strong>explicanda</strong></span> <span class='ocrx_word' id='word_1_284' title='bbox 628 2800 698 2863; x_wconf 91' lang='lat' dir='ltr'><strong>eius</strong></span> <span class='ocrx_word' id='word_1_285' title='bbox 723 2798 807 2863; x_wconf 90' lang='lat' dir='ltr'><strong>bona</strong></span> <span class='ocrx_word' id='word_1_286' title='bbox 830 2799 954 2883; x_wconf 90' lang='lat' dir='ltr'><strong>primus</strong></span> <span class='ocrx_word' id='word_1_287' title='bbox 978 2798 1114 2863; x_wconf 88' lang='lat' dir='ltr'><strong>accessi.</strong></span> 
     </span>
    </p>
   </div>
   <div class='ocr_carea' id='block_1_3' title="bbox 928 3050 1412 3306">
    <p class='ocr_par' dir='ltr' id='par_1_9' title="bbox 928 3050 1412 3306">
     <span class='ocr_line' id='line_1_26' title="bbox 972 3050 1364 3138; baseline -0.005 -18"><span class='ocrx_word' id='word_1_288' title='bbox 972 3050 1106 3120; x_wconf 79' lang='lat' dir='ltr'><strong>00th</strong></span> <span class='ocrx_word' id='word_1_289' title='bbox 1129 3055 1237 3138; x_wconf 82' lang='lat' dir='ltr'><strong>(rrrsr.</strong></span> <span class='ocrx_word' id='word_1_290' title='bbox 1251 3058 1280 3134; x_wconf 85' lang='lat'><strong>5,</strong></span> <span class='ocrx_word' id='word_1_291' title='bbox 1300 3052 1364 3138; x_wconf 83' lang='lat'><strong>15).</strong></span> 
     </span>
     <span class='ocr_line' id='line_1_27' title="bbox 928 3230 1412 3306; baseline -0.004 0"><span class='ocrx_word' id='word_1_292' title='bbox 928 3230 1164 3306; x_wconf 84' lang='lat' dir='ltr'>ENNODIVS</span> <span class='ocrx_word' id='word_1_293' title='bbox 1191 3230 1412 3306; x_wconf 76' lang='lat' dir='ltr'><strong>SENARIO.</strong></span> 
     </span>
    </p>
   </div>
   <div class='ocr_carea' id='block_1_4' title="bbox 308 3362 1997 4180">
    <p class='ocr_par' dir='ltr' id='par_1_10' title="bbox 312 3362 1997 3790">
     <span class='ocr_line' id='line_1_28' title="bbox 312 3362 1997 3481; baseline 0.002 -29"><span class='ocrx_word' id='word_1_294' title='bbox 312 3381 323 3439; x_wconf 81' lang='lat' dir='ltr'><strong>l</strong></span> <span class='ocrx_word' id='word_1_295' title='bbox 450 3362 651 3476; x_wconf 82' lang='lat' dir='ltr'><strong>Numquam</strong></span> <span class='ocrx_word' id='word_1_296' title='bbox 668 3393 754 3478; x_wconf 89' lang='lat' dir='ltr'><strong>apud</strong></span> <span class='ocrx_word' id='word_1_297' title='bbox 770 3393 867 3457; x_wconf 90' lang='lat' dir='ltr'><strong>deum</strong></span> <span class='ocrx_word' id='word_1_298' title='bbox 891 3393 964 3458; x_wconf 83' lang='lat' dir='ltr'><strong>fusa</strong></span> <span class='ocrx_word' id='word_1_299' title='bbox 987 3392 1174 3481; x_wconf 89' lang='lat' dir='ltr'><strong>deprecatio</strong></span> <span class='ocrx_word' id='word_1_300' title='bbox 1191 3395 1301 3459; x_wconf 84' lang='lat' dir='ltr'><strong>votivo</strong></span> <span class='ocrx_word' id='word_1_301' title='bbox 1316 3393 1460 3458; x_wconf 90' lang='lat' dir='ltr'><strong>nudatur</strong></span> <span class='ocrx_word' id='word_1_302' title='bbox 1475 3393 1605 3469; x_wconf 84' lang='lat' dir='ltr'><strong>effectu,</strong></span> <span class='ocrx_word' id='word_1_303' title='bbox 1630 3393 1715 3478; x_wconf 91' lang='lat' dir='ltr'><strong>apud</strong></span> <span class='ocrx_word' id='word_1_304' title='bbox 1732 3413 1828 3478; x_wconf 94' lang='lat' dir='ltr'><strong>quem</strong></span> <span class='ocrx_word' id='word_1_305' title='bbox 1848 3392 1997 3456; x_wconf 88' lang='lat' dir='ltr'><strong>hilaritas</strong></span> 
     </span>
     <span class='ocr_line' id='line_1_29' title="bbox 340 3493 1997 3564; baseline 0.002 -9"><span class='ocrx_word' id='word_1_306' title='bbox 340 3493 481 3558; x_wconf 87' lang='lat' dir='ltr'><strong>lacrimis</strong></span> <span class='ocrx_word' id='word_1_307' title='bbox 506 3496 674 3560; x_wconf 88' lang='lat' dir='ltr'><strong>obtinetur</strong></span> <span class='ocrx_word' id='word_1_308' title='bbox 698 3503 731 3560; x_wconf 88' lang='lat' dir='ltr'><strong>et</strong></span> <span class='ocrx_word' id='word_1_309' title='bbox 754 3518 882 3562; x_wconf 87' lang='lat' dir='ltr'><strong>maeror</strong></span> <span class='ocrx_word' id='word_1_310' title='bbox 906 3498 1024 3562; x_wconf 88' lang='lat' dir='ltr'><strong>transit</strong></span> <span class='ocrx_word' id='word_1_311' title='bbox 1047 3497 1080 3562; x_wconf 92' lang='lat' dir='ltr'><strong>in</strong></span> <span class='ocrx_word' id='word_1_312' title='bbox 1105 3499 1274 3564; x_wconf 89' lang='lat' dir='ltr'><strong>laetitiam.</strong></span> <span class='ocrx_word' id='word_1_313' title='bbox 1312 3496 1417 3563; x_wconf 86' lang='lat' dir='ltr'><strong>adluit</strong></span> <span class='ocrx_word' id='word_1_314' title='bbox 1440 3496 1620 3561; x_wconf 83' lang='lat' dir='ltr'><strong>divinitatis</strong></span> <span class='ocrx_word' id='word_1_315' title='bbox 1642 3496 1801 3560; x_wconf 85' lang='lat' dir='ltr'><strong>auxilium</strong></span> <span class='ocrx_word' id='word_1_316' title='bbox 1824 3494 1997 3559; x_wconf 90' lang='lat' dir='ltr'><strong>desideriis</strong></span> 
     </span>
     <span class='ocr_line' id='line_1_30' title="bbox 340 3597 1996 3688; baseline 0.002 -29"><span class='ocrx_word' id='word_1_317' title='bbox 340 3597 421 3660; x_wconf 89' lang='lat' dir='ltr'><strong>meis</strong></span> <span class='ocrx_word' id='word_1_318' title='bbox 445 3604 548 3679; x_wconf 89' lang='lat' dir='ltr'><strong>otte,</strong></span> <span class='ocrx_word' id='word_1_319' title='bbox 577 3599 705 3663; x_wconf 89' lang='lat' dir='ltr'><strong>animae</strong></span> <span class='ocrx_word' id='word_1_320' title='bbox 729 3621 822 3665; x_wconf 91' lang='lat' dir='ltr'><strong>meac</strong></span> <span class='ocrx_word' id='word_1_321' title='bbox 855 3601 959 3665; x_wconf 92' lang='lat' dir='ltr'><strong>maior</strong></span> <span class='ocrx_word' id='word_1_322' title='bbox 981 3603 1102 3688; x_wconf 90' lang='lat' dir='ltr'><strong>portio,</strong></span> <span class='ocrx_word' id='word_1_323' title='bbox 1132 3601 1173 3666; x_wconf 93' lang='lat' dir='ltr'><strong>de</strong></span> <span class='ocrx_word' id='word_1_324' title='bbox 1197 3602 1333 3688; x_wconf 82' lang='lat' dir='ltr'><strong>prolixis</strong></span> <span class='ocrx_word' id='word_1_325' title='bbox 1356 3601 1502 3686; x_wconf 89' lang='lat' dir='ltr'><strong>gentium</strong></span> <span class='ocrx_word' id='word_1_326' title='bbox 1525 3600 1644 3665; x_wconf 85' lang='lat' dir='ltr'><strong>finibus</strong></span> <span class='ocrx_word' id='word_1_327' title='bbox 1667 3598 1888 3665; x_wconf 87' lang='lat' dir='ltr'><strong>misericordia</strong></span> <span class='ocrx_word' id='word_1_328' title='bbox 1911 3598 1996 3663; x_wconf 90' lang='lat' dir='ltr'><strong>duce</strong></span> 
     </span>
     <span class='ocr_line' id='line_1_31' title="bbox 340 3700 1995 3790; baseline 0.001 -27"><span class='ocrx_word' id='word_1_329' title='bbox 340 3703 514 3767; x_wconf 86' lang='lat' dir='ltr'><strong>revocavit.</strong></span> <span class='ocrx_word' id='word_1_330' title='bbox 560 3725 637 3768; x_wconf 85' lang='lat' dir='ltr'><strong>vcre</strong></span> <span class='ocrx_word' id='word_1_331' title='bbox 669 3725 734 3768; x_wconf 92' lang='lat' dir='ltr'><strong>non</strong></span> <span class='ocrx_word' id='word_1_332' title='bbox 762 3725 897 3790; x_wconf 90' lang='lat' dir='ltr'><strong>possum</strong></span> <span class='ocrx_word' id='word_1_333' title='bbox 928 3706 1102 3789; x_wconf 90' lang='lat' dir='ltr'><strong>epistulam</strong></span> <span class='ocrx_word' id='word_1_334' title='bbox 1130 3707 1162 3770; x_wconf 91' lang='lat' dir='ltr'><strong>in</strong></span> <span class='ocrx_word' id='word_1_335' title='bbox 1193 3706 1296 3790; x_wconf 85' lang='lat' dir='ltr'><strong>multa</strong></span> <span class='ocrx_word' id='word_1_336' title='bbox 1327 3703 1428 3769; x_wconf 89' lang='lat' dir='ltr'><strong>verba</strong></span> <span class='ocrx_word' id='word_1_337' title='bbox 1450 3702 1632 3767; x_wconf 84' lang='lat' dir='ltr'><strong>diffundere</strong></span> <span class='ocrx_word' id='word_1_338' title='bbox 1662 3701 1827 3789; x_wconf 88' lang='lat' dir='ltr'><strong>inpeditus</strong></span> <span class='ocrx_word' id='word_1_339' title='bbox 1850 3700 1995 3773; x_wconf 82' lang='lat' dir='ltr'><strong>fletibus.</strong></span> 
     </span>
    </p>

    <p class='ocr_par' dir='ltr' id='par_1_11' title="bbox 308 3805 1994 4180">
     <span class='ocr_line' id='line_1_32' title="bbox 308 3805 1994 3894; baseline 0.001 -27"><span class='ocrx_word' id='word_1_340' title='bbox 308 3816 422 3888; x_wconf 78' lang='lat' dir='ltr'><strong>2quos</strong></span> <span class='ocrx_word' id='word_1_341' title='bbox 445 3805 566 3889; x_wconf 88' lang='lat' dir='ltr'><strong>gaudia</strong></span> <span class='ocrx_word' id='word_1_342' title='bbox 589 3809 622 3870; x_wconf 90' lang='lat' dir='ltr'><strong>in</strong></span> <span class='ocrx_word' id='word_1_343' title='bbox 646 3808 812 3871; x_wconf 89' lang='lat' dir='ltr'><strong>cumulum</strong></span> <span class='ocrx_word' id='word_1_344' title='bbox 828 3806 970 3871; x_wconf 87' lang='lat' dir='ltr'><strong>adducta</strong></span> <span class='ocrx_word' id='word_1_345' title='bbox 986 3815 1195 3894; x_wconf 88' lang='lat' dir='ltr'><strong>pepererunt.</strong></span> <span class='ocrx_word' id='word_1_346' title='bbox 1236 3808 1299 3887; x_wconf 86' lang='lat' dir='ltr'><strong>fac,</strong></span> <span class='ocrx_word' id='word_1_347' title='bbox 1322 3808 1365 3871; x_wconf 94' lang='lat' dir='ltr'><strong>mi</strong></span> <span class='ocrx_word' id='word_1_348' title='bbox 1389 3806 1530 3886; x_wconf 90' lang='lat' dir='ltr'><strong>domine,</strong></span> <span class='ocrx_word' id='word_1_349' title='bbox 1553 3806 1705 3890; x_wconf 86' lang='lat' dir='ltr'><strong>parvitati</strong></span> <span class='ocrx_word' id='word_1_350' title='bbox 1729 3827 1822 3870; x_wconf 89' lang='lat' dir='ltr'><strong>meae</strong></span> <span class='ocrx_word' id='word_1_351' title='bbox 1839 3805 1994 3870; x_wconf 88' lang='lat' dir='ltr'><strong>caelestis</strong></span> 
     </span>
     <span class='ocr_line' id='line_1_33' title="bbox 339 3905 1993 3997; baseline 0 -26"><span class='ocrx_word' id='word_1_352' title='bbox 339 3905 415 3972; x_wconf 90' lang='lat' dir='ltr'><strong>doni</strong></span> <span class='ocrx_word' id='word_1_353' title='bbox 440 3909 678 3994; x_wconf 88' lang='lat' dir='ltr'><strong>plenitudinem</strong></span> <span class='ocrx_word' id='word_1_354' title='bbox 705 3932 771 3975; x_wconf 91' lang='lat' dir='ltr'><strong>non</strong></span> <span class='ocrx_word' id='word_1_355' title='bbox 794 3912 912 3994; x_wconf 88' lang='lat' dir='ltr'><strong>perire.</strong></span> <span class='ocrx_word' id='word_1_356' title='bbox 958 3933 1057 3977; x_wconf 93' lang='lat' dir='ltr'><strong>unum</strong></span> <span class='ocrx_word' id='word_1_357' title='bbox 1088 3919 1227 3997; x_wconf 89' lang='lat' dir='ltr'><strong>uterque</strong></span> <span class='ocrx_word' id='word_1_358' title='bbox 1259 3911 1438 3975; x_wconf 90' lang='lat' dir='ltr'><strong>habeamus</strong></span> <span class='ocrx_word' id='word_1_359' title='bbox 1466 3908 1644 3995; x_wconf 90' lang='lat' dir='ltr'><strong>hospitium</strong></span> <span class='ocrx_word' id='word_1_360' title='bbox 1676 3929 1735 3972; x_wconf 91' lang='lat' dir='ltr'><strong>nec</strong></span> <span class='ocrx_word' id='word_1_361' title='bbox 1763 3907 1804 3973; x_wconf 93' lang='lat' dir='ltr'><strong>de</strong></span> <span class='ocrx_word' id='word_1_362' title='bbox 1831 3908 1993 3994; x_wconf 89' lang='lat' dir='ltr'><strong>parietum</strong></span> 
     </span>
     <span class='ocr_line' id='line_1_34' title="bbox 340 4010 1993 4100; baseline 0.001 -26"><span class='ocrx_word' id='word_1_363' title='bbox 340 4013 491 4095; x_wconf 86' lang='lat' dir='ltr'><strong>angustia</strong></span> <span class='ocrx_word' id='word_1_364' title='bbox 507 4012 692 4076; x_wconf 87' lang='lat' dir='ltr'><strong>sollicitudo</strong></span> <span class='ocrx_word' id='word_1_365' title='bbox 709 4020 901 4097; x_wconf 87' lang='lat' dir='ltr'><strong>generetur,</strong></span> <span class='ocrx_word' id='word_1_366' title='bbox 925 4014 1053 4099; x_wconf 90' lang='lat' dir='ltr'><strong>quando</strong></span> <span class='ocrx_word' id='word_1_367' title='bbox 1072 4037 1173 4080; x_wconf 92' lang='lat' dir='ltr'><strong>unum</strong></span> <span class='ocrx_word' id='word_1_368' title='bbox 1195 4021 1311 4100; x_wconf 89' lang='lat' dir='ltr'><strong>pectus</strong></span> <span class='ocrx_word' id='word_1_369' title='bbox 1334 4013 1499 4079; x_wconf 86' lang='lat' dir='ltr'><strong>sufficiens</strong></span> <span class='ocrx_word' id='word_1_370' title='bbox 1516 4010 1685 4078; x_wconf 88' lang='lat' dir='ltr'><strong>animabus</strong></span> <span class='ocrx_word' id='word_1_371' title='bbox 1709 4013 1830 4076; x_wconf 89' lang='lat' dir='ltr'><strong>nostris</strong></span> <span class='ocrx_word' id='word_1_372' title='bbox 1847 4019 1993 4099; x_wconf 85' lang='lat' dir='ltr'><strong>praestat</strong></span> 
     </span>
     <span class='ocr_line' id='line_1_35' title="bbox 339 4115 572 4180; baseline 0.004 -1"><span class='ocrx_word' id='word_1_373' title='bbox 339 4115 572 4180; x_wconf 87' lang='lat' dir='ltr'><strong>habitaculum.</strong></span> 
     </span>
    </p>
   </div>
   <div class='ocr_carea' id='block_1_5' title="bbox 889 4286 1449 4541">
    <p class='ocr_par' dir='ltr' id='par_1_12' title="bbox 889 4286 1449 4541">
     <span class='ocr_line' id='line_1_36' title="bbox 956 4286 1429 4374; baseline -0.006 -19"><span class='ocrx_word' id='word_1_374' title='bbox 956 4286 1113 4355; x_wconf 73' lang='lat' dir='ltr'><strong>coxan</strong></span> <span class='ocrx_word' id='word_1_375' title='bbox 1135 4290 1244 4373; x_wconf 82' lang='lat' dir='ltr'><strong>(nrrsr.</strong></span> <span class='ocrx_word' id='word_1_376' title='bbox 1261 4294 1291 4366; x_wconf 83' lang='lat'><strong>5,</strong></span> <span class='ocrx_word' id='word_1_377' title='bbox 1312 4289 1376 4374; x_wconf 87' lang='lat'><strong>16).</strong></span> <span class='ocrx_word' id='word_1_378' title='bbox 1426 4296 1429 4301; x_wconf 77' lang='grc'><strong><em>’</em></strong></span> 
     </span>
     <span class='ocr_line' id='line_1_37' title="bbox 889 4465 1449 4541; baseline 0.004 -3"><span class='ocrx_word' id='word_1_379' title='bbox 889 4465 1125 4540; x_wconf 85' lang='lat' dir='ltr'>ENNODIVS</span> <span class='ocrx_word' id='word_1_380' title='bbox 1152 4465 1449 4541; x_wconf 82' lang='lat' dir='ltr'><strong>PAMFRONIO.</strong></span> 
     </span>
    </p>
   </div>
   <div class='ocr_carea' id='block_1_6' title="bbox 312 4592 1993 4814">
    <p class='ocr_par' dir='ltr' id='par_1_13' title="bbox 312 4592 1993 4814">
     <span class='ocr_line' id='line_1_38' title="bbox 312 4592 1992 4710; baseline 0.008 -33"><span class='ocrx_word' id='word_1_381' title='bbox 312 4621 320 4677; x_wconf 89' lang='grc'>1</span> <span class='ocrx_word' id='word_1_382' title='bbox 438 4592 579 4704; x_wconf 86' lang='lat' dir='ltr'><strong>Magna</strong></span> <span class='ocrx_word' id='word_1_383' title='bbox 610 4627 685 4684; x_wconf 90' lang='lat' dir='ltr'><strong>sunt</strong></span> <span class='ocrx_word' id='word_1_384' title='bbox 714 4621 850 4706; x_wconf 90' lang='lat' dir='ltr'><strong>imperia</strong></span> <span class='ocrx_word' id='word_1_385' title='bbox 873 4623 1075 4707; x_wconf 87' lang='lat' dir='ltr'><strong>gaudiorum.</strong></span> <span class='ocrx_word' id='word_1_386' title='bbox 1121 4645 1240 4710; x_wconf 87' lang='lat' dir='ltr'><strong>expers</strong></span> <span class='ocrx_word' id='word_1_387' title='bbox 1264 4632 1315 4690; x_wconf 91' lang='lat' dir='ltr'><strong>est</strong></span> <span class='ocrx_word' id='word_1_388' title='bbox 1338 4624 1559 4689; x_wconf 89' lang='lat' dir='ltr'><strong>continentiae</strong></span> <span class='ocrx_word' id='word_1_389' title='bbox 1583 4623 1731 4688; x_wconf 89' lang='lat' dir='ltr'><strong>hilaritas</strong></span> <span class='ocrx_word' id='word_1_390' title='bbox 1761 4629 1794 4687; x_wconf 90' lang='lat' dir='ltr'><strong>et</strong></span> <span class='ocrx_word' id='word_1_391' title='bbox 1821 4623 1853 4687; x_wconf 92' lang='lat' dir='ltr'><strong>in</strong></span> <span class='ocrx_word' id='word_1_392' title='bbox 1878 4645 1992 4689; x_wconf 86' lang='lat' dir='ltr'><strong>vocem</strong></span> 
     </span>
     <span class='ocr_line' id='line_1_39' title="bbox 339 4724 1993 4814; baseline 0.001 -26"><span class='ocrx_word' id='word_1_393' title='bbox 339 4726 439 4810; x_wconf 89' lang='lat' dir='ltr'><strong>gestit</strong></span> <span class='ocrx_word' id='word_1_394' title='bbox 462 4745 646 4810; x_wconf 89' lang='lat' dir='ltr'><strong>erumpere.</strong></span> <span class='ocrx_word' id='word_1_395' title='bbox 686 4724 774 4788; x_wconf 90' lang='lat' dir='ltr'><strong>vcnit</strong></span> <span class='ocrx_word' id='word_1_396' title='bbox 797 4732 929 4810; x_wconf 88' lang='lat' dir='ltr'><strong>optatus</strong></span> <span class='ocrx_word' id='word_1_397' title='bbox 948 4726 1120 4794; x_wconf 90' lang='lat' dir='ltr'><strong>desideriis</strong></span> <span class='ocrx_word' id='word_1_398' title='bbox 1143 4728 1214 4794; x_wconf 89' lang='lat' dir='ltr'><strong>dies</strong></span> <span class='ocrx_word' id='word_1_399' title='bbox 1238 4736 1270 4793; x_wconf 93' lang='lat' dir='ltr'><strong>et</strong></span> <span class='ocrx_word' id='word_1_400' title='bbox 1292 4730 1359 4810; x_wconf 92' lang='lat' dir='ltr'><strong>ille,</strong></span> <span class='ocrx_word' id='word_1_401' title='bbox 1384 4750 1481 4814; x_wconf 93' lang='lat' dir='ltr'><strong>quem</strong></span> <span class='ocrx_word' id='word_1_402' title='bbox 1504 4748 1681 4813; x_wconf 91' lang='lat' dir='ltr'><strong>numquam</strong></span> <span class='ocrx_word' id='word_1_403' title='bbox 1704 4726 1745 4791; x_wconf 90' lang='lat' dir='ltr'><strong>dc</strong></span> <span class='ocrx_word' id='word_1_404' title='bbox 1769 4728 1894 4792; x_wconf 88' lang='lat' dir='ltr'><strong>meritis</strong></span> <span class='ocrx_word' id='word_1_405' title='bbox 1910 4729 1993 4792; x_wconf 90' lang='lat' dir='ltr'><strong>meis</strong></span> 
     </span>
    </p>
   </div>
   <div class='ocr_carea' id='block_1_7' title="bbox 338 4930 1995 5175">
    <p class='ocr_par' dir='ltr' id='par_1_14' title="bbox 338 4930 1995 5175">
     <span class='ocr_line' id='line_1_40' title="bbox 440 4930 1995 5004; baseline 0.002 -19"><span class='ocrx_word' id='word_1_406' title='bbox 440 4933 457 4985; x_wconf 89' lang='lat'><strong>3</strong></span> <span class='ocrx_word' id='word_1_407' title='bbox 474 4935 614 4986; x_wconf 85' lang='lat' dir='ltr'><strong>discribens</strong></span> <span class='ocrx_word' id='word_1_408' title='bbox 627 4932 703 4983; x_wconf 82' lang='lat' dir='ltr'><strong>BVL</strong></span> <span class='ocrx_word' id='word_1_409' title='bbox 796 4930 814 4982; x_wconf 83' lang='grc'>4</span> <span class='ocrx_word' id='word_1_410' title='bbox 832 4935 885 5000; x_wconf 88' lang='lat' dir='ltr'><strong>igni</strong></span> <span class='ocrx_word' id='word_1_411' title='bbox 901 4933 975 4985; x_wconf 83' lang='lat' dir='ltr'><strong>VLT</strong></span> <span class='ocrx_word' id='word_1_412' title='bbox 1066 4935 1083 4987; x_wconf 80' lang='lat'><strong>5</strong></span> <span class='ocrx_word' id='word_1_413' title='bbox 1100 4933 1182 5003; x_wconf 86' lang='lat' dir='ltr'><strong>qussi]</strong></span> <span class='ocrx_word' id='word_1_414' title='bbox 1201 4953 1265 5002; x_wconf 85' lang='lat' dir='ltr'><strong>quas</strong></span> <span class='ocrx_word' id='word_1_415' title='bbox 1277 4936 1310 5001; x_wconf 85' lang='grc' dir='ltr'><strong>Β,</strong></span> <span class='ocrx_word' id='word_1_416' title='bbox 1327 4938 1402 5004; x_wconf 84' lang='lat' dir='ltr'><strong>quasi</strong></span> <span class='ocrx_word' id='word_1_417' title='bbox 1413 4939 1434 4989; x_wconf 91' lang='lat' dir='ltr'><strong>si</strong></span> <span class='ocrx_word' id='word_1_418' title='bbox 1446 4937 1543 4988; x_wconf 82' lang='lat' dir='ltr'><strong>Hartel</strong></span> <span class='ocrx_word' id='word_1_419' title='bbox 1634 4932 1649 4985; x_wconf 82' lang='grc'><strong>7</strong></span> <span class='ocrx_word' id='word_1_420' title='bbox 1668 4935 1758 4986; x_wconf 80' lang='lat' dir='ltr'><strong>taciem</strong></span> <span class='ocrx_word' id='word_1_421' title='bbox 1770 4933 1803 4999; x_wconf 90' lang='lat' dir='ltr'><strong>B,</strong></span> <span class='ocrx_word' id='word_1_422' title='bbox 1821 4937 1901 4986; x_wconf 80' lang='lat' dir='ltr'><strong>lacem</strong></span> <span class='ocrx_word' id='word_1_423' title='bbox 1918 4935 1995 4988; x_wconf 77' lang='lat' dir='ltr'><strong>ceteri</strong></span> 
     </span>
     <span class='ocr_line' id='line_1_41' title="bbox 338 5017 1995 5091; baseline 0.001 -21"><span class='ocrx_word' id='word_1_424' title='bbox 338 5020 355 5070; x_wconf 80' lang='grc'>8</span> <span class='ocrx_word' id='word_1_425' title='bbox 373 5021 500 5088; x_wconf 89' lang='lat' dir='ltr'><strong>puriorem</strong></span> <span class='ocrx_word' id='word_1_426' title='bbox 513 5020 538 5070; x_wconf 88' lang='lat' dir='ltr'><em>B</em></span> <span class='ocrx_word' id='word_1_427' title='bbox 676 5017 693 5070; x_wconf 86' lang='grc'>9</span> <span class='ocrx_word' id='word_1_428' title='bbox 711 5020 863 5071; x_wconf 77' lang='lat' dir='ltr'><strong>motationes</strong></span> <span class='ocrx_word' id='word_1_429' title='bbox 875 5021 901 5072; x_wconf 86' lang='lat' dir='ltr'><em>B</em></span> <span class='ocrx_word' id='word_1_430' title='bbox 1037 5021 1072 5074; x_wconf 86' lang='lat'><strong>10</strong></span> <span class='ocrx_word' id='word_1_431' title='bbox 1089 5031 1234 5091; x_wconf 67' lang='lat' dir='ltr'><strong>concurrum</strong></span> <span class='ocrx_word' id='word_1_432' title='bbox 1252 5024 1281 5074; x_wconf 82' lang='lat' dir='ltr'><strong>in</strong></span> <span class='ocrx_word' id='word_1_433' title='bbox 1297 5023 1333 5074; x_wconf 79' lang='lat' dir='ltr'><strong>lit.</strong></span> <span class='ocrx_word' id='word_1_434' title='bbox 1347 5023 1373 5073; x_wconf 89' lang='lat' dir='ltr'><em>B</em></span> <span class='ocrx_word' id='word_1_435' title='bbox 1512 5020 1543 5072; x_wconf 91' lang='lat' dir='ltr'><strong>ll</strong></span> <span class='ocrx_word' id='word_1_436' title='bbox 1566 5022 1647 5073; x_wconf 84' lang='lat' dir='ltr'><strong>insola</strong></span> <span class='ocrx_word' id='word_1_437' title='bbox 1664 5020 1691 5071; x_wconf 91' lang='lat' dir='ltr'><em>B</em></span> <span class='ocrx_word' id='word_1_438' title='bbox 1794 5022 1950 5073; x_wconf 81' lang='lat' dir='ltr'><strong>humilitates</strong></span> <span class='ocrx_word' id='word_1_439' title='bbox 1968 5021 1995 5071; x_wconf 87' lang='lat' dir='ltr'><em>B</em></span> 
     </span>
     <span class='ocr_line' id='line_1_42' title="bbox 340 5104 1994 5175; baseline 0.001 -19"><span class='ocrx_word' id='word_1_440' title='bbox 340 5104 372 5156; x_wconf 86' lang='lat'><strong>13</strong></span> <span class='ocrx_word' id='word_1_441' title='bbox 389 5106 539 5157; x_wconf 81' lang='lat' dir='ltr'><strong>crhistendo</strong></span> <span class='ocrx_word' id='word_1_442' title='bbox 552 5105 577 5156; x_wconf 87' lang='lat' dir='ltr'><em>B</em></span> <span class='ocrx_word' id='word_1_443' title='bbox 614 5149 616 5152; x_wconf 96' lang='lat'><strong>.</strong></span> <span class='ocrx_word' id='word_1_444' title='bbox 638 5113 720 5156; x_wconf 89' lang='lat' dir='ltr'><strong>totum</strong></span> <span class='ocrx_word' id='word_1_445' title='bbox 732 5104 757 5154; x_wconf 92' lang='grc' dir='ltr'><em>Β</em></span> <span class='ocrx_word' id='word_1_446' title='bbox 857 5104 890 5156; x_wconf 79' lang='grc'><strong>15</strong></span> <span class='ocrx_word' id='word_1_447' title='bbox 907 5107 1012 5174; x_wconf 86' lang='lat' dir='ltr'><strong>colliget</strong></span> <span class='ocrx_word' id='word_1_448' title='bbox 1023 5107 1048 5157; x_wconf 89' lang='lat' dir='ltr'><em>B</em></span> <span class='ocrx_word' id='word_1_449' title='bbox 1109 5109 1220 5175; x_wconf 86' lang='lat' dir='ltr'><strong>depones</strong></span> <span class='ocrx_word' id='word_1_450' title='bbox 1237 5126 1293 5175; x_wconf 79' lang='lat' dir='ltr'><strong>sup.</strong></span> <span class='ocrx_word' id='word_1_451' title='bbox 1306 5110 1351 5160; x_wconf 82' lang='lat' dir='ltr'><strong>lin.</strong></span> <span class='ocrx_word' id='word_1_452' title='bbox 1367 5126 1384 5160; x_wconf 93' lang='lat' dir='ltr'><strong>n</strong></span> <span class='ocrx_word' id='word_1_453' title='bbox 1396 5109 1421 5160; x_wconf 95' lang='grc' dir='ltr'><em>Β</em></span> <span class='ocrx_word' id='word_1_454' title='bbox 1520 5106 1554 5159; x_wconf 86' lang='grc'><strong>16</strong></span> <span class='ocrx_word' id='word_1_455' title='bbox 1570 5108 1671 5160; x_wconf 79' lang='lat' dir='ltr'><strong>astndis</strong></span> <span class='ocrx_word' id='word_1_456' title='bbox 1683 5105 1709 5157; x_wconf 98' lang='grc' dir='ltr'><em>Β</em></span> <span class='ocrx_word' id='word_1_457' title='bbox 1806 5104 1842 5157; x_wconf 72' lang='lat'><strong>90</strong></span> <span class='ocrx_word' id='word_1_458' title='bbox 1858 5107 1940 5158; x_wconf 86' lang='lat' dir='ltr'><strong>siluae</strong></span> <span class='ocrx_word' id='word_1_459' title='bbox 1951 5105 1978 5156; x_wconf 93' lang='grc' dir='ltr'><em>Β</em></span> <span class='ocrx_word' id='word_1_460' title='bbox 1983 5104 1994 5143; x_wconf 88' lang='lat'><em>¹</em></span> 
     </span>
    </p>
   </div>
   <div class='ocr_carea' id='block_1_8' title="bbox 337 5188 1993 5342">
    <p class='ocr_par' dir='ltr' id='par_1_15' title="bbox 337 5188 1993 5342">
     <span class='ocr_line' id='line_1_43' title="bbox 338 5188 1993 5262; baseline 0.001 -22"><span class='ocrx_word' id='word_1_461' title='bbox 338 5190 368 5240; x_wconf 77' lang='lat'><strong>21</strong></span> <span class='ocrx_word' id='word_1_462' title='bbox 394 5192 468 5257; x_wconf 86' lang='lat' dir='ltr'><strong>attigi</strong></span> <span class='ocrx_word' id='word_1_463' title='bbox 489 5191 513 5239; x_wconf 86' lang='lat' dir='ltr'><em>V</em></span> <span class='ocrx_word' id='word_1_464' title='bbox 646 5188 680 5240; x_wconf 74' lang='lat'><strong>24</strong></span> <span class='ocrx_word' id='word_1_465' title='bbox 704 5190 806 5256; x_wconf 84' lang='lat' dir='ltr'><strong>explica</strong></span> <span class='ocrx_word' id='word_1_466' title='bbox 827 5206 882 5256; x_wconf 79' lang='lat' dir='ltr'><strong>sup.</strong></span> <span class='ocrx_word' id='word_1_467' title='bbox 903 5192 948 5243; x_wconf 81' lang='lat' dir='ltr'><strong>lin.</strong></span> <span class='ocrx_word' id='word_1_468' title='bbox 973 5193 1025 5244; x_wconf 86' lang='lat' dir='ltr'><strong>nda</strong></span> <span class='ocrx_word' id='word_1_469' title='bbox 1041 5210 1074 5244; x_wconf 88' lang='lat' dir='ltr'><strong>m.</strong></span> <span class='ocrx_word' id='word_1_470' title='bbox 1087 5199 1100 5244; x_wconf 88' lang='lat'><em>1</em></span> <span class='ocrx_word' id='word_1_471' title='bbox 1113 5193 1139 5244; x_wconf 86' lang='lat' dir='ltr'><em>B</em></span> <span class='ocrx_word' id='word_1_472' title='bbox 1241 5195 1344 5247; x_wconf 85' lang='lat' dir='ltr'><strong>accessi.</strong></span> <span class='ocrx_word' id='word_1_473' title='bbox 1368 5195 1474 5262; x_wconf 84' lang='lat' dir='ltr'><strong>explicit</strong></span> <span class='ocrx_word' id='word_1_474' title='bbox 1502 5194 1555 5244; x_wconf 81' lang='lat' dir='ltr'><strong>uita</strong></span> <span class='ocrx_word' id='word_1_475' title='bbox 1578 5194 1646 5246; x_wconf 87' lang='lat' dir='ltr'><strong>beati</strong></span> <span class='ocrx_word' id='word_1_476' title='bbox 1664 5195 1751 5245; x_wconf 87' lang='lat' dir='ltr'><strong>antoni</strong></span> <span class='ocrx_word' id='word_1_477' title='bbox 1777 5193 1885 5254; x_wconf 86' lang='lat' dir='ltr'><strong>(antonii</strong></span> <span class='ocrx_word' id='word_1_478' title='bbox 1907 5192 1993 5259; x_wconf 72' lang='lat' dir='ltr'><strong>Ver)</strong></span> 
     </span>
     <span class='ocr_line' id='line_1_44' title="bbox 337 5274 883 5342; baseline -0.002 -16"><span class='ocrx_word' id='word_1_479' title='bbox 337 5277 445 5328; x_wconf 82' lang='lat' dir='ltr'><strong>feliciter</strong></span> <span class='ocrx_word' id='word_1_480' title='bbox 463 5276 557 5342; x_wconf 82' lang='lat' dir='ltr'><strong>(taliter</strong></span> <span class='ocrx_word' id='word_1_481' title='bbox 570 5275 602 5340; x_wconf 90' lang='lat' dir='ltr'><strong>B,</strong></span> <span class='ocrx_word' id='word_1_482' title='bbox 622 5276 698 5331; x_wconf 58' lang='lat' dir='ltr'><strong>sele*</strong></span> <span class='ocrx_word' id='word_1_483' title='bbox 707 5274 762 5338; x_wconf 86' lang='lat' dir='ltr'><strong>VL)</strong></span> <span class='ocrx_word' id='word_1_484' title='bbox 776 5274 883 5325; x_wconf 82' lang='lat' dir='ltr'><em>BVLT</em></span> 
     </span>
    </p>
   </div>
   <div class='ocr_carea' id='block_1_9' title="bbox 337 5377 1995 5639">
    <p class='ocr_par' dir='ltr' id='par_1_16' title="bbox 337 5377 1995 5639">
     <span class='ocr_line' id='line_1_45' title="bbox 441 5377 1995 5450; baseline -0.001 -17"><span class='ocrx_word' id='word_1_485' title='bbox 441 5378 564 5448; x_wconf 73' lang='lat' dir='ltr'><strong>[dextr]</strong></span> <span class='ocrx_word' id='word_1_486' title='bbox 600 5378 634 5431; x_wconf 78' lang='lat'><strong>26</strong></span> <span class='ocrx_word' id='word_1_487' title='bbox 656 5380 745 5432; x_wconf 88' lang='lat' dir='ltr'><strong>uotiua</strong></span> <span class='ocrx_word' id='word_1_488' title='bbox 762 5379 787 5429; x_wconf 90' lang='grc' dir='ltr'><em>Β</em></span> <span class='ocrx_word' id='word_1_489' title='bbox 924 5378 958 5432; x_wconf 75' lang='grc' dir='ltr'><strong>2ἵ</strong></span> <span class='ocrx_word' id='word_1_490' title='bbox 981 5383 1111 5449; x_wconf 89' lang='lat' dir='ltr'><strong>optinetur</strong></span> <span class='ocrx_word' id='word_1_491' title='bbox 1126 5382 1171 5434; x_wconf 77' lang='lat' dir='ltr'><strong>Vh</strong></span> <span class='ocrx_word' id='word_1_492' title='bbox 1308 5381 1343 5436; x_wconf 78' lang='lat'><strong>28</strong></span> <span class='ocrx_word' id='word_1_493' title='bbox 1365 5383 1482 5450; x_wconf 87' lang='lat' dir='ltr'><strong>genitum</strong></span> <span class='ocrx_word' id='word_1_494' title='bbox 1498 5380 1525 5431; x_wconf 93' lang='grc' dir='ltr'><em>Β</em></span> <span class='ocrx_word' id='word_1_495' title='bbox 1627 5377 1809 5446; x_wconf 81' lang='lat' dir='ltr'><strong>misericordia]</strong></span> <span class='ocrx_word' id='word_1_496' title='bbox 1833 5381 1917 5446; x_wconf 75' lang='lat' dir='ltr'><strong>gretie</strong></span> <span class='ocrx_word' id='word_1_497' title='bbox 1934 5379 1995 5431; x_wconf 75' lang='lat' dir='ltr'><strong>ort</strong></span> 
     </span>
     <span class='ocr_line' id='line_1_46' title="bbox 337 5465 576 5520; baseline 0.004 -4"><span class='ocrx_word' id='word_1_498' title='bbox 337 5465 372 5518; x_wconf 81' lang='lat'><strong>29</strong></span> <span class='ocrx_word' id='word_1_499' title='bbox 389 5469 538 5520; x_wconf 82' lang='lat' dir='ltr'><strong>deffundore</strong></span> <span class='ocrx_word' id='word_1_500' title='bbox 551 5467 576 5517; x_wconf 85' lang='grc' dir='ltr'><em>Β</em></span> 
     </span>
     <span class='ocr_line' id='line_1_47' title="bbox 441 5568 1733 5639; baseline -0.001 -17"><span class='ocrx_word' id='word_1_501' title='bbox 441 5570 578 5639; x_wconf 72' lang='lat' dir='ltr'><strong>[coxan]</strong></span> <span class='ocrx_word' id='word_1_502' title='bbox 613 5570 648 5624; x_wconf 82' lang='lat'><strong>34</strong></span> <span class='ocrx_word' id='word_1_503' title='bbox 666 5573 805 5624; x_wconf 79' lang='lat' dir='ltr'><strong>Pentronio</strong></span> <span class='ocrx_word' id='word_1_504' title='bbox 818 5569 897 5621; x_wconf 69' lang='lat' dir='ltr'><strong>sirm.</strong></span> <span class='ocrx_word' id='word_1_505' title='bbox 1000 5568 1036 5621; x_wconf 78' lang='grc'><strong>35</strong></span> <span class='ocrx_word' id='word_1_506' title='bbox 1051 5571 1204 5637; x_wconf 84' lang='lat' dir='ltr'><strong>gaudiorum</strong></span> <span class='ocrx_word' id='word_1_507' title='bbox 1221 5573 1327 5639; x_wconf 80' lang='lat' dir='ltr'><strong>imperia</strong></span> <span class='ocrx_word' id='word_1_508' title='bbox 1342 5570 1460 5623; x_wconf 76' lang='lat' dir='ltr'><em>VLTOP</em></span> <span class='ocrx_word' id='word_1_509' title='bbox 1560 5570 1596 5623; x_wconf 77' lang='grc'><strong>36</strong></span> <span class='ocrx_word' id='word_1_510' title='bbox 1612 5579 1697 5638; x_wconf 80' lang='lat' dir='ltr'><strong>gestet</strong></span> <span class='ocrx_word' id='word_1_511' title='bbox 1707 5571 1733 5621; x_wconf 87' lang='lat' dir='ltr'><em>B</em></span> 
     </span>
    </p>
   </div>
   <div class='ocr_carea' id='block_1_10' title="bbox 0 0 2254 6231">
    <p class='ocr_par' dir='ltr' id='par_1_17' title="bbox 0 0 2254 6231">
     <span class='ocr_line' id='line_1_48' title="bbox 0 0 2254 6231; baseline 0 0"><span class='ocrx_word' id='word_1_512' title='bbox 0 0 2254 6231; x_wconf 95' lang='lat' dir='ltr'><strong> </strong></span> 
     </span>
    </p>
   </div>
  </div>
 </body>
</html>
