4500 6232
468 266 562 322 XVIII
986 264 1005 318 Ι.
1033 264 1078 317 DE
1098 264 1184 318 VITA
1204 263 1251 318 ET
1271 263 1432 319 St'ItII‘TIS
1451 263 1601 319 aunum.

467 449 620 527 carperet,
648 439 776 525 propria
805 461 899 502 carisa
931 438 1064 502 fortasse
1095 446 1255 524 permotus
1288 446 1367 501 erat:
1398 459 1587 522 quamquam
1620 437 1736 501 srrffieit
1767 435 1807 499 ad
1841 433 1873 498 id
1905 433 2123 521 explimndum

466 545 626 624 simultas,
648 566 727 629 quae
749 541 822 607 duci
845 542 1112 628 Ostrogothornm
1135 564 1153 605 a
1176 541 1330 628 principio
1353 562 1422 604 erun
1446 540 1630 626 Imperatore
1652 539 1793 604 orientali
1815 538 1916 603 lirerat
1937 561 1974 603 ae
1995 560 2034 601 ne
2057 547 2124 602 tum

466 647 593 736 quidem
615 646 759 734 deposita
786 655 846 724 est,
875 654 1042 732 postquam
1072 646 1260 710 Anastasius
1290 645 1458 730 imperator
1485 648 1635 730 (excerpt.
1661 643 1768 709 Vales.
1788 646 1844 719 64)
1874 642 1955 707 facta
1983 665 2060 730 paee
2084 640 2125 707 de

467 751 720 841 praesumptione
742 750 828 836 regni
851 771 933 814 anne
955 752 1019 817 498
1047 750 1152 816 00010
1178 757 1373 826 ornamenta,
1401 770 1480 833 quae
1503 746 1672 812 Odoachar
1694 745 2000 834 Constantinopolim
2025 756 2125 811 trans·

467 857 608 934 miserat,
641 854 681 919 ad
715 852 941 918 Theodericum
976 854 1103 919 remisit.
1152 851 1185 917 id
1218 851 1355 917 declarat
1387 849 1552 915 Ennodias
1586 859 1690 937 aperte
1723 851 1773 915 his
1807 850 1911 915 verbis
1944 853 2032 930 (205,
2050 853 2124 929 2311

466 984 602 1048 ,oppono
624 959 796 1047 prinoipem
819 980 922 1022 meum
945 956 1202 1038 (Theodericum)
1225 957 1270 1021 ita
1291 978 1394 1042 agere,
1421 954 1511 1041 quasi
1533 955 1613 1018 iuter
1635 955 1836 1040 imperatores
1859 952 1961 1018 adhuc
1983 965 2126 1040 precetur

467 1063 613 1149 adiungi‘.
662 1072 755 1149 atque
782 1062 876 1127 etiam
906 1063 1043 1148 apertius
1067 1063 1128 1139 ira,
1158 1059 1241 1147 quod
1269 1060 1458 1124 Arrastasius
1480 1056 1600 1123 tamdiu
1623 1056 1815 1123 Theoderico
1841 1058 1976 1144 insigna
2003 1059 2123 1145 imperii

468 1177 648 1253 negaverat,
676 1166 861 1254 exprimitur
888 1164 938 1229 his
966 1172 1012 1252 (p.
1027 1167 1099 1245 214,
1113 1169 1164 1244 4):
1193 1172 1326 1250 ,sceptra
1354 1163 1410 1248 tibi
1438 1162 1616 1226 conciliavit
1645 1160 1793 1247 splendor
1813 1162 1950 1247 generis,
1979 1164 2069 1227 cuius
2095 1164 2122 1228 si

467 1271 612 1337 deessent
638 1271 786 1357 insignia,
816 1269 887 1355 eligi
915 1279 946 1334 10
968 1271 999 1333 10
1022 1270 1193 1356 principem
1222 1291 1308 1333 mens
1330 1269 1471 1333 fecisset‘.
1520 1290 1593 1353 ergo
1615 1265 1817 1346 Theoderico,
1840 1266 1889 1330 cui
1912 1288 1970 1351 pro
1992 1266 2124 1353 sceptris

467 1387 500 1441 et
521 1376 696 1462 insignibus
720 1374 868 1463 splendor
888 1375 1009 1460 generis
1032 1384 1094 1454 est,
1122 1373 1266 1461 praeibas
1289 1397 1350 1437 non
1375 1396 1454 1459 opus
1477 1373 1549 1452 11111,
1578 1384 1613 1437 at
1634 1372 1674 1437 ab
1696 1372 1868 1437 Anastamio
1890 1380 2124 1457 Quesceretum

467 1480 553 1568 quod
575 1481 718 1566 pluribus
741 1479 845 1544 verbis
867 1488 1033 1544 exsecutus
1056 1480 1102 1543 sie
1125 1479 1340 1564 complectitur
1368 1483 1408 1564 (p.
1423 1481 1496 1556 214,
1511 1481 1576 1553 1411
1606 1476 1700 1563 ,quod
1722 1485 1820 1562 agunt
1841 1477 1873 1541 in
1895 1476 1966 1541 aliis
1989 1472 2124 1541 dominis

468 1585 653 1664 diademata,
675 1584 735 1649 hoc
758 1584 789 1648 111
812 1606 883 1668 rege
905 1605 974 1646 mee
996 1593 1124 1669 operata
1145 1592 1192 1647 est
1214 1581 1273 1647 dee
1295 1582 1465 1647 lubricante
1488 1586 1615 1646 natura‘.
1659 1579 1700 1647 ad
1722 1604 1890 1646 summam:
1913 1579 2125 1646 Theoderims

467 1712 521 1754 rex
545 1698 594 1753 est
615 1711 676 1753 11011
702 1687 866 1764 Anastasi,
887 1684 943 1750 sed
966 1684 1016 1749 dei
1038 1687 1147 1771 gratia.

574 1895 768 1980 Panegyrico
791 1902 822 1957 ct
843 1893 950 1958 libello
973 1917 1030 1980 pro
1052 1893 1188 1979 synodo,
1211 1904 1361 1979 ‹prmrtum
1384 1893 1415 1957 in
1438 1917 1502 1958 rem
1525 1917 1593 1957 esse
1616 1892 1792 1972 videbatur,
1820 1893 2005 1958 examinatis
2028 1915 2123 1956 unum

468 2011 564 2065 restat
585 2022 624 2064 cx
648 1998 709 2063 illia
738 1997 838 2062 tribus
868 1997 1029 2083 opusculis
1052 1997 1272 2083 amplioribus:
1304 1998 1369 2062 vita
1391 1996 1550 2084 Epiphani
1573 1996 1748 2061 Tieinensis
1770 1997 1925 2082 episcopi,
1952 1997 2123 2061 maximum

467 2111 499 2166 et
520 2102 683 2189 optimum,
707 2111 739 2165 ut
761 2100 879 2165 iudicat
901 2099 1096 2179 Sinnondus,
1119 2099 1245 2166 Ennodi
1269 2124 1358 2186 opus,
1380 2101 1499 2165 varium
1523 2124 1559 2164 ac
1574 2100 1779 2186 multiplicem
1801 2100 1926 2164 illorum
1949 2109 2124 2188 temponrnr

468 2205 630 2271 historiam
653 2205 859 2290 complexum.
904 2228 941 2268 ac
963 2205 1103 2290 profecto
1126 2205 1157 2268 in
1181 2214 1267 2269 tanta
1289 2228 1390 2269 rerum
1413 2204 1537 2270 saeculo
1557 2206 1667 2291 (priato
1682 2213 1839 2290 gestarum
1863 2205 2053 2270 obscuritate
2075 2205 2124 2269 vel

467 2304 632 2387 σκοτεινὸς
648 2306 813 2373 Ennodias
837 2317 871 2370 ut
891 2307 923 2371 in
946 2307 1050 2372 densis
1066 2308 1201 2373 tenebris
1218 2308 1390 2394 crdiginosa
1411 2310 1501 2373 stella
1522 2307 1672 2394 splendet.
1709 2317 1858 2393 qnantum
1874 2307 1950 2371 haec
1965 2308 2124 2395 Epiphani

468 2413 534 2477 vita
557 2411 598 2476 ad
620 2411 784 2476 historiam
807 2410 892 2475 illius
916 2411 1031 2475 saeculi
1053 2411 1302 2496 cognoscendam
1316 2413 1466 2498 proficiat,
1488 2412 1539 2476 hie
1560 2435 1714 2497 exponere
1736 2434 1835 2496 neque
1858 2411 2003 2476 volamus
2025 2434 2126 2496 neque

468 2538 650 2602 pessumum
679 2513 735 2580 sed
764 2523 903 2578 nostrum
936 2515 995 2578 erit
1017 2515 1177 2602 paulisper
1203 2515 1372 2601 inquirere,
1401 2538 1464 2601 quo
1486 2526 1624 2602 ternpore
1647 2515 1687 2579 ab
1709 2513 1856 2579 Ennedio
1879 2516 2051 2602 composita
2074 2516 2125 2579 sit.

467 2645 504 2685 ac
531 2619 699 2685 tenendum
728 2626 777 2682 est
802 2616 1017 2704 Epiphaniam
1045 2619 1226 2705 episcopum
1254 2622 1422 2688 annolus
1453 2620 1575 2685 ineunte
1603 2628 1760 2684 mortuum
1788 2643 1871 2699 esse,
1899 2629 1933 2684 ut
1962 2618 2126 2683 101111110-

466 2725 558 2811 'nysio
580 2723 713 2788 I'etavio
735 2731 863 2787 auctore
884 2720 1101 2786 Bullandistae
1123 2734 1396 2809 computaverrmt,
1423 2746 1493 2788 curn
1516 2724 1642 2810 plurimi
1665 2722 1866 2788 Sirmondum
1890 2723 1985 2788 seerrti
2009 2744 2125 2787 11111100

468 2831 530 2895 497
555 2827 605 2892 vel
628 2849 699 2890 eum
723 2824 859 2912 Ughello
883 2829 946 2894 498
969 2835 1116 2891 statuant.
1159 2828 1294 2913 epistula
1315 2829 1397 2893 euim
1420 2827 1530 2893 Gelasi
1552 2852 1652 2915 papae
1674 2828 1766 2894 VIII
1789 2828 1862 2892 Kal.
1885 2828 1977 2892 Febr.
1999 2828 2126 2892 Asterie

467 2943 498 2996 et
521 2929 684 2995 Praesidio
707 2930 889 2995 consulibus
913 2931 932 2995 i.
947 2955 973 2994 e.
996 2932 1060 2997 494
1082 2929 1157 2996 data
1178 2941 1209 2996 et
1231 2930 1357 2997 Ennodi
1381 2932 1494 3011 verbis,
1517 2955 1596 3018 quae
1618 2933 1762 3017 leguntur
1784 2957 1814 3018 p.
1831 2936 1902 3010 162,
1917 2935 1969 3010 29,
1992 2933 2072 2995 111101
2092 2954 2126 2996 se

467 3035 655 3120 comparatis
679 3043 801 3099 coastat
822 3033 1037 3120 Epiphaniam
1060 3056 1165 3098 mense
1187 3033 1305 3099 Martio
1328 3036 1479 3101 00111494
1502 3034 1579 3099 illud
1603 3037 1713 3099 1101111
1736 3034 1873 3100 Galliam
1896 3035 2020 3113 licisse,
2043 3033 2127 3098 unde

467 3138 556 3203 tertio
583 3160 689 3203 nranse
710 3141 720 3214 t
727 3161 756 3224 p.
775 3141 845 3216 196,
855 3140 912 3215 27)
934 3137 953 3200 1.
969 3160 994 3200 0.
1016 3136 1105 3201 Maio
1128 3137 1177 3202 vel
1200 3138 1294 3202 Iunio
1322 3139 1455 3203 revertit.
1499 3149 1565 3203 tum
1594 3139 1725 3204 tradidit
1745 3137 1910 3202 Ennodias
1938 3146 2010 3224 post
2031 3136 2125 3201 huius

468 3241 586 3306 itineris
621 3241 743 3306 labores
773 3239 916 3320 ,necdum
943 3240 1069 3305 biennio
1095 3247 1214 3306 0110010ί
1237 3248 1277 3328 (p.
1295 3245 1366 3320 107,
1379 3244 1429 3320 13)
1457 3242 1671 3329 Epiphaniam
1701 3243 1801 3307 hieme
1829 3243 1906 3319 (scil.
1933 3240 2126 3321 495161110-

468 3369 601 3410 vennam
624 3345 797 3432 profectum
825 3366 901 3409 esse.
945 3368 1009 3430 <quo
1037 3368 1075 3409 ex
1104 3346 1213 3410 itinere
1243 3368 1333 3431 aeger
1361 3345 1506 3410 Ticinum
1535 3369 1677 3410 reversus
1700 3347 1833 3432 septime
1863 3345 1913 3409 die
1935 3352 1975 3432 (p.
1993 3347 2064 3424 108,
2072 3348 2125 3424 28)

467 3460 609 3515 rrrortuus
640 3458 697 3514 est.
747 3471 841 3535 porro
873 3471 944 3512 curn
977 3449 1009 3512 in
1039 3450 1261 3535 nrartyrologio
1290 3450 1433 3515 Romano
1461 3451 1534 3514 XII
1564 3450 1639 3514 Kal.
1666 3449 1757 3514 Febr.
1785 3449 1943 3536 Epiphani
1977 3449 2126 3513 memoria

470 3553 648 3633 celebretur,
669 3575 739 3618 eum
756 3551 807 3617 die
830 3555 881 3618 21.
896 3553 1013 3617 mensis
1029 3553 1156 3618 Ianuari
1172 3556 1236 3621 496
1259 3553 1429 3619 decessisse
1445 3564 1561 3618 eertum
1578 3563 1634 3618 est.
1668 3562 1807 3618 mortuas
1823 3563 1924 3617 autern
1940 3562 1989 3616 est
2003 3551 2126 3618 LVIII

469 3658 581 3723 aetatis
604 3679 719 3721 annum
742 3678 847 3742 agens,
877 3665 1044 3742 postquam
1073 3657 1203 3743 triginta
1230 3679 1328 3722 annes
1356 3659 1523 3746 episeopus
1545 3658 1613 3721 11111
1653 3657 1740 3743 atqui
1768 3680 1838 3721 cum
1861 3657 2043 3742 Crispinus,
2071 3655 2146 3748 4¹¹³,

468 3770 539 3825 ante
561 3760 775 3848 Epiphaniam
798 3760 945 3824 ecelesiae
964 3760 1122 3825 Tieinensi
1145 3760 1329 3847 praefuerat,
1354 3765 1403 3828 13.
1417 3761 1477 3825 Iul.
1500 3785 1517 3825 e
1541 3761 1606 3825 vita
1620 3761 1787 3825 excesserit
1808 3772 1838 3825 et
1861 3761 1901 3825 ab
1923 3759 2070 3824 Ennodio
2092 3759 2126 3822 in

469 3864 628 3952 Epiphani
660 3864 847 3928 tricesimum
878 3863 1042 3928 sacerdotii
1070 3887 1184 3929 annun}
1208 3871 1248 3951 tp.
1264 3867 1392 3944 49211),
1425 3888 1495 3930 cum
1524 3865 1576 3929 ille
1603 3866 1762 3929 etiamtum
1791 3865 1969 3951 incorrupta
1995 3863 2127 3928 sanitate

469 3978 559 4047 esset,
582 3966 680 4032 dictio
694 3967 803 4031 habita
816 3966 868 4046 sit,
882 3965 1041 4052 Epiphani
1058 3969 1257 4055 episcopatus
1273 3967 1384 4033 incidit
1405 3971 1437 4033 in
1460 3991 1558 4033 annos
1574 3968 2126 4051 465-49611010οΒ1011.Ρο100100

470 4071 502 4135 111
525 4071 693 4135 rationario
715 4080 889 4156 temporum
912 4070 930 4133 I
952 4094 981 4156 p.
998 4074 1080 4148 375).

573 4173 686 4239 Vitam
714 4172 872 4259 Epiphani
905 4184 1087 4239 nauaturos
1113 4174 1279 4240 Ennodias
1312 4185 1442 4240 testatur
1473 4198 1507 4240 se
1540 4176 1608 4256 ,srrb
1635 4176 1734 4240 oculis
1769 4179 1944 4263 praesentia
1971 4200 2068 4264 qiuane
2095 4186 2126 4241 et

469 4279 600 4344 nimium
619 4285 694 4341 nota
709 4284 958 4341 commemorare
981 4284 1021 4364 (p.
1037 4281 1167 4358 85,17);
1189 4288 1298 4345 0011110
1320 4302 1355 4344 ea
1378 4304 1408 4365 p.
1427 4283 1528 4359 rear
1550 4279 1706 4359 admouet,
1728 4290 1764 4344 ut
1785 4290 1868 4367 ,post
1889 4304 2008 4346 urrunsa
2029 4281 2126 4345 cuni-

469 4381 549 4446 cula‘
571 4391 701 4446 mortem
717 4379 876 4467 Epiphani
900 4379 1011 4445 deflere
1034 4381 1224 4447 desisterent
1258 4405 1338 4468 quae
1353 4383 1449 4447 verba
1471 4405 1658 4469 quumqumn
1676 4383 1755 4447 inter
1776 4406 1810 4447 se
1831 4407 1893 4448 non
1910 4383 2125 4464 adversantur,

470 4497 573 4551 tamen
596 4484 636 4550 ad
658 4493 775 4549 eertum
792 4493 915 4571 tempus
931 4483 1149 4560 definiendum,
1172 4509 1234 4572 qao
1249 4488 1367 4573 scripta
1388 4487 1461 4567 sint,
1482 4510 1544 4551 nou
1561 4495 1635 4550 sunt
1650 4485 1769 4551 idonea.
1803 4486 1915 4573 quodsi
1938 4489 2125 4573 quaerimus,

470 4599 573 4654 utrum
602 4589 704 4653 Ticini
734 4611 773 4652 an
805 4586 978 4654 Mediolani
1006 4599 1215 4655 commoratus
1246 4590 1412 4655 Ennodias
1440 4591 1538 4656 vitam
1567 4590 1724 4676 Epiphani
1754 4591 1927 4678 scripserit,
1955 4591 2045 4678 plura
2067 4614 2125 4678 pru

469 4693 580 4758 Ticino
603 4704 634 4757 et
661 4701 770 4756 contra
792 4690 1008 4757 Mediolanum
1031 4694 1134 4758 afferri
1159 4705 1299 4780 possunt.
1344 4718 1415 4758 nam
1446 4718 1511 4773 res,
1538 4717 1616 4780 quas
1639 4692 1819 4780 descripsit,
1841 4718 1955 4781 magna
1975 4705 2064 4782 parte
2086 4718 2125 4760 ex

468 4797 579 4861 litteris
609 4796 640 4861 111
667 4796 806 4881 episcopi
829 4796 1004 4862 Tieinensis
1035 4799 1190 4863 tabulario
1214 4799 1344 4863 servatis
1373 4799 1516 4863 hausisse
1539 4797 1676 4877 ridetur,
1704 4809 1769 4863 tum
1792 4821 1872 4884 quae
1893 4806 1933 4885 (p.
1949 4804 2000 4879 89,
2011 4804 2063 4878 23)
2086 4799 2126 4865 (10

468 4899 707 4985 metropolitana
729 4899 875 4963 iactantia
897 4901 1039 4980 inseruit,
1061 4902 1110 4967 his
1131 4901 1381 4966 Mediolanenses
1404 4902 1553 4987 petivisse
1575 4901 1801 4966 existimandus
1824 4912 1886 4977 est,
1908 4901 2020 4967 deinde
2041 4904 2127 4968 Lau·

469 5004 601 5069 rentium
629 5003 812 5089 episcopum
840 5002 1109 5069 Mediolanensem
1133 5015 1173 5091 (p.
1189 5010 1241 5086 99,
1251 5009 1302 5073 36.
1329 5008 1443 5084 10021
1472 5014 1536 5069 100
1564 5005 1675 5069 ieiunis
1703 5005 1806 5070 verbis
1829 5016 2065 5086 connumerat,
2093 5018 2126 5072 ut

468 5108 554 5173 nullu
576 5130 609 5171 re
637 5105 790 5171 indicetur
818 5105 999 5172 Errnodium
1027 5118 1094 5172 tum
1122 5110 1183 5173 iam
1213 5110 1358 5173 clericum
1385 5109 1482 5173 firisse
1511 5107 1788 5173 IlIediolanensem.
1833 5110 1887 5173 sed
1916 5121 2021 5176 contra
2049 5111 2126 5176 haee

469 5209 653 5298 proferenda
675 5219 749 5274 sunt
771 5210 848 5287 ulia,
877 5211 991 5295 quibus
1020 5213 1117 5277 vitam
1141 5213 1299 5299 Epiphani
1323 5222 1393 5299 post
1422 5216 1637 5291 0010111499,
1664 5235 1727 5298 quo
1754 5237 1837 5278 anno
1859 5213 2041 5279 Ennodium
2062 5214 2125 5280 10111

468 5314 642 5379 Mediolani
664 5313 762 5378 tirisse
784 5335 880 5399 supra
908 5315 1087 5393 statuimus,
1114 5317 1261 5403 scriptam
1290 5339 1358 5381 0000
1387 5338 1455 5380 000
1478 5313 1603 5401 quidem
1626 5317 1780 5380 sententia
1802 5319 1976 5383 necessario
1998 5317 2127 5384 demon·

468 5426 593 5483 stratur.
638 5414 807 5481 dolendum
830 5427 892 5495 est,
920 5416 1005 5503 quod
1032 5418 1071 5483 de
1094 5421 1157 5485 uita
1188 5419 1236 5484 vel
1267 5431 1367 5485 morte
1395 5418 1579 5484 Honoratae
1605 5427 1636 5481 et
1665 5418 1867 5501 Imminosae,
1896 5445 1974 5507 (luas
2004 5431 2038 5487 ut
2063 5422 2126 5487 iam

469 5531 608 5586 mortuas
624 5519 789 5585 Ennodias
805 5518 922 5602 laudat,
944 5521 1021 5587 nihil
1037 5533 1169 5589 constat.
1199 5524 1293 5588 etiarn
1309 5522 1424 5588 Victor
1438 5522 1605 5611 episcopus
1620 5521 1798 5589 Taurinatis
1815 5525 1901 5590 urbis
1923 5525 1964 5590 ab
1978 5524 2127 5590 Ernodio
