4500 6232
753 308 836 365 CDlll
857 308 981 378 (strar.
998 313 1023 373 c.
1041 310 1087 381 82)
1107 342 1138 351 —
1158 311 1243 367 cuxl
1262 311 1386 381 (EPIST.
1404 313 1430 377 8,
1448 313 1502 381 at).

940 619 1054 689 cmx
1078 622 1188 709 (sersr.
1205 627 1235 705 8,
1253 625 1320 709 32).

859 817 1096 892 ENNODIVS
1123 819 1402 894 SYMMACHO.

414 962 512 1052 Rem
536 993 755 1055 neeessariam
785 992 953 1079 providet,
981 994 1035 1078 qui
1058 995 1187 1078 parenti
1209 996 1352 1059 omnium
1377 996 1507 1060 orbatos
1532 1003 1565 1060 ot
1588 997 1780 1081 peregrinos
1804 997 1983 1060 insinuati

303 1093 399 1156 unica
428 1093 481 1156 via
515 1099 567 1157 est
598 1096 803 1179 apostolatus
832 1098 931 1161 vostri
967 1098 1142 1178 solacium,
1176 1119 1260 1182 quae
1297 1100 1448 1164 medetur
1482 1100 1638 1164 externis.
1690 1101 1775 1164 absit
1810 1098 1956 1164 adflictos

304 1196 424 1274 dicere,
449 1218 531 1282 quos
554 1197 671 1262 advos
694 1200 869 1284 contigerit
892 1201 1093 1285 pervenisse.
1132 1207 1298 1266 creatores
1322 1205 1461 1288 patriam
1485 1226 1565 1290 opes
1589 1204 1667 1267 alibi
1692 1225 1756 1267 non
1778 1203 1956 1288 requirunt,

237 1312 249 1347 ⁵
303 1320 382 1385 quos
406 1321 547 1366 coronae
571 1308 700 1367 vestrae
724 1323 803 1367 eura
825 1305 1017 1390 susceperit.
1061 1305 1286 1389 praesentium
1311 1305 1452 1384 baiolus,
1483 1314 1573 1370 ortus
1595 1306 1758 1387 nobiliter,
1787 1306 1957 1393 profutura

302 1402 343 1466 ad
375 1404 596 1468 testimonium
619 1405 840 1489 ingenuitatis
872 1406 980 1470 studia
1007 1406 1156 1472 Romana
1185 1409 1333 1492 requirit.
1377 1408 1464 1473 hune
1497 1408 1690 1474 beatitudini
1721 1416 1849 1474 vestrae
1881 1409 1987 1474 meat

303 1506 461 1591 subplicis
484 1509 588 1571 vestri
611 1509 817 1573 commendat
841 1508 999 1591 adsertio,
1030 1518 1066 1574 ut
1089 1512 1294 1576 salutationis
1318 1513 1460 1577 servitiis
1484 1512 1659 1597 dignanter
1681 1512 1843 1600 adceptis,
1867 1512 1954 1598 quod

301 1630 362 1673 usu
386 1610 505 1691 facitis,
528 1632 587 1697 pro
610 1612 675 1677 mei
698 1612 958 1678 consideratione
982 1615 1166 1699 geminetis.

946 1939 1038 2007 cltx
1061 1941 1172 2027 (srrsr.
1188 1946 1218 2023 8,
1236 1944 1303 2027 33).

727 2134 963 2209 ENNODIVS
990 2134 1273 2210 HORMISDAE
1299 2136 1524 2212 DIACONO.

414 2277 469 2370 Et
497 2308 582 2393 quod
612 2331 665 2388 es,
695 2311 903 2375 miseratione
934 2317 1067 2374 ornatur
1093 2317 1127 2375 et
1156 2310 1243 2395 quod
1274 2311 1402 2375 futurus
1432 2336 1484 2393 os,
1520 2314 1643 2400 pietate
1674 2314 1884 2397 conquiritur:
1919 2320 1981 2384 etl

300 2408 474 2474 diaconum
498 2411 548 2475 bis
571 2411 688 2475 studiis
712 2413 869 2495 extulisti,
894 2415 985 2478 cuius
1006 2415 1054 2479 rei
1070 2414 1229 2500 promittit
1247 2436 1325 2479 cura
1341 2417 1538 2502 pontificem.
1577 2417 1800 2503 praesentium
1818 2416 1955 2491 baiolus,

300 2512 457 2576 honestus
481 2515 625 2579 moribus
648 2524 766 2580 natura
785 2516 934 2581 sublimis
950 2517 1084 2602 genuini
1101 2518 1216 2583 solacii
1232 2519 1366 2583 orbatus
1383 2519 1556 2606 praesidio,
1580 2518 1717 2584 Romam
1736 2540 1792 2605 pro
1809 2518 1956 2583 honestis
2073 2594 2080 2605 ‚

299 2615 436 2694 artibus,
460 2617 538 2682 lieet
560 2619 839 2703 peregrinaturus,
863 2621 1014 2706 expetiit.
1051 2620 1126 2686 vide
1146 2622 1173 2684 si
1188 2630 1376 2686 mereantur
1392 2644 1412 2686 a
1430 2623 1583 2707 religioso
1600 2623 1685 2686 beno
1703 2631 1781 2686 nato
1797 2623 1957 2708 locupleti

300 2719 404 2783 iuvari
426 2719 489 2784 ista
513 2741 596 2805 quae
620 2722 770 2807 praetuli.
815 2743 901 2786 nunc
926 2724 1032 2788 officio
1055 2725 1261 2790 salutationis
1284 2725 1431 2790 exhibito
1455 2747 1545 2812 rogo,
1574 2732 1610 2789 ut
1633 2727 1660 2791 si
1684 2747 1746 2805 me,
1775 2725 1802 2789 si
1825 2724 1985 2795 bonomi

301 2844 398 2908 quarn
422 2824 570 2888 coemisti
593 2825 781 2911 opinionem
804 2825 922 2913 diligis,
946 2828 1091 2914 inpensis
1115 2829 1265 2915 portitori
1288 2828 1457 2894 adulescat
1480 2829 1623 2894 auxiliis.

938 3151 1052 3220 01le
1076 3154 1188 3239 (uersu.
1204 3159 1234 3237 8,
1250 3156 1317 3241 34).

763 3347 1000 3422 ENNODIVS
1028 3347 1275 3422 PORCIANO
1305 3349 1495 3423 ΑΒΒΑΤΙ.

408 3495 552 3589 Divinis
569 3525 756 3591 declaratur
772 3529 944 3615 exemplis,
960 3529 1022 3593 nisi
1039 3550 1099 3616 per
1114 3528 1168 3594 dei
1184 3529 1324 3615 gratiam
1341 3529 1563 3593 visitationem
1580 3529 1746 3593 hominum
1762 3528 1952 3593 caelestium
1970 3539 1980 3598 1

300 3648 363 3690 non
388 3629 509 3693 venire.
557 3650 641 3714 quae
665 3631 750 3694 onim
776 3631 958 3696 recordatio
981 3639 1090 3720 potest
1112 3654 1187 3698 esse
1203 3633 1420 3720 peccantium,
1444 3633 1507 3696 uisi
1524 3633 1661 3696 occultis
1677 3631 1848 3697 itineribus
1864 3633 1955 3695 lavor

300 3731 452 3795 caelestis
483 3739 638 3818 operetur
664 3741 698 3798 ct
725 3756 785 3821 per
812 3736 898 3799 viam
927 3735 1091 3802 mentibus
1123 3736 1310 3823 inspiratam
1340 3756 1424 3820 quae
1455 3742 1590 3822 propter
1619 3742 1756 3822 peccata
1785 3734 1953 3821 subripere

301 3838 431 3918 poterat
454 3835 642 3901 eliminetur
665 3836 806 3903 oblivio?
836 3840 1019 3926 inpetratae
1048 3840 1112 3904 iam
1141 3839 1269 3904 divinae
1299 3837 1543 3903 misericordiae
1567 3836 1685 3901 fiducia
1715 3843 1767 3901 est
1795 3837 1953 3902 cultorum

300 3933 353 4000 dei
377 3937 494 4001 animis
518 3960 583 4003 non
606 3940 736 4005 deesse.
774 3963 852 4027 ergo
874 3943 998 4028 gratias
1023 3942 1129 4008 refero
1151 3942 1289 4007 trinitati
1318 3940 1381 4006 deo
1408 3947 1529 4021 nostro,
1559 3941 1614 4025 qui
1636 3947 1673 4005 ut
1694 3962 1747 4005 mo
1771 3941 1955 4006 reverentia

299 4046 409 4104 vestra
431 4043 584 4129 alloquiis
608 4045 756 4111 visitarat
780 4046 903 4132 exegit.
948 4046 1091 4134 suscipio
1114 4053 1148 4112 et
1171 4045 1409 4110 oboedientiam
1433 4051 1594 4109 vestram:
1619 4065 1679 4109 noc
1703 4045 1788 4109 enim
1813 4045 1983 4129 exiguus2

299 4143 405 4207 cultus
429 4144 569 4211 debetur
591 4147 860 4233 obsequentibus,
890 4170 963 4214 eum
987 4148 1110 4213 Christi
1137 4149 1242 4235 gloria
1271 4156 1402 4212 maneat
1431 4147 1647 4234 inperantem.
1692 4155 1783 4212 orate
1806 4168 1864 4233 pro
1888 4167 1951 4226 me,

301 4247 357 4333 qui
379 4248 591 4315 humanitatis
617 4252 780 4330 inbecilla,
810 4252 886 4318 dum
917 4253 1024 4318 adhuc
1054 4254 1132 4318 estis
1162 4252 1322 4331 homiues,
1352 4251 1511 4330 evitastis,
1541 4272 1621 4336 quos
1649 4251 1785 4336 contigit
1813 4248 1950 4314 necdum

301 4372 438 4438 corporo
461 4360 666 4439 sequestrato
690 4355 891 4442 ponderibus
915 4357 1023 4422 carnis
1047 4356 1183 4436 absolvi,
1208 4362 1241 4421 et
1264 4354 1406 4420 servitiis
1423 4353 1631 4420 salutationis
1654 4353 1801 4441 adreptis
1824 4353 1951 4439 frugem

301 4452 387 4519 cirea
408 4476 461 4521 me
484 4458 620 4540 gratiae,
643 4456 718 4521 dum
743 4461 904 4525 sermonis
925 4459 1086 4524 adulescit
1108 4459 1245 4532 cultura,
1269 4456 1448 4523 concedite.

300 4612 594 4622 ——-—.—.

405 4729 508 4801 [eulx]
544 4732 562 4784 2
578 4735 690 4801 prouidit
701 4733 727 4784 Β
820 4735 926 4786 orbatus
942 4733 968 4784 Β
1099 4734 1116 4785 3
1133 4736 1179 4787 ula
1196 4752 1244 4786 ons.
1258 4734 1283 4784 B
1379 4735 1489 4785 meditur
1501 4733 1527 4784 Β
1621 4733 1740 4784 adflictus
1752 4733 1785 4796 B,
1808 4733 1917 4783 afflictos
1932 4731 1957 4780 V

299 4815 317 4869 4
334 4826 460 4872 creatores
476 4820 579 4886 Horret,
600 4823 721 4874 creatoris
738 4820 800 4871 libri
928 4819 945 4870 5
963 4822 1098 4888 susciperit
1114 4820 1140 4871 B
1235 4830 1399 4888 praesentum
1416 4819 1496 4871 δίκη.
1591 4819 1691 4871 baiulus
1702 4818 1736 4882 Β,
1758 4818 1861 4869 baiulus
1878 4817 1955 4868 ceteri

299 4899 316 4953 6
333 4905 446 4973 requiret
458 4904 484 4954 B
557 4905 626 4957 hunc
638 4905 724 4970 BVL,
742 4922 811 4957 nunc
828 4905 909 4956 Tora
1019 4902 1034 4955 7
1053 4905 1176 4973 supplicis
1191 4904 1216 4954 V
1281 4905 1392 4971 acceptia
1408 4904 1433 4954 V
1538 4902 1556 4954 8
1574 4905 1662 4956 secede
1674 4903 1699 4954 B
1771 4903 1907 4970 geminetis
1919 4901 1953 4965 Β,

298 4989 443 5056 geminetur
459 4991 535 5042 ceteri

196 5071 202 5083 Ι
404 5092 496 5160 [CDX]
526 5091 543 5144 9
561 5094 667 5145 diacono
679 5092 727 5158 ΒῙ,
744 5096 869 5148 diaeonus
882 5093 958 5159 Bm,
975 5097 1034 5148 dim>
1050 5095 1075 5144 V
1185 5093 1216 5146 11
1236 5097 1305 5146 studi
1322 5095 1442 5148 sextilisti
1454 5095 1480 5145 Β
1561 5096 1689 5162 promittet
1701 5095 1727 5145 Β
1807 5093 1907 5145 baiolus
1918 5094 1952 5157 B,

300 5179 403 5231 baiulus
416 5181 491 5231 cruri
595 5178 628 5231 12
644 5182 741 5248 gemini
756 5181 814 5233 CPb
878 5183 998 5249 praesidii
1010 5181 1036 5232 Β
1141 5180 1174 5233 13
1190 5183 1301 5248 expetist
1314 5182 1339 5232 Β
1444 5179 1477 5232 14
1495 5181 1580 5233 iuberi
1592 5180 1618 5231 B
1722 5178 1755 5232 15
1773 5181 1880 5247 portitor
1893 5180 1952 5231 cPt

297 5265 423 5317 adulismt
435 5266 461 5316 Β
528 5267 626 5318 ausiliis
637 5266 663 5317 Β

405 5367 509 5436 [coxi]
547 5368 580 5420 16
598 5371 749 5437 portianoL
766 5380 790 5424 et
807 5371 885 5423 Sirra.
1024 5368 1058 5421 18
1075 5373 1143 5423 euim
1163 5410 1230 5423 ....
1251 5372 1300 5421 nisi
1318 5388 1366 5422 om.
1379 5370 1405 5421 Β
1500 5371 1574 5422 labor
1585 5369 1611 5420 Β
1746 5367 1780 5420 19
1797 5371 1951 5436 insperatam

300 5455 364 5505 cont
378 5454 473 5506 Horat
543 5457 681 5524 subrepere
695 5458 754 5508 Cl’t
863 5455 899 5508 ‘22
916 5457 1026 5523 eloquiis
1037 5455 1063 5506 Β
1067 5464 1082 5492 ⁰
1151 5458 1258 5508 umtaret
1275 5456 1362 5523 exiget
1374 5456 1399 5506 B
1467 5465 1493 5508 et
1505 5457 1538 5520 Β,
1555 5457 1690 5507 emactari
1758 5456 1912 5507 obidentiam
1925 5454 1952 5506 B

298 5536 334 5591 23
350 5540 453 5592 debitur
465 5541 491 5591 Β
580 5542 736 5609 inpetentem
747 5583 753 5594 .
764 5539 844 5609 orate]
862 5545 996 5610 inperante
1014 5549 1095 5593 morte
1107 5540 1133 5591 Β
1257 5539 1292 5592 24
1309 5543 1423 5593 inbicilla
1435 5541 1461 5592 Β
1550 5543 1672 5596 catastas
1684 5540 1710 5596 B
1800 5541 1914 5614 contigat
1925 5540 1952 5594 B

298 5622 334 5690 25
350 5627 463 5679 seruitus
474 5626 500 5678 Β
567 5627 680 5699 adceptie
692 5628 741 5693 Bb,
759 5646 807 5681 eat.
824 5626 959 5695 Vmbro
1060 5625 1096 5683 26
1113 5627 1276 5684 aduliscetB
