4500 6232
811 303 833 358 1.
860 302 907 358 DE
927 302 1013 357 VITA
1032 302 1079 358 at·
1097 301 1261 358 sculptis
1278 301 1428 358 annom.
1926 301 1953 357 V

293 478 472 544 contulisse.
509 488 585 543 tnnc
606 478 668 556 ille,
690 477 744 563 qui
767 477 868 542 simile
882 475 1000 563 aliquid
1016 486 1148 564 optaret,
1169 487 1309 565 ternpore
1324 478 1465 544 invento:
1487 500 1550 543 non
1566 500 1673 557 unum,
1693 478 1805 565 inquit,
1827 477 1953 544 dominc

294 585 457 670 Auguste,
480 581 536 647 sed
558 582 703 668 primum
747 604 871 647 summo
893 581 1030 667 fragore,
1062 590 1097 646 ut
1117 605 1175 647 nec
1196 583 1334 668 Augusti
1357 583 1529 648 reverentia
1551 581 1730 662 obsisteret,
1756 591 1885 669 excepta
1906 591 1955 646 est

178 739 186 752 .
295 688 465 752 sententiat
489 727 529 735 —-
552 687 635 752 idem
659 687 777 753 dictarm
797 687 963 753 Ennodias
986 689 1019 752 in
1035 689 1193 754 Avienum
1215 687 1465 754 accommodavit
1486 711 1516 774 p.
1533 690 1583 765 13,
1596 689 1651 754 36:
1674 687 1798 766 ,Avieni
1814 687 1875 751 mei
1890 709 1952 751 non

295 815 375 856 unius
402 790 458 856 sed
485 793 604 877 primus
633 802 682 858 cst
708 793 907 858 consulatus‘.
957 791 1031 855 huic
1061 793 1226 857 imitationi
1256 791 1327 856 ideo
1356 793 1428 879 plus
1453 792 1573 871 tribuo,
1607 789 1691 877 quod
1720 790 1772 855 hic
1797 812 1878 855 unus
1906 798 1954 854 est

295 895 395 983 locus,
417 917 510 981 quem
533 895 699 960 Ennodius
722 919 760 961 ex
782 897 926 984 epistulis
950 895 1061 961 Sidoni
1083 906 1244 962 mutuatus
1266 907 1323 963 est
1356 907 1515 984 praeterea
1536 919 1628 962 nemo
1649 919 1712 962 non
1735 895 1831 976 videt,
1853 897 1880 961 si
1902 895 1954 960 hic

296 1000 448 1064 Camillus
478 998 518 1064 ad
550 1000 701 1065 familiam
731 1000 858 1065 Ennodi
885 1011 916 1065 et
942 1001 1058 1064 Avieni
1093 1001 1254 1086 pertinuit,
1290 1001 1375 1066 illam
1404 1024 1514 1067 vooem
1542 1023 1562 1066 a
1588 1002 1765 1088 propinquo
1794 1001 1953 1066 inventam

296 1104 411 1168 maiore
436 1103 606 1169 festivitate
633 1103 671 1167 de
699 1105 876 1192 propinquo
904 1112 1086 1190 usurpatam
1117 1126 1194 1169 esse.
1237 1126 1338 1190 neque
1363 1102 1570 1169 omittendum
1595 1113 1656 1183 est,
1683 1105 1764 1168 sicut
1791 1103 1955 1191 Caruilius,

295 1230 386 1294 quem
409 1206 559 1272 Sidonius
582 1205 668 1286 dicit,
690 1209 883 1273 Arelatensis
905 1207 974 1287 lixit,
995 1208 1040 1272 ita
1063 1208 1238 1288 Camillam,
1260 1208 1388 1273 Ennodi
1410 1209 1687 1295 consanguineam,
1708 1208 1835 1272 Arelate
1856 1207 1954 1273 fixisse

295 1311 452 1376 versimile
473 1333 555 1376 esse:
578 1311 660 1375 intra
682 1311 805 1376 Gallias
827 1334 895 1376 eam
918 1310 1077 1376 habitasse
1099 1311 1264 1377 Ennodius
1287 1312 1354 1398 ipse
1375 1320 1507 1377 testatam
1528 1336 1559 1398 p.
1575 1314 1648 1391 318,
1659 1314 1689 1377 3.

400 1449 529 1514 Sorores
551 1472 590 1514 ex
612 1449 713 1536 ipsius
737 1448 884 1536 operibus
907 1450 1053 1515 novimus
1075 1459 1151 1515 tres:
1182 1474 1276 1516 unarn
1299 1450 1394 1515 modo
1416 1451 1601 1516 vocavimus
1624 1449 1834 1537 Euprepiam,
1856 1447 1953 1514 altera
1966 1462 2057 1505 &mm

295 1565 343 1619 est
364 1552 513 1619 Partheni
536 1563 635 1618 mater
657 1577 686 1639 p.
704 1555 775 1631 179,
785 1555 836 1618 27.
861 1556 932 1632 180,
943 1557 973 1620 9.
985 1557 1036 1620 23.
1060 1556 1131 1633 181,
1144 1557 1173 1620 9.
1196 1557 1269 1634 266,
1285 1558 1322 1635 33
1344 1577 1417 1618 nam
1439 1555 1532 1618 etiam
1555 1553 1760 1618 Parthenium
1776 1552 1954 1640 Euprepiae

295 1680 364 1722 esse
386 1658 483 1722 tilium
511 1658 586 1744 quin
609 1658 824 1723 existimemus
847 1656 878 1720 id
908 1659 1042 1722 maximo
1065 1658 1182 1737 obstat,
1216 1658 1301 1745 quod
1330 1659 1504 1747 Lupicinus
1533 1660 1644 1724 unicus
1666 1657 1845 1746 Euprepiae
1869 1656 1953 1721 filius

296 1762 410 1826 dicitur
432 1785 461 1848 p.
478 1765 550 1840 112,
562 1765 591 1827 9.
635 1770 671 1826 nt
693 1761 867 1848 Lupicinus
890 1771 992 1848 patre,
1023 1762 1066 1826 ita
1090 1761 1276 1827 Parthenius
1304 1772 1403 1828 matre
1425 1771 1618 1849 praemature
1644 1762 1772 1826 orbatus
1795 1769 1851 1825 est.
1895 1759 1953 1825 hac

296 1887 401 1930 sorore
423 1875 545 1930 mortua
567 1864 732 1929 Ennodius
753 1864 955 1930 Parthenium
976 1863 1172 1929 educandum
1195 1866 1317 1930 curavit
1338 1870 1379 1953 (p.
1394 1869 1530 1944 200,10.
1545 1868 1691 1945 socae).
1725 1886 1836 1929 nomen
1860 1862 1954 1940 illius,

295 1992 375 2054 quae
397 1970 466 2033 viro
488 1968 619 2055 ignobili
641 1978 740 2055 nupta
762 1968 859 2033 fixisse
882 1968 1007 2034 videtur
1029 1975 1069 2055 (p.
1089 1972 1236 2049 119,10),
1258 1970 1423 2034 nescimus.
1466 1969 1557 2034 tertia
1578 1966 1711 2054 denique
1734 1989 1822 2032 soror
1847 1965 1953 2030 liberis

296 2073 406 2137 orbata
427 2082 617 2137 memoratur
640 2070 831 2138 CDXXIII
853 2075 1000 2141 22-25.
1045 2096 1152 2138 omnes
1175 2096 1296 2138 sorores
1320 2074 1452 2138 maiores
1475 2083 1549 2137 natu
1572 2072 1669 2136 fixisse
1692 2070 1838 2135 videntur
1860 2093 1953 2156 qnam

295 2175 470 2240 Ennodius.
513 2176 638 2240 fratrem
661 2177 689 2240 ci
712 2176 809 2240 fuisse
832 2177 918 2240 nullo
941 2177 1039 2242 verbo
1061 2176 1212 2264 proditur.

400 2313 571 2377 Pueritiam
594 2336 683 2378 suam
705 2313 871 2379 Enaodius
893 2338 957 2380 non
980 2316 1010 2379 in
1031 2314 1136 2380 Gallia
1158 2315 1274 2401 exegit,
1300 2339 1488 2402 ‹planiquam
1516 2338 1586 2379 eum
1609 2313 1736 2379 Arelate
1757 2322 1865 2378 natnm
1886 2333 1955 2378 esse
1968 2317 2068 2360 P¹¹⁰¹i⁸l⁸

296 2440 391 2503 supra
405 2416 552 2480 diximus.
586 2440 659 2482 nam
681 2439 718 2482 ea
733 2418 802 2504 ipsa
816 2440 858 2497 re,
880 2418 965 2504 quod
987 2419 1191 2505 opprobrium
1214 2419 1397 2485 mobilitatis
1413 2419 1566 2505 Ligurum
1589 2419 1620 2483 in
1643 2440 1691 2496 se,
1713 2416 1768 2502 qui
1790 2416 1955 2504 aLiguria

297 2520 448 2587 oriundus
476 2544 538 2585 non
566 2531 661 2600 esset,
696 2520 804 2586 eadere
833 2522 981 2586 refutavit
1009 2530 1049 2609 (p.
1069 2526 1142 2602 233,
1162 2526 1227 2605 23),
1261 2522 1421 2589 evidenter
1452 2522 1625 2588 ostenditur
1652 2544 1723 2586 eum
1751 2543 1809 2607 pro
1837 2520 1954 2606 Ligure

296 2625 438 2691 habitum
461 2647 537 2704 esse,
560 2625 645 2711 (parad
667 2626 731 2689 fieri
755 2649 817 2690 non
833 2627 993 2712 potuisset,
1016 2627 1077 2690 nisi
1100 2651 1119 2691 a
1140 2648 1237 2713 puero
1260 2627 1292 2691 in
1314 2627 1445 2712 Liguria
1464 2634 1606 2691 versatus
1628 2632 1719 2689 esset.
1754 2622 1830 2709 quin
1852 2622 1955 2688 Roma

297 2729 512 2794 Mediolanum
546 2750 688 2793 reversus
714 2728 877 2814 Liguriam
908 2739 944 2793 nt
974 2729 1076 2794 solum
1105 2729 1241 2814 genitale
1268 2730 1383 2794 salutat
1409 2733 1449 2816 (p.
1472 2733 1502 2810 4,
1519 2732 1571 2809 27)
1598 2737 1692 2815 atque
1720 2729 1787 2815 ipse
1815 2749 1849 2792 se
1874 2727 1955 2792 inter

295 2832 394 2897 Italos
418 2842 568 2912 numerat,
591 2854 661 2897 cum
684 2831 724 2897 ad
741 2832 870 2897 Gallum
893 2832 1049 2919 quendam
1070 2834 1179 2898 scribit
1200 2842 1240 2920 (p.
1256 2837 1329 2913 317,
1341 2836 1385 2915 3)ss
1407 2833 1528 2914 dtalioa
1551 2832 1750 2920 simplicitate
1772 2832 1955 2898 manifestat

296 2935 329 3000 id
352 2935 478 3023 quidem
500 2959 558 3023 pro
580 2944 662 3000 certo
685 2936 849 3015 habemus,
876 2937 1017 3015 amitam,
1046 2959 1125 3023 quac
1147 2936 1328 3002 Ennodium
1356 2946 1429 3024 post
1450 2947 1613 3024 parentum
1636 2945 1767 3001 mortem
1791 2975 1832 2982 —
1855 2957 1954 2999 annus

296 3038 417 3104 definiri
445 3042 616 3127 nequit-
639 3050 727 3106 tanta
755 3064 825 3105 cum
854 3064 927 3105 cura
956 3043 1087 3122 sitierat,
1114 3052 1149 3106 ut
1181 3040 1330 3106 damnum
1358 3050 1521 3128 parentum
1545 3042 1599 3106 vix
1627 3041 1767 3120 sentiret,
1794 3040 1826 3104 in
1850 3039 1956 3105 Gallia

297 3143 461 3231 Cisalpina
491 3143 597 3209 sedem
626 3144 781 3209 habuisse.
834 3145 938 3210 verbis
965 3145 1047 3209 onim
1078 3146 1154 3224 illis,
1192 3168 1271 3232 qnae
1303 3169 1399 3233 supra
1431 3146 1618 3233 protulimus
1647 3152 1688 3232 (p.
1703 3147 1832 3226 303,5):
1869 3151 1956 3223 ,tem-

298 3271 373 3334 pore
396 3270 459 3334 quo
481 3248 607 3313 Italiam
630 3248 844 3335 optatissimus
867 3247 1051 3313 Theoderici
1080 3251 1161 3335 regis
1188 3250 1388 3315 resuscitavit
1410 3250 1582 3336 ingressus,
1609 3272 1680 3313 oum
1708 3248 1813 3313 omnia
1835 3247 1875 3312 ab
1897 3246 1956 3311 ini·

297 3351 386 3417 micis
408 3351 476 3415 cius
499 3351 710 3438 inexplicabili
734 3350 822 3416 clade
845 3361 1043 3417 vastarentur
1065 3363 1111 3432 et,
1138 3351 1222 3440 qrrod
1250 3361 1426 3440 superesset
1447 3351 1576 3437 gladiis,
1601 3352 1699 3417 fames
1722 3361 1858 3434 necaret,
1883 3373 1955 3414 oum

296 3455 419 3519 excelsa
441 3456 592 3520 montium
616 3465 851 3542 castrorumque
873 3479 959 3520 arcos
988 3458 1119 3543 penuria
1146 3467 1357 3544 pemimperet
1387 3467 1419 3521 ct
1447 3457 1477 3520 in
1502 3457 1689 3522 culminibus
1717 3457 1837 3523 locatos
1860 3456 1955 3522 annis

297 3561 420 3625 saevior
441 3570 561 3646 egestas
584 3561 754 3642 obsideret,
782 3585 840 3649 ego
863 3586 1014 3627 annornm
1041 3563 1136 3628 femie
1159 3563 1294 3629 sedecim
1321 3565 1449 3642 amitae,
1478 3587 1558 3649 (lirae
1580 3586 1629 3627 nie
1651 3563 1784 3640 aluerat,
1814 3583 1851 3626 ea
1878 3570 1955 3625 tem·

278 3673 419 3755 ‘pestate
442 3664 559 3730 solacio
582 3666 725 3753 privatus
749 3673 828 3730 sum‘
851 3707 891 3714 —
915 3667 964 3731 his
988 3667 1114 3752 inquam
1129 3667 1236 3731 verbis
1258 3691 1321 3732 non
1344 3676 1465 3732 tantum
1484 3676 1608 3753 tempus
1630 3666 1740 3730 mortis
1763 3665 1877 3729 amitae
1899 3662 1955 3728 sed

297 3768 392 3832 ctiam
415 3791 510 3833 caiisa
532 3768 722 3855 designatur.
767 3793 839 3834 nam
869 3771 928 3836 etsi
951 3769 1137 3835 contendere
1167 3794 1230 3836 non
1258 3772 1358 3835 ausim
1383 3772 1478 3836 verba
1504 3793 1553 3851 ,ea
1573 3774 1767 3858 tempestate‘
1788 3768 1840 3832 hio
1861 3768 1956 3831 inter·

297 3871 450 3958 pretanda
470 3895 539 3937 esse
561 3874 630 3954 ,hac
652 3874 804 3939 bellorum
821 3885 1014 3961 tempestato,
1037 3897 1100 3961 qua
1121 3874 1215 3940 Italia
1236 3884 1358 3940 vastata
1380 3885 1436 3954 est,
1458 3875 1553 3939 amita
1576 3873 1652 3940 mihi
1667 3882 1774 3960 erepta
1794 3877 1860 3953 est-⁴,
1882 3870 1957 3958 quia

298 3974 352 4039 illa
381 3977 477 4041 verba
503 3978 597 4042 etiam
625 3978 666 4042 ad
695 3980 797 4066 prima
822 3980 974 4044 enuntiati
998 3978 1093 4044 verba
1123 3981 1226 4044 rel'eni
1254 3989 1347 4066 atque
1381 3977 1520 4044 eiusdem
1547 3979 1718 4044 sententiae
1745 3999 1781 4041 ae
1808 3985 1956 4062 ,tempore

298 4086 370 4165 quo‘
384 4104 452 4145 csse
467 4091 612 4167 possunt:
636 4080 669 4145 id
685 4090 823 4168 apparet,
844 4082 904 4146 nisi
921 4083 1017 4148 amita
1031 4080 1158 4147 Ennodi
1175 4083 1206 4146 in
1222 4083 1266 4147 eis
1282 4083 1470 4168 regionibus,
1492 4105 1572 4168 quae
1586 4079 1771 4146 Theoderici
1787 4078 1957 4164 irmptione

298 4185 439 4250 turbatae
461 4195 492 4249 et
514 4195 644 4251 vexatae
667 4196 753 4264 sunt,
783 4187 802 4249 i.
822 4209 847 4250 e.
870 4186 901 4249 in
926 4187 1034 4251 Gallia
1062 4187 1225 4273 Cisalpina
1253 4197 1320 4251 tum
1348 4187 1567 4266 habitavisset,
1595 4195 1718 4272 tempus
1746 4205 1807 4269 quo
1835 4190 1958 4246 mortua

298 4297 345 4351 est
373 4288 554 4354 Ennodinm
583 4290 637 4355 vix
668 4288 727 4353 hoc
755 4287 850 4353 modo
877 4288 1076 4354 definiturum
1103 4301 1157 4354 aut
1189 4300 1270 4355 certe
1300 4290 1384 4355 illius
1411 4290 1485 4355 belli
1513 4289 1641 4354 iniurias
1668 4311 1731 4352 nou
1758 4296 1822 4351 tarn
1849 4284 1955 4350 multis

299 4392 402 4457 verbis
423 4392 650 4480 descripturum
667 4392 772 4457 fuisse.
809 4391 951 4480 deniqne,
973 4404 1009 4457 ut
1030 4393 1211 4459 Ennodium
1236 4417 1297 4459 non
1321 4395 1352 4458 in
1376 4394 1480 4459 Gallia
1503 4393 1678 4459 adolevisse
1700 4391 1957 4468 demonstremus,

299 4508 471 4585 memoratu
500 4497 586 4562 haud
609 4496 771 4583 indignum
794 4506 855 4578 est,
884 4496 969 4584 quod
991 4497 1226 4562 Archotamiam
1248 4498 1470 4585 propinquam,
1498 4520 1577 4584 «puae
1605 4498 1636 4560 in
1664 4494 1772 4561 Gallia
1793 4492 1956 4569 habitavit,

299 4623 458 4687 nunqnam
481 4625 499 4666 a
521 4625 555 4667 se
578 4603 678 4668 visrun
701 4625 769 4667 esse
792 4601 870 4666 (licit
891 4607 931 4689 (p.
947 4605 1093 4682 237,35).

402 4740 453 4804 De
469 4740 554 4820 iube,
570 4742 624 4807 ubi
639 4740 790 4807 educatus
806 4742 856 4820 sit,
872 4739 993 4820 dubito,
1008 4763 1197 4827 quamquam
1212 4740 1293 4806 (luae
1307 4749 1429 4805 tantum
1445 4740 1538 4805 urbes
1554 4739 1681 4804 omnino
1697 4739 1729 4802 in
1744 4736 1957 4824 quaestionem

300 4844 404 4909 vocari
426 4854 568 4929 possunt
613 4845 799 4910 Simrondus
828 4844 954 4931 quidem
985 4846 1120 4910 affirmat
1146 4844 1328 4925 ,Mediolani
1358 4855 1439 4910 oerte
1466 4868 1486 4910 a
1514 4866 1610 4931 puero
1631 4844 1726 4908 larem
1747 4841 1873 4920 habuit‘,
1900 4837 1956 4903 sed

300 4955 335 5010 ut
355 4947 407 5011 illc
421 4949 592 5012 sententiae
614 4971 688 5012 surae
711 4959 893 5035 argumenta
915 4973 976 5014 non
993 4951 1158 5037 suggessit,
1179 4950 1223 5014 ita
1244 4951 1312 5036 ipse
1327 4950 1515 5035 investigare
1536 4948 1671 5034 nequivi.
1704 4947 1800 5011 immo
1822 4943 1957 5009 maxime

300 5061 540 5117 consentaneum
563 5063 612 5117 cst
627 5052 730 5117 Ticini
746 5053 927 5119 Ennodium
950 5055 1114 5140 pueritiam
1137 5054 1247 5139 egisse.
1280 5054 1383 5118 Ticini
1398 5054 1481 5119 enim
1496 5054 1657 5140 aliquanto
1679 5060 1749 5117 ante
1764 5071 1881 5115 annum
1892 5049 1955 5114 495

300 5154 340 5218 ah
362 5156 542 5243 Epiphanio
564 5157 713 5243 episeopo
734 5159 903 5244 ,religionis
932 5159 1031 5223 titulis
1059 5159 1226 5244 insignitus
1248 5165 1304 5223 cst‘
1327 5167 1367 5247 (p.
1384 5162 1455 5239 100,
1473 5161 1537 5239 18);
1564 5181 1635 5224 cnm
1664 5164 1767 5221 antem
1790 5149 1956 5218 Ennodius

300 5258 367 5346 ipse
388 5259 632 5326 adulescentiam
653 5261 832 5328 describens
855 5262 895 5327 de
917 5262 1001 5328 sedis
1017 5263 1187 5328 mutatione
1210 5263 1301 5349 plano
1323 5263 1423 5343 sileat,
1444 5286 1507 5327 non
1530 5261 1686 5346 intelleg0,
1709 5281 1765 5323 cru
1782 5254 1957 5321 Mediolani

300 5362 425 5447 quidem
447 5388 518 5429 eum
533 5364 709 5445 educatum,
731 5366 832 5430 Ticini
853 5390 928 5432 vero
951 5375 1164 5432 consecratum
1186 5389 1255 5431 osse
1276 5376 1459 5432 stahiamus.
1489 5366 1596 5431 Etiam
1619 5362 1653 5429 id
1673 5371 1784 5427 contra
1798 5356 1957 5427 Sirmondi

300 5466 478 5553 opinionem
500 5468 604 5534 afferri
626 5479 744 5556 potest,
766 5470 851 5556 quod
874 5470 1021 5551 Semilio,
1043 5493 1106 5556 quio
1128 5471 1161 5535 in
1183 5471 1276 5536 rebus
1298 5470 1516 5536 ecclesiasticis
1538 5469 1688 5555 magistro
1712 5488 1786 5531 usus
1809 5473 1872 5544 est,
1894 5485 1957 5528 non

299 5566 473 5639 Mediolani
495 5571 556 5637 an
576 5577 617 5661 (p.
635 5575 708 5654 183,
720 5576 829 5656 rsa).
