4500 6232
704 279 864 336 cccxvul
881 280 1005 349 (EPIST.
1023 283 1048 345 6,
1065 282 1094 350 3)
1115 313 1144 321 -
1164 281 1297 337 CCLXXI
1315 282 1438 351 (EPIST.
1456 285 1482 346 6,
1499 285 1536 353 6).
1883 288 1945 350 217

295 455 382 518 tione
412 462 581 533 contenta,
612 457 688 540 quia
718 477 778 520 nee
807 457 996 542 epistularis
1026 458 1230 522 concinnatio
1258 458 1352 542 plura
1379 460 1500 544 patitur
1527 480 1588 524 neo
1616 461 1699 523 ratio
1727 461 1945 545 penetralium

294 559 422 642 paginis
458 558 579 624 debere
613 560 784 639 committi,
820 561 846 624 si
881 561 922 625 ad
958 562 1039 627 baec
1073 584 1159 648 quac
1194 562 1337 628 indicata
1370 568 1446 628 suut
1480 569 1555 627 voto
1591 569 1624 628 et
1657 563 1720 627 fide
1756 562 1945 649 respondes,

293 663 443 747 propriae
467 663 651 748 scriptionis
674 663 861 729 testimonio
885 664 1053 750 pollicere.

912 952 1083 1023 culm
1105 955 1215 1041 (aaran.
1231 960 1262 1037 6,
1279 955 1324 1040 l).

887 1133 1077 1208 FAVSTO
1105 1132 1353 1207 ENNODIVS.

403 1260 491 1356 Non
515 1293 643 1378 scripsi,
671 1298 708 1356 ut
729 1315 840 1357 amaro
865 1291 1140 1359 incommoditatis
1164 1314 1258 1358 meae
1281 1292 1401 1357 indicio
1426 1315 1484 1359 vos
1507 1315 1690 1379 gravarem,
1714 1294 1772 1359 scd
1797 1303 1832 1359 ut
1855 1297 1973 1360 solli-l

292 1394 469 1460 citudinem
494 1402 647 1473 vestram,
671 1404 833 1481 quatenus
858 1397 987 1462 insistat
1009 1397 1224 1477 orationibus,
1248 1399 1467 1462 convenirem.
1511 1398 1596 1462 male
1619 1399 1730 1463 oculos
1754 1420 1845 1463 meos
1867 1405 1945 1464 ante

292 1505 444 1584 receptae
468 1500 657 1565 valitudinis
682 1501 898 1565 substantiam
923 1502 1082 1587 inpositus
1106 1501 1199 1566 labor
1222 1501 1360 1586 aceepit.
1405 1522 1500 1565 omne
1524 1523 1544 1564 a
1566 1523 1618 1566 me
1642 1501 1811 1566 vobiscum
1836 1505 1946 1567 lumen

291 1602 464 1668 abscessit.
509 1610 560 1667 sat
590 1611 640 1668 est
668 1604 871 1689 significasse
903 1604 988 1689 quod
1018 1604 1134 1690 patior.
1179 1611 1322 1668 vestrum
1351 1609 1402 1668 est
1425 1604 1676 1689 prosperitatem
1700 1626 1805 1669 meam
1829 1627 1849 1670 a
1871 1605 1978 1684 dco,2

293 1726 388 1789 quem
413 1707 566 1790 precibus
593 1708 745 1792 placatis,
776 1707 912 1792 exigere
935 1714 969 1772 et
992 1707 1153 1772 reseranti
1175 1708 1357 1772 litterarum
1380 1707 1467 1771 fores
1492 1707 1614 1772 crebris
1638 1729 1733 1793 opem
1757 1709 1843 1773 ferre
1867 1730 1945 1773 con-

227 1832 232 1861 ·
293 1808 421 1893 loquiis.
466 1808 595 1874 domine
624 1811 681 1890 mi,
713 1809 809 1875 deum
841 1832 978 1897 quaeso,
1010 1817 1045 1874 ut
1073 1809 1153 1875 illud
1177 1832 1196 1875 a
1219 1811 1311 1874 vobis
1342 1809 1478 1874 indicari
1498 1809 1598 1874 faciat
1621 1811 1705 1896 quod
1729 1833 1780 1876 me
1804 1812 1947 1877 delectet

291 1933 481 1995 agnoscere.

922 2099 1072 2170 com
1095 2103 1204 2189 (rrrsr.
1221 2108 1250 2180 6,
1268 2105 1314 2190 5).

840 2280 1120 2354 AVRELIANO
1147 2280 1395 2356 ENNODIVS.

403 2411 491 2504 Non
517 2445 568 2505 ost
590 2439 709 2504 fiducia
731 2461 806 2507 mea
827 2442 1049 2526 praecognitis
1072 2441 1195 2506 nudata
1217 2438 1436 2505 successibus.
1480 2438 1607 2504 validus
1630 2441 1664 2503 in
1687 2439 1861 2505 affectione
1884 2445 1971 2519 est,l

292 2563 388 2627 quem
412 2543 519 2608 animo
543 2565 616 2609 meo
641 2542 830 2628 diligentiae
853 2565 1031 2609 memorem
1055 2545 1141 2609 iusta
1164 2565 1236 2608 sum
1259 2544 1487 2609 aestimatione
1510 2544 1688 2629 pollicitus.
1729 2543 1851 2629 gratias
1874 2543 1945 2624 tibi,

227 2688 231 2698 ·
291 2666 433 2731 superna
455 2646 669 2734 dispensatio,
692 2668 776 2733 quac
799 2647 951 2712 humanis
975 2647 1073 2712 rebus
1090 2669 1320 2733 prosperorum
1336 2647 1477 2712 fructum
1493 2647 1534 2711 de
1550 2646 1756 2711 adversitatis
1772 2646 1944 2711 occasione

291 2749 418 2835 largiris
447 2772 509 2816 nee
532 2751 654 2837 pateris
678 2749 847 2816 inordina
873 2772 931 2817 suo
955 2752 1063 2817 tristia
1085 2773 1290 2837 permanere.
1336 2752 1449 2817 neseio
1473 2750 1550 2838 quid
1574 2750 1791 2837 magnitudini
1814 2757 1977 2819 vestraea

291 2853 417 2920 hostilis
446 2855 570 2919 malitia
598 2854 639 2919 de
667 2855 854 2940 patrimonii
882 2855 1032 2921 ubertate
1063 2854 1281 2942 decerpserit:
1313 2862 1424 2921 tamen
1452 2855 1513 2920 sub
1536 2855 1598 2920 hoo
1621 2855 1716 2920 titulo
1740 2853 1946 2920 invictissimi

290 2957 413 3022 domini
437 2961 574 3024 multum
598 2959 797 3044 locupletem
820 2959 959 3042 gratiam
982 2961 1183 3046 conparavit.
1225 2960 1310 3025 bona
1334 2966 1385 3024 est
1408 2960 1535 3024 iactura
1558 2958 1770 3034 substantiae,
1793 2959 1820 3022 si
1842 2958 1944 3023 incliti

290 3063 405 3126 notitia
428 3064 582 3148 principis
606 3063 785 3149 dispendiis
808 3063 981 3131 iuvenitur.
1025 3086 1090 3130 non
1114 3071 1167 3129 est
1188 3064 1380 3129 facultatum
1407 3061 1613 3128 formidanda
1641 3060 1807 3139 decessio,
1837 3061 1946 3147 siper

213 3206 224 3218 ·
291 3187 374 3246 eam,
397 3168 451 3251 qui
474 3187 587 3231 omnes
611 3167 719 3232 vincat
741 3164 882 3244 divitias,
906 3167 1024 3231 summi
1046 3165 1168 3232 domini
1190 3188 1282 3232 amor
1305 3165 1496 3251 adquiritur.
1535 3165 1597 3230 buc
1621 3163 1753 3230 adcedit
1774 3164 1861 3249 qued
1883 3171 1974 3232 nee3

290 3271 347 3333 illa
376 3270 562 3349 inminutio,
592 3269 669 3335 dum
696 3271 785 3335 facta
807 3275 859 3335 est
882 3269 963 3334 lucri
986 3276 1093 3338 mater
1115 3277 1149 3335 et
1172 3270 1331 3334 honorum
1354 3271 1422 3347 via,
1451 3270 1601 3354 inpactae
1624 3268 1817 3332 humilitatis
1840 3265 1947 3352 potuit

290 3379 402 3438 tenere
435 3372 661 3438 substantiam.
706 3375 754 3440 sic
788 3379 940 3460 reparata
971 3379 1048 3438 sunt
1077 3393 1161 3458 quae
1192 3372 1344 3436 inimicus
1376 3373 1511 3459 eripuit,
1545 3380 1582 3437 ut
1613 3370 1720 3437 adhuc
1751 3368 1945 3456 gaudiorum

291 3478 457 3541 cumulum
480 3479 702 3564 praestularis.
747 3484 924 3564 supersunt
946 3498 1031 3563 quae
1054 3477 1086 3541 in
1110 3497 1168 3562 spe
1200 3476 1394 3555 habeantur,
1426 3496 1498 3540 oum
1531 3474 1664 3539 culmini
1693 3482 1750 3540 tuo
1773 3472 1946 3559 contigerit

291 3581 433 3645 maxima
456 3580 520 3644 iam
543 3587 669 3647 tenere.
707 3580 757 3646 his
780 3581 949 3647 beneficiis
973 3581 1066 3647 eaelo
1082 3585 1215 3645 auctore
1232 3580 1370 3646 conlatis
1387 3580 1487 3645 etiam
1503 3580 1639 3645 notitiae
1656 3587 1691 3645 et
1706 3577 1976 3645 communionis4

227 3722 232 3735 ·
292 3691 423 3749 nostrae
453 3684 538 3751 bona
570 3685 754 3771 iungamus.
798 3682 927 3771 quando
949 3683 1029 3749 mibi
1052 3689 1178 3749 tautum
1202 3684 1305 3748 virum
1329 3683 1391 3748 uisi
1414 3704 1475 3769 per
1496 3683 1552 3748 illa
1575 3703 1659 3768 quae
1683 3681 1850 3769 praefatus
1874 3702 1944 3744 sum

291 3788 484 3873 contigisset
517 3794 719 3874 agnoscere?
772 3786 831 3852 sed
865 3793 1008 3873 augeant
1040 3809 1182 3874 superna
1215 3809 1299 3873 quae
1333 3787 1482 3852 tribuunt
1510 3793 1558 3864 et,
1594 3786 1635 3851 ad
1667 3807 1751 3872 quae
1781 3783 1945 3851 desideria

292 3893 510 3979 porriguntur,
539 3891 649 3958 divina
672 3913 729 3956 nos
752 3913 830 3956 eura
852 3889 1022 3977 perducat.
1067 3889 1155 3976 quod
1178 3895 1291 3968 restat,
1315 3891 1398 3972 vale,
1422 3891 1465 3956 mi
1488 3889 1628 3972 domine,
1652 3897 1685 3956 et
1708 3897 1871 3955 amantem
1895 3888 1974 3954 tuit

291 3995 411 4060 crebris
440 3997 515 4060 iove
544 3995 737 4081 conloquiis,
770 3995 846 4081 quia
875 3993 937 4059 nisi
960 3993 1147 4080 epistularis
1171 3995 1375 4060 concinnatio
1398 4002 1527 4062 teneret
1550 3995 1726 4060 terminum
1748 3995 1823 4081 lege
1848 4016 1942 4081 prae-

290 4100 456 4185 scriptum,
480 4099 600 4185 gaudia
621 4121 674 4165 me
699 4099 732 4163 in
754 4100 856 4163 multa
878 4097 979 4164 verba
1001 4097 1231 4164 diffunderent.

908 4387 1079 4460 ccam
1101 4390 1211 4478 (scier.
1228 4394 1259 4473 6,
1275 4391 1322 4477 6).

894 4568 1069 4644 ΒΟΕΤΙΟ
1096 4568 1343 4645 ENNODIVS.

405 4701 446 4791 P
448 4749 485 4792 ar
513 4726 644 4814 quidem
673 4728 781 4793 fuerat
810 4728 884 4793 unis
913 4727 1032 4793 litteris
1060 4727 1293 4813 magnitudinis
1323 4735 1400 4793 tuae
1430 4726 1638 4814 respondisse
1668 4728 1861 4815 simpliciter
1884 4733 1973 4792 nect

291 4833 459 4918 geminare
483 4831 604 4898 debere
622 4832 793 4919 conloquia
809 4832 912 4898 semel
928 4832 1121 4897 obnoxium:
1146 4830 1205 4898 sed
1221 4832 1374 4897 cautione
1390 4831 1432 4897 ad
1450 4832 1521 4905 boc,
1545 4853 1610 4896 non
1625 4832 1756 4897 inscitia
1771 4831 1944 4898 devolutus

395 5040 616 5109 lepiatslariaB
685 5039 902 5108 pacnitmliumB
1003 5038 1111 5107 dsunt]
1128 5050 1195 5108 gunt
1213 5040 1237 5105 (s
1253 5057 1309 5108 usp.
1327 5058 1353 5108 g,
1371 5048 1401 5093 nt
1417 5041 1445 5092 ia
1463 5040 1510 5105 ta)
1523 5039 1549 5090 B
1617 5041 1772 5109 respondeas
1787 5037 1880 5090 Vtar

394 5141 544 5212 [cccxix]
569 5142 665 5197 4Eun.
680 5144 802 5196 Faustot
889 5141 1047 5210 bquatinus
1064 5144 1144 5197 instat
1160 5142 1236 5194 ΠΛ*
1318 5140 1394 5196 Ssat
1410 5140 1535 5211 calleatis
1546 5142 1579 5208 B,
1597 5142 1945 5197 ntissitbetm.ree.iaB
2069 5209 2075 5217 ι

291 5229 308 5282 9
325 5231 460 5297 colloquiis
475 5229 500 5278 V
600 5228 634 5282 10
651 5228 695 5296 mi]
713 5231 777 5282 mibi
788 5229 866 5281 BVL
934 5227 1075 5283 delcctitB

394 5331 533 5402 [CCLXX]
569 5333 603 5386 12
620 5337 685 5386 Enn.
704 5336 872 5388 Aurelianod
994 5332 1028 5386 16
1045 5335 1154 5402 largires
1169 5334 1196 5385 B
1281 5335 1384 5387 tristitia
1399 5333 1450 5385 Ba
1572 5331 1605 5385 19
1622 5334 1746 5401 principis
1761 5331 1852 5398 V¹13²‚
1876 5335 1945 5402 priu-

290 5421 364 5488 cipiis
374 5418 488 5472 B¹V²L
598 5417 634 5472 20
650 5421 748 5473 accedit
762 5419 788 5471 V
889 5418 925 5472 22
941 5422 1042 5489 eripuet
1053 5420 1079 5472 B
1187 5418 1222 5474 23
1239 5421 1370 5474 comulum
1382 5420 1408 5471 B
1477 5421 1623 5489 prestolans
1639 5420 1663 5469 V
1768 5417 1803 5472 24
1820 5423 1899 5474 ctiam
1910 5420 1945 5487 B,

290 5523 339 5558 orn.
351 5515 394 5558 oet.
498 5504 533 5558 28
550 5506 684 5573 colloquiis
700 5506 725 5555 V
789 5506 959 5576 perscriptum
970 5507 997 5559 B

396 5607 545 5678 [CCLXXI]
580 5606 616 5662 30
632 5611 698 5663 Eun
715 5609 832 5664 eoscos

394 5702 535 5761 monus.
1704 5704 1739 5760 26
