4500 6232
629 277 738 335 curm
755 277 879 349 (seur.
896 279 921 344 s,
941 278 985 349 rr)
1006 309 1036 318 -
1055 278 1192 335 auxum
1211 279 1334 349 (usur.
1352 281 1378 346 e,
1397 280 1449 350 19).

838 587 979 656 (qu
1002 590 1113 674 (urrsr.
1131 595 1162 672 9,
1183 592 1245 676 17).

767 767 1003 843 ENNODIVS
1031 766 1323 843 APODEMIAE.

323 894 414 988 Non
437 924 555 988 clauda
576 924 658 989 fides
682 932 731 991 est
754 925 913 1011 opinionis
930 926 1095 1012 antiquae,
1119 947 1204 1011 quac
1224 927 1377 1013 perhibet
1392 927 1479 1013 quod
1495 928 1721 1013 propinquitas
1736 928 1897 1012 generisi

215 1049 279 1093 non
309 1026 501 1092 defrudetur
528 1027 767 1113 longinquitate
800 1030 953 1115 regionis.
999 1037 1133 1095 manent
1165 1031 1361 1095 familiarum
1397 1032 1465 1095 suis
1489 1032 1561 1095 iura
1585 1031 1780 1112 cardinibus,
1809 1051 1869 1095 nec

215 1153 299 1216 quae
329 1137 404 1195 sunt
431 1131 537 1195 divisa
566 1131 772 1210 habitaculis,
802 1132 1021 1197 dissociantur
1048 1133 1229 1198 animabus.
1275 1135 1437 1220 percurrit
1464 1133 1631 1197 aetherius
1660 1134 1761 1218 rigor,
1795 1133 1868 1197 ubi-

150 1262 160 1297 s
215 1255 353 1319 eumque
377 1235 483 1299 carnis
508 1237 702 1321 cognatione
730 1223 939 1321 producitur,
960 1243 993 1302 et
1021 1237 1077 1300 illa
1106 1239 1259 1302 caelestis
1288 1238 1394 1323 portio
1423 1238 1518 1301 unius
1550 1237 1677 1323 patriae
1701 1257 1766 1301 non
1790 1258 1868 1301 eon-

213 1337 336 1402 tinetur
351 1338 524 1422 angustiis.
562 1339 608 1402 sie
631 1345 678 1416 tu,
701 1338 819 1404 domne
842 1362 925 1421 mee,
950 1342 1047 1426 longe
1072 1362 1091 1404 e
1115 1362 1251 1428 corpore
1270 1341 1448 1426 degentem
1464 1340 1652 1405 Ennodium
1669 1341 1902 1427 perquisisti,2

215 1441 381 1507 efferendo
405 1441 601 1507 desideratis
625 1443 736 1507 nobile
759 1465 877 1509 munus
899 1444 1098 1531 aspectibus.
1139 1446 1252 1530 accepi
1277 1445 1439 1509 cucullam
1456 1444 1584 1529 qualem
1601 1443 1715 1508 debuit
1730 1444 1870 1529 dirigere

215 1545 408 1630 religionem
431 1546 606 1631 profitenti.
652 1547 867 1628 sanctissima,
897 1569 955 1613 ora
976 1555 1012 1614 ut
1041 1549 1177 1634 dignum
1205 1571 1258 1615 me
1288 1550 1457 1614 humilium
1486 1548 1686 1612 indumentis
1715 1549 1778 1613 etsi
1806 1569 1871 1612 non

214 1650 410 1713 invenerunt
438 1647 524 1712 dona
552 1655 671 1730 vestra,
705 1656 815 1716 tamen
847 1653 953 1716 meriti
983 1652 1032 1716 sui
1055 1653 1228 1717 nobilitate
1260 1652 1440 1738 perficient.
1486 1650 1616 1716 domina
1647 1652 1700 1730 mi,
1730 1650 1902 1716 salutem3

215 1751 434 1836 largissimam
456 1751 568 1817 dicens
591 1773 682 1837 rego,
705 1760 742 1818 ut
759 1755 873 1820 crebro
889 1776 941 1820 me
958 1756 1153 1820 venerandis
1169 1757 1323 1822 relevetis
1340 1755 1502 1841 alloquiis.
1537 1755 1666 1819 laenam
1683 1762 1718 1819 et
1733 1774 1870 1819 racanas

215 1854 308 1920 cuius
332 1875 390 1920 vos
414 1855 583 1921 volueritis
605 1855 734 1936 coloris,
758 1857 851 1922 rubei
874 1864 931 1922 aut
952 1859 1047 1940 fusci,
1070 1860 1149 1926 mihi
1172 1861 1232 1925 sub
1257 1860 1427 1925 celeritate
1450 1858 1592 1945 dirigite.

829 2147 992 2217 cuxnll
1015 2149 1125 2237 (uersu
1143 2153 1173 2230 9,
1192 2149 1257 2235 18).

754 2326 993 2403 ENNODIVS
1020 2326 1336 2401 STEPHANIAE.

335 2455 520 2552 Sufficeret
541 2487 693 2572 equidem
717 2509 776 2574 pro
800 2489 968 2574 epistolari
992 2489 1186 2554 commercio
1210 2489 1362 2552 meritum
1383 2486 1563 2573 portitoris,
1587 2485 1641 2550 cui
1661 2492 1696 2550 et
1710 2505 1796 2548 vena
1811 2489 1900 2549 sual

215 2591 302 2677 quod
331 2590 527 2675 loquendum
557 2596 609 2655 est
632 2599 665 2657 et
688 2613 771 2678 pura
794 2592 881 2657 circa
903 2613 956 2658 me
980 2593 1143 2657 ministrat
1165 2591 1306 2657 affectio.
1352 2590 1411 2656 sed
1433 2589 1560 2654 animus
1582 2609 1675 2654 meus
1698 2587 1741 2652 ed
1763 2587 1870 2673 dupli-

151 2744 156 2757 .
216 2701 324 2758 catum
347 2694 483 2759 festinat
506 2695 714 2781 obsequium,
743 2716 805 2761 nec
829 2697 968 2781 simplici
991 2717 1088 2781 qnam
1113 2695 1298 2760 reverentia
1321 2700 1432 2759 vestra
1455 2693 1561 2777 exigit
1584 2691 1769 2756 humilitate
1793 2711 1870 2756 con-

215 2802 336 2878 tentus,
358 2797 477 2862 domno
494 2797 623 2864 Avieno
648 2799 771 2885 scripta
794 2800 979 2884 coniungit:
1003 2799 1051 2863 illi
1075 2820 1173 2884 quern
1196 2798 1238 2863 de
1262 2799 1362 2884 stirpe
1383 2804 1495 2862 vestra
1518 2800 1726 2881 procreatum
1748 2801 1782 2858 et
1803 2795 1873 2859 vita

215 2900 323 2985 prodit
351 2907 385 2965 et
415 2902 530 2965 oratio.
575 2903 719 2987 graviter
749 2911 859 2968 tamen
887 2904 974 2982 fero,
1007 2902 1095 2988 qued
1126 2903 1263 2967 rusticas
1292 2922 1391 2966 voces
1420 2899 1517 2964 nimis
1545 2898 1673 2962 urbana
1703 2905 1736 2961 et
1759 2896 1871 2961 subtili

216 3004 400 3070 elocutione
425 3005 575 3070 narratis.
614 3027 679 3070 non
702 3007 747 3070 ite
770 3008 858 3071 circa
874 3008 1032 3071 familiam
1047 3014 1192 3071 vestram
1209 3006 1316 3091 gratia
1331 3004 1485 3070 caelestis
1500 3002 1650 3081 innotuit,
1674 3007 1711 3064 ut
1726 3001 1902 3086 aliquom2

215 3108 248 3173 in
272 3130 313 3173 ea
335 3109 434 3172 liceat
456 3109 633 3174 maioribus
658 3111 725 3174 suis
750 3111 941 3196 autlingua
964 3132 1039 3176 esse
1063 3116 1120 3175 aut
1142 3112 1271 3175 actione
1295 3108 1499 3186 dissimilem,
1522 3106 1585 3169 nisi
1608 3104 1693 3169 forte
1710 3104 1797 3189 quod
1813 3124 1870 3167 vos

138 3270 148 3282 ,
217 3232 316 3297 snpra
348 3212 531 3277 claritatem
563 3214 728 3279 seniorum
761 3220 894 3278 sanetae
921 3214 1089 3279 viduitatis
1116 3216 1150 3278 in
1177 3214 1268 3277 vobis
1301 3213 1411 3297 fulgor
1440 3210 1591 3275 inradiat.
1635 3229 1753 3294 nempe
1784 3208 1871 3271 illius

215 3313 324 3378 domni
338 3315 453 3380 Fausti
475 3336 633 3400 gennana
656 3339 702 3397 es,
726 3317 759 3380 in
776 3318 868 3382 cuius
885 3317 1094 3403 praefectura
1110 3316 1196 3402 quod
1213 3315 1390 3380 monachos
1407 3314 1556 3378 instituat
1572 3311 1748 3391 invenitur,
1773 3331 1871 3396 quem

215 3416 289 3503 plus
313 3424 362 3483 est
384 3419 514 3484 actione
535 3420 758 3484 venerabilem
782 3441 857 3485 esse
881 3441 979 3505 quam
1001 3420 1105 3486 titulo.
1143 3440 1298 3504 rogovos
1322 3417 1453 3482 servitio
1478 3414 1687 3481 salutationis
1710 3412 1903 3494 exhibito‚3

214 3528 252 3585 ut
285 3542 460 3608 numquam
495 3522 766 3588 scholasticorum
798 3522 958 3589 indociles
991 3524 1233 3610 conpositiones
1264 3521 1389 3586 sanctis
1428 3519 1658 3585 dictationibus
1692 3516 1869 3582 misceatis.

215 3624 336 3690 sufficit
376 3626 455 3690 mihi
493 3624 580 3712 quod
620 3624 776 3707 admirer,
815 3627 901 3714 qnod
942 3627 970 3693 si
1009 3646 1139 3692 mereor
1175 3626 1268 3712 sequi
1305 3625 1461 3706 debeam,
1501 3624 1535 3689 in
1570 3621 1688 3688 vestris
1720 3618 1872 3687 sensibus

214 3749 373 3796 mvemre.

821 3952 1006 4022 (fuxum
1030 3953 1141 4041 (rrrsr.
1158 3957 1189 4035 9,
1207 3954 1271 4041 19).

795 4133 1032 4208 ENNODIVS
1059 4133 1296 4207 AGNELLO.

333 4263 459 4376 Longo
493 4292 620 4355 animus
651 4313 744 4357 meus
776 4291 934 4379 pependit
964 4293 1107 4373 incerto,
1141 4299 1249 4357 utrum
1283 4313 1341 4377 pro
1373 4289 1545 4376 diligentia
1576 4286 1711 4352 notitiae
1741 4293 1902 4351 vostraol

217 4396 347 4460 ianuam
371 4397 558 4482 scriptionis
582 4398 713 4462 amabili
737 4398 1003 4484 praesumptione
1029 4399 1194 4484 pulsarem
1219 4404 1252 4462 et
1268 4394 1539 4461 excellentissimi
1556 4392 1697 4458 hominis
1713 4411 1774 4477 per
1789 4389 1875 4452 huno

217 4500 335 4564 callem
367 4506 483 4586 pectus
505 4501 698 4586 ingrederer
725 4523 849 4588 anper
872 4504 1021 4569 homines
1044 4511 1173 4570 vestros
1196 4525 1282 4589 vaga
1306 4503 1504 4568 salutatione
1528 4503 1713 4577 contentus,
1746 4499 1876 4561 secreta

218 4603 336 4687 quibus
366 4604 540 4669 obsidebar
568 4607 804 4692 inrumperem,
844 4609 921 4693 quia
949 4609 1054 4672 visum
1082 4609 1161 4672 mihi
1192 4615 1243 4672 est
1272 4627 1337 4672 non
1369 4627 1442 4670 esse
1472 4605 1504 4667 in
1535 4602 1702 4667 hominum
1738 4619 1873 4664 numero

219 4708 447 4794 conputandus
477 4729 573 4793 quem
602 4708 769 4774 hominum
796 4711 983 4796 potissimus
1005 4712 1181 4796 ignoraret.
1228 4718 1261 4775 et
1283 4710 1380 4796 plene
1404 4709 1451 4772 illi
1476 4727 1538 4772 nec
1560 4726 1668 4769 mores
1693 4703 1908 4788 suggerunt2

218 4812 370 4877 fiduciam
402 4835 462 4878 nee
491 4820 623 4893 natura,
656 4814 711 4900 qui
738 4814 771 4878 in
794 4835 870 4879 arce
894 4814 1010 4878 locatis
1034 4812 1255 4895 absconditur,
1286 4812 1381 4877 vobis
1404 4809 1596 4897 praecipue,
1629 4827 1711 4893 quos
1734 4811 1873 4891 uterque

323 5037 449 5107 [CDXLI]
485 5038 593 5092 2clada
604 5040 649 5092 B⁰
717 5049 756 5092 est
773 5058 821 5092 om.
836 5039 915 5093 Sir-m.
1020 5038 1038 5091 4
1056 5040 1186 5093 babiculis
1203 5057 1258 5105 sup.
1272 5039 1318 5089 tte
1337 5045 1363 5088 ta
1374 5037 1400 5089 Β
1503 5034 1520 5087 5
1536 5035 1673 5104 productor
1685 5032 1711 5084 Β
1784 5028 1874 5097 unius]

218 5142 295 5177 umus
306 5125 352 5176 Β9
439 5122 498 5191 te]
511 5127 543 5177 ed
554 5126 580 5178 Β
667 5123 682 5176 7
701 5128 830 5179 offerendo
847 5128 1013 5179 desiderantis
1031 5127 1095 5178 coni.
1109 5125 1206 5176 Hartel
1257 5122 1420 5175 omullamB
1472 5123 1587 5188 diregere
1599 5119 1625 5171 B
1710 5114 1728 5168 8
1745 5117 1875 5184 profitenti

218 5212 386 5263 sanctissima.
404 5229 448 5263 ora
466 5204 582 5263 didicerit
593 5212 690 5264 Haeret
776 5230 844 5265 noon
856 5212 897 5263 Β]
1031 5211 1048 5264 u
1066 5209 1112 5279 mi]
1131 5213 1194 5263 mihi
1206 5210 1283 5261 BVL
1409 5207 1443 5259 10
1460 5225 1500 5259 ms
1518 5208 1594 5258 emb
1717 5202 1747 5255 11
1767 5203 1838 5256 tobei
1850 5202 1876 5254 B

218 5295 360 5365 eeleritate]
378 5299 483 5351 caritate
495 5298 521 5348 Β

324 5397 463 5468 [cuxuu]
501 5400 534 5452 15
551 5403 638 5468 exiget
650 5401 676 5453 Β
809 5400 841 5453 16
863 5403 1004 5470 coniungat
1016 5401 1042 5452 B
1179 5398 1210 5451 17
1229 5397 1316 5465 uoces]
1335 5415 1383 5450 uos
1395 5397 1421 5447 Β
1518 5396 1616 5448 οὼιω
1627 5392 1653 5444 Β
1750 5391 1839 5459 suptili
1851 5390 1877 5442 Β

221 5484 254 5538 19
270 5484 312 5554 ea]
331 5505 362 5539 ae
374 5486 400 5537 B
493 5484 525 5537 21
546 5489 684 5539 monaches
696 5486 785 5538 Sabou
801 5496 826 5540 et
843 5487 932 5551 Sim,
949 5489 1092 5540 monachus
1108 5488 1207 5539 codices
1303 5483 1338 5535 23
1356 5485 1472 5536 indocilis
1487 5482 1594 5535 BVLT
1684 5478 1720 5532 24
1737 5481 1840 5532 sufficet
1851 5478 1877 5530 Β

324 5585 477 5656 [cunum]
513 5587 548 5640 28
565 5590 765 5643 excelentissimi
777 5590 802 5642 B
904 5588 940 5642 30
956 5591 1029 5643 uisus
1041 5590 1138 5642 Hertel
1241 5586 1274 5640 31
1292 5589 1368 5656 plena
1380 5586 1414 5651 B,
1435 5588 1512 5655 plane
1529 5586 1606 5638 ceteri
1709 5579 1744 5634 32
1761 5582 1840 5635 arche
1851 5579 1877 5631 Β

323 5697 461 5756 &noema
1635 5691 1670 5747 39
