4500 6232
866 282 983 337 xxxiv
1002 282 1126 351 (narse.
1144 285 1169 351 a,
1189 285 1224 347 ι).
1833 291 1874 352 35

220 460 333 519 secuta
355 455 476 540 proles,
500 460 533 518 et
556 455 723 540 scriptoris
746 456 832 521 bene
855 457 1004 521 meminit
1028 459 1118 521 etin
1143 456 1252 542 Satyri
1279 458 1388 521 fratris
1419 459 1489 523 eius
1513 459 1604 523 obitu
1626 460 1772 524 lamenta
1795 481 1871 525 con·

218 557 332 642 iungit,
356 556 432 641 quia
455 557 525 622 eius
550 558 735 642 provisione
760 561 897 646 contigit
920 567 1085 626 recentem
1105 560 1252 626 dolorem
1268 567 1445 639 ostentare,
1470 561 1545 626 dum
1569 563 1722 647 loquitur,
1746 572 1779 628 et
1796 571 1873 630 ante

218 660 386 745 legentum
410 660 522 725 oculos
546 681 677 746 semper
700 663 889 728 exhalantia
913 664 1060 749 spiritum
1085 665 1150 728 iam
1173 664 1230 728 diu
1252 665 1397 730 defuncti
1427 665 1574 730 membra
1602 674 1784 730 monstrare
1808 689 1869 732 nec

218 783 370 848 umquam
393 765 460 850 pati
483 765 679 830 veteriscere
703 767 870 832 relationis
899 768 964 832 fide
986 769 1098 849 funus,
1131 768 1218 852 quod
1240 769 1317 832 anni
1340 775 1516 853 potuerunt
1540 769 1680 855 sepelire
1704 771 1871 835 transacti.

221 866 272 929 his
295 866 342 929 ita
365 887 401 930 se
424 866 621 932 habentibus
646 871 814 934 oculorum
837 871 971 934 flumina
993 871 1124 936 refrena
1154 877 1187 935 et
1214 872 1366 949 animum,
1398 873 1425 935 si
1452 874 1571 958 placet,
1602 872 1644 937 ad
1677 874 1749 938 eius
1772 875 1873 938 verba
1907 876 1926 934 4

220 977 387 1049 converte,
410 972 464 1056 qui
486 972 547 1036 tibi
569 973 651 1038 flens
675 976 860 1039 consolator
883 976 1036 1040 occurrit.
1082 975 1230 1040 amisisse
1254 981 1286 1039 te
1315 974 1417 1039 filium
1449 997 1534 1062 pene
1557 977 1688 1040 unicum
1711 984 1745 1042 et
1767 978 1874 1042 bonae

219 1073 347 1153 indolis,
371 1073 457 1159 quod
480 1077 585 1161 patria
607 1097 670 1141 non
703 1077 800 1142 nimis
827 1079 965 1163 requirit
992 1079 1132 1159 affectio,
1161 1079 1347 1165 provinciae
1378 1079 1521 1144 ululatus
1551 1080 1706 1161 ostendit,
1737 1080 1873 1145 eumad

220 1177 378 1243 solacium
402 1179 581 1263 gemituum
604 1188 732 1245 tuorum
755 1201 831 1245 suos
862 1182 1001 1266 iungens
1031 1181 1107 1266 quid
1131 1181 1171 1247 de
1195 1202 1233 1245 eo
1258 1183 1397 1247 senserit
1424 1190 1566 1248 testatur
1593 1183 1799 1248 universitas.
1838 1193 1872 1248 tu
1907 1183 1926 1240 5

220 1288 328 1345 tamen
353 1281 438 1345 inter
460 1281 524 1346 ista
546 1284 637 1368 quasi
662 1285 815 1370 specialis
838 1285 913 1349 mali
936 1307 1071 1371 pressus
1095 1307 1195 1351 onere
1213 1286 1430 1368 concluderis,
1454 1289 1606 1353 nesciens
1621 1289 1871 1375 temperandum

221 1384 307 1470 quod
337 1406 397 1471 per
428 1386 602 1450 multorum
633 1387 815 1473 dispersum
845 1389 943 1453 corda
975 1410 1145 1454 commune
1177 1397 1236 1456 est.
1281 1411 1381 1474 quare
1416 1412 1494 1476 ergo
1528 1393 1693 1477 propriam
1721 1393 1875 1457 aestimes

219 1487 431 1567 anxietatem,
455 1508 551 1572 quam
575 1510 667 1554 suam
691 1512 750 1577 per
773 1490 928 1555 affectum
951 1499 1043 1556 tuum
1064 1492 1172 1556 fecere
1194 1494 1463 1578 quamplurimi?
1487 1501 1605 1571 tecum,
1629 1503 1664 1559 ut
1680 1495 1720 1559 de
1737 1503 1876 1580 cognata

217 1598 316 1677 gente
341 1600 480 1672 taceam,
505 1591 632 1657 Gothus
657 1592 830 1678 adfligitur,
863 1601 896 1658 et
924 1600 959 1658 tu
982 1593 1087 1657 adhuc
1116 1595 1206 1678 quasi
1235 1596 1324 1658 solus
1353 1596 1492 1681 propriis
1520 1597 1668 1662 aestibus
1700 1598 1873 1662 subiacens

216 1695 405 1760 inclinaris?
429 1696 591 1760 instruant
619 1703 663 1775 te,
696 1717 830 1782 quaeso,
860 1705 1008 1762 veterum
1038 1704 1229 1761 ornamenta
1258 1717 1384 1762 morum
1412 1707 1444 1764 ct
1468 1721 1487 1764 a
1509 1702 1666 1765 maeroris
1689 1700 1729 1764 ad
1754 1700 1872 1765 bonam

218 1798 430 1864 valitudinem
459 1799 639 1864 intentione
680 1800 863 1865 restituant.
909 1800 1075 1865 Abraham
1109 1801 1240 1865 unicum
1274 1802 1375 1867 filium
1408 1805 1504 1868 morti
1537 1805 1629 1888 quasi
1663 1805 1737 1890 pius
1771 1812 1874 1890 pater,
1909 1800 1928 1858 6

154 1923 165 1956 -··
220 1902 305 1989 quod
328 1903 433 1967 maius
457 1909 518 1984 est,
542 1905 648 1969 laetus
673 1905 822 1969 exhibuit
845 1912 878 1970 et
900 1904 941 1969 ad
964 1926 1079 1969 necem
1103 1904 1161 1968 filii
1185 1925 1374 1970 mucronem
1405 1909 1536 1991 genitor
1566 1909 1752 1972 misericors
1777 1929 1872 1994 prae·

218 2006 355 2091 paravit.
400 2013 436 2070 tu
459 2009 653 2072 translatum
678 2008 814 2072 caelesti
838 2007 957 2071 iudicio
985 2007 1077 2092 quasi
1101 2007 1235 2072 orbatus
1264 2009 1399 2093 inquiris
1431 2018 1473 2089 et,
1505 2031 1603 2096 quem
1626 2032 1690 2075 non
1714 2011 1875 2076 obtulisse

220 2112 426 2197 saerilegium
453 2113 522 2194 fuit,
546 2113 631 2177 hunc
655 2134 772 2178 oneras
795 2113 927 2178 fletibus
951 2120 1132 2178 evocatum.
1169 2115 1202 2177 in
1225 2134 1289 2198 qua
1312 2135 1412 2178 causa
1435 2113 1621 2179 Davitieum
1645 2113 1704 2178 tibi
1726 2122 1876 2180 occurrat

220 2217 419 2301 exemplum,
449 2217 504 2300 qui
527 2216 684 2281 feretrum
706 2216 752 2280 fili
782 2237 883 2280 ovans
912 2223 946 2281 et
973 2216 1034 2282 deo
1065 2217 1211 2282 referens
1239 2218 1361 2301 gratias
1389 2219 1584 2295 antecessit,
1613 2217 1699 2302 quod
1730 2218 1876 2303 dignatio

220 2339 362 2406 superna
384 2318 425 2382 de
449 2319 626 2384 venerandi
648 2321 797 2405 profetae
826 2320 949 2384 semine
980 2342 1076 2405 quem
1103 2321 1187 2385 forte
1215 2327 1444 2385 muneraretur
1473 2320 1648 2384 acciverat.
1694 2327 1729 2384 tu
1754 2323 1780 2384 si
1803 2322 1874 2386 eius
1911 2315 1928 2374 7

140 2448 151 2480 ·.
221 2422 404 2486 aemulator
427 2443 492 2486 non
521 2423 704 2508 prorumpis
732 2424 764 2486 in
792 2423 957 2508 gaudium,
987 2432 1076 2489 certe
1105 2432 1253 2511 tempera
1283 2425 1343 2488 sub
1372 2425 1481 2509 aliqua
1508 2424 1667 2510 praedicti
1695 2425 1877 2489 imitatione

219 2526 427 2591 maestitiam.
468 2527 642 2612 replicabis
664 2528 813 2604 forsitan,
836 2529 890 2592 vix
914 2531 978 2594 ista
1001 2529 1109 2614 aegris
1133 2530 1240 2593 animo
1263 2550 1361 2613 posse
1385 2527 1514 2592 suaderi
1538 2537 1571 2592 et
1595 2530 1626 2592 in
1651 2529 1743 2613 gravi
1767 2528 1872 2592 tribu-

222 2629 344 2693 latione
368 2629 474 2692 locum
499 2651 562 2694 non
587 2631 708 2696 habere
733 2633 879 2711 consilia,
904 2633 1053 2697 orbatum
1075 2654 1141 2697 non
1165 2633 1328 2717 respicere
1348 2631 1504 2717 quidquid
1526 2631 1676 2695 hortatur
1699 2631 1740 2695 ad
1764 2631 1875 2705 vitam,

220 2734 351 2797 unicum
375 2731 541 2798 desolatos
565 2735 688 2800 habere
713 2737 746 2799 in
770 2736 939 2801 evocanda
960 2743 1065 2802 morte
1088 2736 1280 2801 subsidium.
1317 2736 1368 2799 his
1385 2734 1496 2806 addas,
1521 2734 1606 2819 quod
1626 2736 1711 2819 frugi
1729 2736 1876 2800 sobolem

221 2845 255 2900 ct
277 2857 361 2921 quac
385 2842 531 2900 teneram
555 2846 697 2904 aetatem
721 2839 864 2906 vinceret
886 2862 1013 2904 morum
1036 2841 1197 2905 modestia
1229 2839 1411 2927 perdidisti,
1443 2839 1589 2923 allegans
1613 2840 1762 2903 iuvenem
1787 2847 1877 2904 tuum

141 2959 166 2992 ·-··
221 2941 399 3004 inmaturus
423 2961 536 3009 annos.
561 2942 615 3025 qui
638 2943 782 3026 peccatis
806 2943 901 3007 amici
925 2950 1010 3022 sunt,
1034 2945 1174 3028 glorioso
1197 2943 1261 3007 fine
1286 2943 1443 3007 clausisse
1466 2951 1499 3007 et
1523 2943 1556 3005 in
1572 2942 1689 3006 aetatis
1706 2942 1877 3027 naufragio

220 3044 262 3108 ab
286 3067 325 3110 eo
349 3044 390 3109 de
414 3052 510 3132 portu
534 3045 663 3110 animae
686 3047 789 3109 fuisse
816 3053 999 3111 tractatum.
1046 3048 1161 3132 quibus
1194 3068 1255 3131 ego
1286 3046 1434 3111 dolorum
1465 3053 1594 3109 tuorum
1622 3046 1776 3110 fomentis
1800 3047 1877 3111 licet
1911 3044 1930 3104 8

221 3153 365 3213 maestus
389 3169 565 3234 opponam:
589 3149 695 3213 minus
719 3151 877 3235 peccavit,
901 3150 987 3236 quod
1011 3151 1191 3215 inmaturus
1214 3151 1371 3235 abruptus
1395 3157 1462 3224 est;
1487 3150 1593 3214 iunxit
1615 3149 1657 3214 ad
1680 3151 1780 3214 vitam
1804 3171 1877 3236 per·

221 3259 354 3339 petuam
378 3252 522 3316 melioris
547 3254 671 3318 sacculi
695 3255 781 3338 quod
805 3255 838 3319 in
861 3255 924 3319 ista
947 3255 1102 3320 servavit:
1135 3254 1346 3340 paenitentia,
1370 3275 1467 3338 quarn
1491 3274 1566 3317 eum
1590 3254 1697 3338 egisse
1722 3253 1876 3338 loqueris,

223 3357 283 3419 ctsi
306 3355 339 3420 in
364 3355 435 3442 ipso
460 3376 524 3420 non
550 3357 733 3422 invenisset
756 3357 842 3443 quod
873 3357 1023 3435 dilueret,
1054 3359 1225 3422 invenerat
1254 3356 1340 3441 quod
1368 3365 1509 3435 ornaret,
1538 3376 1622 3441 quac
1651 3356 1803 3440 quotiens
1827 3357 1875 3419 in-

143 3500 149 3511 ·
222 3459 418 3524 nocentibus
446 3456 551 3541 datur,
579 3481 732 3543 coronam
761 3482 818 3548 pro
846 3461 1038 3525 humilitatis
1066 3459 1240 3524 affectione
1271 3460 1432 3524 conciliet.
1479 3458 1520 3523 ad
1550 3459 1632 3523 hacc
1660 3459 1874 3544 respondeas:
1910 3461 1930 3518 b

221 3582 360 3646 quomo
384 3569 521 3642 vertam,
542 3563 654 3644 frater,
677 3565 732 3649 qui
756 3572 886 3650 praeter
910 3563 1060 3629 lacrimas
1084 3564 1117 3627 in
1140 3565 1307 3648 praesenti
1331 3565 1403 3628 luee
1425 3563 1469 3626 nil
1493 3563 1626 3627 habco?
1650 3562 1799 3643 adiciam,
1823 3561 1877 3628 dei

221 3666 465 3752 proximitatem
496 3666 642 3732 invenire
671 3688 770 3753 posse
802 3668 977 3743 hominem,
1013 3667 1067 3752 qui
1101 3666 1142 3731 de
1174 3666 1339 3730 hominum
1371 3687 1436 3730 non
1466 3666 1622 3739 laetatur;
1657 3666 1689 3728 in
1720 3667 1791 3730 loco
1820 3667 1878 3731 filii

223 3769 400 3835 succedere
423 3790 522 3856 posse
546 3771 792 3849 conscientiam,
824 3793 908 3857 quae
939 3779 1071 3836 sanctos
1100 3771 1172 3835 cius
1202 3764 1342 3835 her'edes
1372 3770 1526 3834 inveniat.
1571 3789 1636 3833 non
1666 3790 1764 3833 unam
1797 3771 1931 3854 crgold

222 3875 320 3953 viam,
351 3875 379 3938 si
402 3874 515 3939 audire
540 3875 695 3960 digneris,
726 3877 813 3942 vitae
836 3877 983 3941 melioris
1007 3874 1189 3949 ostendam,
1221 3873 1298 3939 licet
1329 3880 1385 3938 tua
1408 3894 1472 3937 non
1497 3880 1593 3958 egeat
1616 3872 1777 3938 monitore
1801 3894 1876 3960 pcr-

158 3994 169 4027 1·
223 3978 322 4043 fectio
357 3999 418 4042 nec
451 3979 608 4063 magistro
643 3999 725 4065 opus
761 3980 803 4043 sit
835 3981 875 4060 ei,
912 4001 1008 4063 quern
1043 3981 1193 4044 fecerunt
1230 3985 1362 4042 actuum
1397 3998 1528 4041 suorum
1564 3977 1809 4042 emendationes
1845 3984 1878 4042 et

223 4081 474 4147 honestamenta
490 4083 713 4168 conspicuum,
737 4083 799 4146 uisi
816 4089 942 4147 tantum
960 4091 995 4147 ut
1018 4082 1265 4162 adhortationis,
1290 4103 1386 4166 quam
1408 4081 1545 4145 consilio
1564 4087 1620 4144 tuo
1638 4087 1672 4146 ct
1686 4080 1877 4165 prudentiae

223 4183 337 4265 debes,
361 4184 458 4250 fidem
483 4185 659 4271 diligenter
682 4187 853 4271 expendas
877 4194 910 4252 et
934 4188 974 4252 ad
999 4188 1192 4252 caelestium
1215 4207 1384 4251 muncrum
1402 4186 1555 4250 affectum
1572 4192 1604 4249 te
1622 4207 1767 4265 revoces,
1791 4185 1877 4250 unde

223 4289 340 4354 vitales
364 4310 460 4354 auras
484 4298 517 4353 et
539 4291 716 4376 accipimus
741 4300 773 4356 et
797 4313 961 4358 amamus:
986 4300 1019 4356 ct
1042 4298 1171 4376 gratum
1194 4291 1289 4355 nobis
1312 4290 1348 4354 fit
1370 4289 1578 4369 beneficium,
1613 4289 1704 4353 cuius
1737 4289 1873 4353 colimus

224 4399 259 4458 et
281 4412 475 4458 veneramur
497 4400 674 4459 auctorem.
711 4396 775 4459 ista
799 4403 883 4476 sunt,
908 4417 992 4481 quae
1013 4396 1105 4460 brevi
1122 4416 1273 4461 sermone
1290 4394 1404 4459 dolens
1422 4415 1541 4478 magna
1558 4394 1723 4472 contexui,
1746 4399 1874 4478 ruptam
1893 4389 1926 4448 ll

225 4496 421 4583 singultibus
445 4499 716 4564 contestationem
741 4521 800 4587 pro
824 4501 889 4564 stili
912 4501 1063 4566 ubertate
1087 4500 1241 4584 dirigens,
1264 4497 1340 4561 dum
1364 4504 1452 4561 muto
1476 4496 1620 4561 lamenta
1642 4496 1833 4581 conloquiis.

227 4692 325 4699 ----
361 4693 442 4700 .-——
469 4693 634 4699 —-.—-.

327 4828 458 4896 lopitula
472 4831 477 4889 Ι
493 4837 577 4881 menta
595 4827 621 4895 (p
634 4829 820 4883 eshcorrlB
878 4831 1016 4896 coniungat
1029 4829 1054 4879 Β
1144 4827 1313 4896 3legeutium
1328 4826 1385 4876 t'I'b
1478 4824 1665 4877 inclarescere
1682 4824 1706 4872 V
1795 4822 1879 4891 tiqui]

222 4913 320 4981 quiaB
406 4917 533 4967 ammisse
549 4914 594 4964 ΓΙ]
679 4924 705 4966 et
722 4917 804 4967 bonae
822 4953 949 4967 .......
968 4918 1120 4984 prouincia
1140 4914 1256 4966 lavarat!
1380 4910 1510 4963 lindoles
1524 4911 1548 4960 B
1632 4929 1683 4961 nou
1702 4911 1776 4961 nimis
1789 4910 1876 4963 BVT.

223 4999 369 5052 rrominisL
387 4999 465 5064 (corr.
483 5001 511 5050 in
528 5018 577 5066 της).
597 5019 666 5051 naon.
682 5002 723 5066 2),
742 4998 842 5063 Gbe,
860 5020 912 5053 non
931 5004 1015 5054 nrinus
1029 5002 1108 5052 Siras.
1187 5001 1298 5066 requiret
1313 4999 1337 5048 Β
1457 4996 1474 5047 8
1492 4998 1598 5048 serrserit
1612 4996 1649 5059 B,
1672 5003 1786 5047 ecrrseret
1804 4995 1880 5046 ceteri

222 5085 333 5139 bonore
347 5104 453 5153 propos.
467 5087 564 5137 Horret
581 5085 626 5153 (cs.
637 5106 664 5152 p.
679 5090 723 5143 39,
737 5088 786 5153 12),
804 5106 865 5141 nece
881 5090 940 5139 libri
1046 5086 1079 5138 10
1096 5085 1246 5137 aestimisB
1352 5083 1379 5134 ll
1404 5080 1495 5148 fecere]
1509 5081 1649 5133 facereBl
1759 5079 1879 5147 l‘2gotus

222 5173 320 5224 cortices
413 5175 538 5241 affligitur
558 5173 582 5222 V
727 5173 759 5224 lli
782 5176 923 5226 instruente
941 5193 964 5240 q.
980 5172 1056 5224 Bel,
1153 5189 1252 5222 urorum
1277 5172 1368 5236 scripsi
1389 5169 1434 5236 (ej.
1450 5167 1603 5220 ecutl'l'll
1616 5167 1657 5231 2),
1679 5169 1801 5218 maiorum
1820 5168 1880 5218 titas·

222 5256 256 5309 16
273 5259 424 5326 inquiresB
487 5261 679 5313 obtullisseB1
791 5261 823 5310 18
841 5261 877 5311 fili
891 5260 922 5321 Β,
940 5260 987 5311 filii
1005 5259 1079 5310 ceteri
1143 5255 1221 5324 qnod]
1241 5258 1303 5323 quid
1315 5256 1360 5306 Β(ι
1464 5254 1494 5304 ‘21
1517 5250 1662 5322 replicabis]
1683 5252 1800 5319 replieaei
1820 5254 1841 5303 is
1854 5253 1880 5303 B

221 5341 256 5394 22
280 5345 416 5397 consilium
434 5345 479 5396 13⁰
575 5348 697 5413 quicquid
719 5347 742 5395 Γ
880 5343 914 5395 24
940 5342 1017 5411 quae]
1044 5344 1127 5410 quob
1223 5343 1332 5410 alligans
1351 5341 1375 5390 Β
1514 5339 1548 5390 28
1575 5338 1755 5406 paenitentiam
1782 5339 1881 5391 codices

220 5428 256 5480 29
274 5426 332 5497 etsi]
351 5432 373 5482 si
393 5426 464 5490 01³⁶,
487 5433 586 5484 etiamsi
605 5432 684 5484 Sirm.
824 5429 859 5483 30
882 5430 1002 5482 conciliet
1021 5427 1085 5492 BT,
1109 5430 1229 5481 conciliat
1251 5429 1326 5479 cetea
1464 5424 1494 5475 31
1521 5422 1567 5490 nil]
1590 5424 1655 5474 nihil
1674 5423 1702 5484 b,
1726 5440 1793 5477 eras.
1812 5425 1881 5476 inl.

221 5514 256 5568 32
274 5515 416 5583 lrominnml
435 5519 537 5570 homine
551 5515 638 5569 Cl’2t
742 5516 774 5568 av
794 5518 865 5569 debis
879 5514 906 5567 Β
976 5517 1075 5568 reuocis
1087 5515 1112 5564 Β
1217 5511 1389 5565 3811ialn13
1459 5507 1496 5576 tit]
1515 5511 1548 5560 sit
1561 5506 1625 5560 Gl’t
1695 5511 1809 5563 colemus
1822 5511 1847 5562 Β

1639 5669 1677 5722 b!
