4500 6232
648 292 788 349 cccxcn
805 291 930 361 (EPIS'l'.
946 294 972 357 8,
992 293 1036 361 15)
1054 322 1088 333 -
1106 294 1258 350 cccxclv
1276 295 1400 366 (EPIST.
1417 300 1444 361 8,
1462 296 1515 367 17).

861 549 1039 620 cccxcss
1063 552 1171 638 (sessu.
1189 553 1219 631 8,
1239 552 1303 638 15).

857 729 1095 805 ENNODlVS
1121 730 1306 806 EDASIO.

364 861 468 952 Ante
492 888 753 974 experimentum
777 890 955 954 amicorum
978 889 1060 954 fides
1080 889 1208 954 occulta
1225 896 1291 955 est:
1316 899 1488 977 postquam
1504 892 1536 956 in
1553 892 1661 956 luceru
1677 893 1907 978 processerint.
1923 902 1937 962 1

257 1015 371 1060 eorum
407 992 462 1079 qui
497 990 619 1076 aliquid
654 993 780 1078 saporis
812 992 986 1058 habuerint
1018 993 1081 1058 sibi
1109 1000 1236 1059 mentes
1270 994 1405 1080 obligat.
1457 1001 1507 1061 est
1536 1002 1645 1060 tamen
1677 996 1773 1060 nimis
1803 995 1910 1060 libera

259 1098 411 1176 servitus,
434 1116 519 1180 quae
535 1095 620 1160 caris
638 1094 823 1160 exhibetur.
859 1098 1015 1162 confiteor
1034 1097 1251 1182 magnitudini
1274 1103 1367 1162 tuae:
1392 1097 1517 1162 latebat
1538 1119 1592 1164 me
1615 1108 1692 1164 anto
1716 1100 1909 1164 relationem

194 1246 199 1258 .
259 1201 400 1265 hominis
423 1200 502 1273 mei,
532 1197 609 1284 quid
633 1198 665 1262 in
689 1199 887 1264 sublimitate
916 1206 1030 1267 tua-et
1053 1202 1178 1288 saporis
1201 1208 1235 1265 et
1258 1202 1385 1286 gratiae
1410 1201 1471 1266 sub
1495 1201 1598 1266 nobili
1620 1202 1803 1268 humilitate
1827 1202 1909 1268 deli·

258 1304 408 1377 tisceret;
442 1302 541 1367 didici
565 1302 747 1383 hominem,
778 1304 833 1388 qui
857 1325 971 1369 canam
995 1303 1114 1369 infide
1138 1305 1389 1385 beatitudinem,
1421 1305 1498 1370 dum
1522 1307 1701 1370 amicorum
1724 1306 1909 1371 absentiam

257 1405 342 1470 bene
360 1411 490 1484 tractat,
507 1410 694 1490 exsuperet.
728 1407 822 1490 plura
837 1406 966 1492 quidem
983 1407 1157 1473 discedens
1173 1409 1381 1494 promiseras,
1406 1407 1465 1473 sed
1481 1408 1523 1472 ad
1538 1409 1671 1494 genium
1688 1409 1940 1476 conscientiacl

257 1515 334 1572 tuae
358 1508 483 1591 majora
510 1508 716 1593 praestitisti.
760 1507 889 1577 domine
918 1512 978 1592 fili,
1010 1512 1216 1577 salutationis
1244 1512 1459 1576 effusissimae
1488 1532 1605 1576 munus
1636 1512 1816 1598 inpertiens
1845 1532 1908 1597 ago

256 1617 355 1696 atquo
379 1609 486 1674 haheo
510 1609 745 1676 insufficientes
768 1614 892 1696 gratias
914 1615 955 1679 do
980 1615 1045 1695 his,
1076 1635 1160 1701 quae
1189 1615 1268 1680 mihi
1297 1615 1330 1678 in
1357 1615 1462 1699 prima
1488 1615 1624 1681 notitiae
1647 1616 1756 1679 fronte
1779 1615 1909 1679 conlata

257 1720 342 1779 sunt.
378 1712 465 1799 quod
488 1719 598 1792 restat,
622 1712 790 1799 deprecor,
813 1723 849 1780 ut
872 1716 1005 1782 residua
1028 1716 1085 1782 illa
1108 1717 1272 1803 mancipia
1296 1717 1400 1781 tenori
1423 1717 1486 1780 iam
1508 1718 1621 1784 iacias.
1656 1739 1734 1783 ecce
1757 1717 1908 1782 fiduciam

255 1817 296 1882 do
321 1816 414 1881 bonis
439 1815 712 1903 praecedentibus
735 1814 1010 1886 descendentem!
1045 1821 1200 1906 quiante
1224 1821 1336 1905 ignoto
1360 1841 1474 1907 preces
1500 1823 1667 1887 metuebat
1690 1821 1819 1900 offerre,
1843 1821 1907 1885 iam

256 1943 320 1986 non
343 1921 472 1985 dubitat
494 1920 655 2006 inperare.

846 2092 1046 2162 cccxclll
1070 2094 1181 2181 (aruer.
1198 2099 1229 2174 8,
1248 2095 1314 2181 16).

810 2271 1047 2348 ENNODIVS
1073 2271 1352 2347 BARBARAE.

367 2404 454 2497 Non
479 2454 540 2517 ego
564 2433 668 2499 debiti
691 2434 851 2500 inmemor
872 2433 914 2497 ab
939 2431 1055 2497 ciliciis
1079 2431 1261 2518 temperavi
1285 2452 1346 2496 nec
1371 2431 1550 2495 constituta
1565 2429 1751 2518 despiciens
1767 2430 1935 2516 garruli-l

193 2560 204 2593 τι
258 2543 358 2601 tatem
382 2558 489 2602 meam
512 2538 554 2602 ah
578 2537 725 2625 obsequii
749 2536 951 2603 exhibitione
975 2533 1146 2622 suspendi,
1176 2534 1234 2599 sed
1262 2541 1436 2622 postquam
1460 2535 1502 2600 ab
1525 2536 1607 2600 urbe
1631 2556 1801 2619 regressus
1825 2557 1908 2607 sum.

256 2641 411 2705 continuo
433 2662 486 2705 me
509 2642 618 2706 variae
648 2641 869 2727 aegritudines
893 2645 927 2705 et
949 2637 1102 2724 quicquid
1132 2637 1173 2702 ad
1203 2644 1341 2703 mortem
1368 2644 1462 2703 vocat
1491 2639 1618 2704 artavit.
1664 2660 1758 2718 vere,
1791 2636 1909 2702 domna

256 2763 338 2824 mea,
362 2743 409 2808 sic
425 2743 518 2807 vobis
535 2744 718 2829 vestrisque
735 2745 825 2809 laeta
840 2743 1041 2828 contingant,
1065 2742 1141 2827 qnia
1156 2740 1198 2807 ad
1214 2742 1440 2807 testimonium
1456 2743 1578 2807 veteris
1593 2743 1742 2827 mysterii
1758 2740 1909 2807 Christus

256 2853 368 2913 noster
391 2849 507 2913 iterum
531 2848 678 2933 quamvis
702 2855 908 2935 peccatorem
932 2866 992 2911 nec
1015 2846 1180 2928 utillum,
1213 2847 1268 2933 qui
1298 2848 1423 2912 amicus
1451 2844 1514 2911 dici
1542 2846 1676 2925 meruit,
1709 2845 1767 2910 sod
1798 2865 1910 2910 rursus

256 2952 386 3016 vocavit
412 2952 573 3017 Lazarum
602 2950 642 3017 de
675 2951 859 3038 sepulchro.
915 2957 967 3015 est
995 2950 1074 3016 facti
1100 2951 1210 3017 unitas
1239 2950 1272 3015 in
1303 2949 1458 3016 distantia
1486 2971 1714 3038 personarum,
1749 2970 1789 3014 eo
1822 2955 1940 3015 nunct

179 3104 189 3114 .
256 3056 394 3143 amplior
424 3054 614 3142 magnitudo
645 3053 747 3119 divini
778 3054 903 3140 operis,
934 3055 1010 3140 quia
1039 3054 1126 3140 quod
1155 3054 1212 3120 ille
1239 3055 1360 3120 menrit
1387 3055 1465 3119 mihi
1494 3055 1594 3119 cessit
1623 3052 1780 3118 indebite.
1826 3051 1908 3115 hacc

257 3180 356 3224 causa
378 3181 431 3225 me
454 3159 496 3224 ab
520 3160 618 3224 officii
641 3161 903 3247 promulgatione
927 3161 1102 3226 revocavit.
1138 3166 1313 3247 postquam
1336 3167 1447 3226 tamen
1463 3158 1624 3225 advitam
1648 3157 1802 3224 reductus
1826 3180 1907 3236 sum,

256 3263 410 3327 continuo
440 3284 493 3328 me
523 3263 566 3328 ad
597 3265 729 3329 servitia
756 3263 850 3329 vobis
880 3261 1037 3328 solvenda
1070 3265 1231 3343 conserti,
1268 3284 1388 3350 rogans
1416 3262 1529 3343 deum,
1563 3269 1600 3327 ut
1627 3283 1686 3327 vos
1715 3269 1908 3349 vestrosque

257 3386 399 3452 superno
421 3373 553 3432 tueatur
575 3367 707 3433 auxilio.
752 3366 906 3453 promitto
933 3366 1013 3430 mihi
1036 3367 1134 3431 etiam
1158 3373 1192 3432 et
1213 3366 1385 3432 desideriis
1413 3365 1513 3445 meis,
1545 3364 1631 3451 qnod
1654 3385 1728 3430 cnm
1751 3365 1940 3430 felicitate3

256 3475 367 3534 vestra
390 3476 424 3534 et
445 3470 566 3556 gaudio
589 3468 632 3535 ad
654 3470 887 3535 comitatenses
910 3469 1081 3549 excubias,
1104 3489 1188 3555 quae
1205 3470 1288 3534 votis
1308 3470 1389 3534 meis
1406 3468 1597 3549 satisfaciat,
1621 3465 1763 3554 dignitas
1787 3467 1907 3555 adepta

179 3592 192 3631 a
257 3593 316 3637 vos
340 3579 466 3638 evocet.
503 3574 580 3653 noli,
603 3572 734 3654 domna,
757 3573 831 3637 huic
856 3579 889 3637 te
909 3572 1025 3651 labori,
1049 3571 1232 3638 huiconeri
1249 3573 1453 3638 submovere.
1489 3570 1906 3638 videantbonaRcmanao

257 3676 398 3741 civitatis
422 3677 607 3764 provinciae
631 3683 679 3753 et,
710 3698 794 3762 quae
817 3677 950 3741 monitis
974 3677 1028 3741 vix
1050 3676 1278 3758 instituuntur,
1308 3677 1477 3763 perbona
1500 3698 1584 3761 quac
1608 3677 1700 3742 vobis
1723 3674 1804 3740 dous
1828 3696 1907 3740 con-

256 3780 331 3864 tulit
354 3780 533 3845 lormcntur
549 3781 724 3868 exemplis.
758 3802 836 3867 rogo
853 3788 964 3846 tamen
980 3781 1167 3848 reverentia
1181 3781 1389 3847 salutationis
1405 3781 1564 3865 exhibita,
1587 3787 1623 3845 ut
1639 3779 1905 3867 exspectatissimo
1919 3785 1938 3843 4

257 3903 309 3947 mo
332 3883 487 3948 relevetis
509 3884 668 3970 alloquio,
699 3884 757 3951 sed
786 3905 848 3950 nec
878 3885 1016 3950 alterurn
1039 3883 1164 3950 dictare
1191 3885 1363 3970 patiamini
1393 3905 1477 3970 quae
1509 3883 1552 3949 ad
1580 3904 1633 3948 me
1662 3883 1829 3948 scribetis:
1860 3882 1908 3946 sic

256 4005 434 4072 numquam
457 3986 498 4052 ab
522 3986 752 4075 impetratione
775 3989 880 4054 oratio
903 3995 1016 4054 vestra
1037 3989 1188 4075 pellatur.

854 4243 1043 4313 cccxclv
1066 4244 1176 4331 (aaran
1193 4248 1224 4327 8,
1243 4245 1309 4331 l'l).

810 4423 1047 4499 ENNODIVS
1073 4422 1350 4498 STEFANIAE.

371 4530 491 4629 Credo
514 4587 573 4631 vos
597 4572 631 4631 et
652 4567 839 4651 ignorantes
862 4566 944 4631 meis
967 4565 1123 4652 periculis
1147 4563 1351 4629 subvenisse.
1394 4571 1451 4629 aut
1473 4585 1575 4649 quara
1598 4560 1758 4628 confidam
1782 4562 1935 4626 nesciret

257 4667 428 4755 quicquam
459 4690 539 4754 quos
570 4690 628 4757 per
656 4668 754 4734 deum
782 4668 941 4755 contingit
968 4669 1120 4734 universa
1150 4674 1388 4755 praenoscere?
1437 4674 1609 4755 postquam
1638 4667 1724 4731 enim
1753 4664 1795 4730 ab
1824 4663 1905 4729 urbe

359 4891 517 4960 [cccxcn]
545 4890 563 4943 2
579 4893 750 4961 processerint
758 4892 791 4957 B,
808 4894 960 4961 processerit
970 4894 1047 4945 ceteri
1131 4890 1206 4945 lieet
1216 4891 1242 4957 (e
1254 4910 1285 4945 aa
1296 4893 1322 4958 a)
1336 4892 1361 4943 Β
1413 4890 1498 4959 nimisl
1511 4894 1596 4944 minue
1610 4891 1688 4943 Siren.
1774 4887 1792 4940 4
1809 4889 1907 4956 magiri-

255 4978 365 5046 tudinfllf'
375 4989 435 5032 tusa
447 4980 534 5032 laebat
544 4977 716 5045 ¹¹¹⁰iiiiiiii⁸¹¹l⁸
725 4979 751 5031 B
844 4978 862 5031 5
879 4980 1028 5032 dilitisoeret
1038 4979 1064 5031 B
1158 4976 1175 5031 6
1193 4980 1275 5031 dedici
1286 4978 1312 5028 B
1371 4978 1558 5043 iliiitbeentianr
1577 4976 1650 5043 (ebes
1664 4977 1692 5028 in
1702 4973 1738 5028 tit
1751 4993 1782 5028 a·
1793 4976 1871 5039 abati)
1882 4973 1907 5024 Β

255 5063 271 5116 'l
289 5073 378 5118 tranat
389 5066 415 5117 B
465 5074 602 5134 exsuperat
613 5066 713 5132 scripsi,
730 5067 862 5134 exsuperit
872 5065 906 5130 B,
923 5073 1062 5133 exsuperat
1073 5066 1148 5118 ceteri
1237 5063 1255 5118 8
1272 5066 1323 5117 illis
1340 5066 1475 5118 amotionis
1492 5064 1638 5117 affnseimas
1650 5063 1676 5113 Β
1765 5062 1782 5112 9
1799 5062 1907 5114 nodtiae

255 5152 359 5216 Hormi,
376 5154 479 5221 potitiae
496 5153 602 5218 codices,
618 5153 769 5219 pueritiaeb
874 5149 906 5202 11
924 5152 1131 5220 praecidentibus
1148 5152 1338 5204 discendentem
1351 5151 1377 5201 B
1446 5153 1523 5203 offere
1536 5151 1561 5202 B

359 5253 528 5324 [coenem]
565 5254 597 5307 14
615 5257 757 5323 temporaui
777 5257 821 5325 (po
837 5257 867 5308 irs
882 5255 930 5322 lit.)
945 5256 972 5308 B
1111 5254 1144 5308 15
1161 5257 1268 5322 obsequi
1284 5255 1310 5307 B
1413 5256 1548 5324 snsmndis
1560 5254 1586 5305 B
1688 5254 1734 5306 sed
1757 5253 1784 5318 (d
1799 5271 1830 5305 esc
1848 5254 1869 5317 t)
1882 5252 1907 5303 Β

257 5340 289 5394 16
305 5343 508 5412 aegritudinisB
603 5341 636 5393 19
649 5340 691 5411 eo]
705 5351 732 5396 at
742 5344 801 5396 ort
895 5341 928 5395 21
947 5344 1015 5395 oflcii
1025 5342 1051 5394 Β
1144 5340 1179 5395 23
1196 5341 1323 5394 aneilioB
1417 5339 1452 5392 ‘24
1468 5341 1606 5395 ussumB
1666 5339 1864 5392 wmmiutsnsis
1873 5338 1907 5402 B,

254 5431 427 5483 comitatensis
443 5430 527 5494 ceteri,
549 5446 596 5483 em.
608 5429 688 5482 Siras.
812 5427 848 5483 25
864 5431 955 5484 honeri
965 5429 992 5480 B
999 5428 1073 5481 VLT
1193 5426 1229 5480 26
1245 5429 1443 5482 institueuutur
1455 5428 1481 5480 B
1599 5424 1633 5478 27
1650 5426 1871 5495 exspectatissimo
1887 5424 1911 5476 V

254 5515 289 5571 28
305 5518 427 5571 recolatis
438 5516 464 5568 B
532 5516 672 5584 pedamine
688 5517 769 5568 oratio
781 5517 808 5569 B
824 5535 873 5568 on.
890 5534 958 5584 qnae
970 5555 1062 5569 ......
1075 5517 1253 5584 Impetratione

359 5617 527 5688 [mcxcrv]
561 5618 596 5672 or
615 5620 714 5690 mia
731 5636 788 5690 up.
801 5621 847 5674 aa
865 5620 925 5673 an
1026 5616 1063 5674 aa
1079 5619 1248 5689 nnuma

356 5711 495 5768 hanonia.
1664 5707 1700 5764 36

2165 1217 2178 1251 h
