4500 6232
708 289 830 345 CCXXII
850 288 952 355 (ulcr.
973 291 1025 349 15).
1044 288 1179 344 CCXXIII
1198 290 1300 356 (DICT.
1322 293 1373 357 16).
1810 298 1867 357 177

218 468 302 530 forte
332 478 368 529 ut
399 466 494 529 citius
522 465 623 528 letum
653 465 839 549 porrigeres
871 464 1038 527 exorabat.
1091 464 1231 528 habuisti
1263 464 1479 528 misericordis
1508 467 1695 550 opinionem
1729 466 1867 549 privigni

218 569 390 634 desideriis
414 568 635 654 obsequendo.
682 567 832 652 quotiens
857 573 995 630 matrum
1021 569 1091 631 leca
1115 568 1265 639 trmuisti,
1289 576 1324 630 ut
1348 589 1521 631 novercam
1547 568 1648 631 tutius
1672 567 1901 632 exhiberesrr

219 673 317 746 solet,
351 673 513 735 libertatis
543 671 727 757 praesules.
757 671 790 732 in
821 670 984 753 coniugali
1012 671 1177 733 consertio
1208 672 1304 733 unius
1336 670 1460 734 subolis
1489 680 1524 733 nt
1551 692 1721 734 commune
1752 672 1870 757 pignus

219 773 366 853 adtendi,
398 773 474 837 dum
502 773 632 837 allectio
661 795 758 858 quam
790 781 883 857 pater
911 773 1051 835 othnuit
1082 775 1196 836 transit
1224 773 1264 837 ad
1289 775 1400 837 lilium.
1447 773 1684 839 decedentibus
1714 775 1870 838 nistresis

154 896 164 927 ¹·
219 879 359 942 virorum
383 877 598 963 providentia,
622 877 697 942 dum
721 877 763 941 ad
786 875 989 940 educandam
1015 877 1242 961 posteritatem
1266 898 1414 941 curarum
1439 878 1613 963 participes
1629 884 1801 961 quaerunt,
1823 878 1869 941 sic

218 1002 375 1045 novercas
405 983 583 1046 inveniunt.
627 1002 727 1066 saepe
756 982 878 1044 tamen
897 980 958 1044 sub
991 980 1051 1044 hoc
1080 982 1238 1044 vocabulo
1271 986 1376 1044 mator
1404 980 1532 1046 aceedit
1560 1003 1599 1045 co
1628 983 1754 1046 cautior
1781 981 1901 1045 circat}

220 1105 353 1169 germen
377 1085 531 1163 alienum,
555 1105 618 1169 qno
643 1084 814 1148 sollicitius
839 1104 955 1147 nomen
980 1083 1138 1167 tragicum
1155 1082 1224 1146 vult
1239 1084 1352 1148 vitare.
1389 1085 1574 1167 genetrices
1592 1085 1695 1148 munit
1711 1085 1869 1148 securitas

219 1195 253 1251 ct
275 1195 513 1252 sacramentum
536 1188 676 1251 nominis
700 1188 765 1255 sui.
795 1208 877 1272 quae
902 1187 1001 1250 etiarn
1025 1186 1278 1251 misericorditer
1301 1186 1478 1251 ereduntur
1501 1188 1607 1252 irasci.
1653 1194 1794 1263 vestras,
1819 1189 1867 1251 in-

219 1291 337 1367 fausta,
361 1290 535 1355 blanditias
560 1291 629 1354 iure
653 1290 849 1374 respuimus,
873 1290 991 1375 quibus
1014 1310 1073 1374 per
1094 1290 1203 1353 lucum
1220 1292 1363 1354 malitiae
1381 1291 1509 1355 interna
1524 1291 1663 1354 vestitis.
1701 1290 1903 1357 erubeseat)

221 1396 407 1479 cognitores
436 1395 651 1473 sanctissimi,
680 1394 866 1459 damnatam
898 1395 1021 1458 moritis
1043 1395 1110 1457 suis
1134 1393 1285 1457 diuturna
1308 1395 1540 1478 inpugnatione
1565 1403 1761 1458 sustentare.
1808 1415 1871 1457 nen

219 1508 269 1562 est
297 1519 419 1584 auceps
455 1499 635 1572 sententia,
670 1518 766 1583 quam
801 1499 914 1562 labore
948 1498 1122 1584 suspendo.
1173 1498 1296 1561 utinam
1327 1499 1498 1582 exquisitis
1531 1499 1694 1581 effugetur
1724 1497 1765 1561 dc
1798 1498 1871 1561 luce

220 1600 418 1665 cruciatibus
441 1607 474 1664 ct
497 1602 592 1666 lentis
617 1607 707 1665 secta
731 1601 919 1665 vulneribus
944 1601 1081 1664 exsistat
1104 1607 1272 1686 superstes
1297 1602 1423 1685 corpori
1448 1606 1522 1664 sue!
1561 1621 1624 1664 non
1641 1621 1706 1664 uno
1723 1606 1871 1686 tompore

219 1703 259 1767 de
289 1703 428 1789 propriis
457 1702 591 1768 sedibus
620 1726 741 1768 nocens
770 1705 879 1768 anima
906 1704 1059 1789 pellatur.
1103 1704 1135 1766 in
1166 1703 1319 1767 allectum
1352 1703 1516 1767 reducitur
1544 1703 1681 1787 puritas,
1719 1703 1870 1786 quotiens

219 1805 445 1890 generalitatis
469 1808 579 1872 oeulos
602 1807 787 1893 expiaveris
810 1828 906 1872 cruce
929 1807 1110 1872 noxiorum.

853 2094 1037 2164 coxxln
1060 2095 1154 2181 (orer.
1174 2098 1238 2181 16).

439 2294 487 2367 lN
515 2293 611 2366 EVM
640 2290 1414 2383 (Νι1311111111ΝΟΜΙΝΗΕΞΤΑΙΒἹ
1443 2291 1652 2365 VIRGINIS

771 2430 977 2504 NVPTIAS
1004 2429 1319 2503 POSTVLAVIT.

334 2558 505 2663 Creditis,
535 2589 673 2664 iudices,
705 2611 764 2675 per
791 2591 876 2654 huno
900 2590 1044 2655 victoriis
1074 2590 1217 2654 lamenta
1245 2590 1372 2653 misceri
1396 2595 1429 2653 ct
1458 2590 1694 2675 triumphorum
1724 2596 1898 2674 sapereml

220 2694 394 2780 displicere
422 2692 462 2757 de
490 2694 656 2779 praemio?
701 2693 882 2758 aestimatis
911 2692 1030 2758 otiandi
1060 2693 1139 2758 deos
1164 2694 1196 2756 in
1220 2694 1341 2757 ellectu
1366 2714 1475 2757 rorum
1499 2700 1532 2757 ct
1555 2692 1673 2758 deduci
1696 2691 1737 2755 ad
1760 2690 1873 2776 pacm-

221 2797 355 2860 tcntiam
384 2797 529 2871 numina,
561 2818 645 2882 qnae
670 2803 745 2861 veta
774 2798 948 2863 inverunt?
994 2797 1088 2863 adest
1118 2798 1282 2861 hominurn
1312 2798 1546 2883 nequissimus,
1579 2798 1633 2883 qui
1657 2818 1790 2879 gemero
1814 2818 1874 2860 nos

143 2920 154 2955 ·-
221 2900 372 2984 imperat,
402 2897 486 2984 quod
516 2902 640 2985 patriae
670 2906 801 2965 nostrae
826 2900 902 2965 vicit
929 2899 1091 2969 inimicos.
1124 2900 1178 2985 qui
1211 2901 1443 2964 consummatis
1474 2901 1622 2985 proeliis,
1652 2899 1728 2963 dum
1752 2899 1874 2963 laboris

220 3003 360 3087 pretium
383 3002 519 3087 flagitat,
544 3008 577 3066 ct
600 3003 711 3067 hestcs
727 3015 761 3067 et
775 3002 862 3067 bella
879 3003 1094 3071 commendat.
1118 3004 1173 3088 qni
1190 3004 1351 3067 exhausta
1366 3009 1459 3089 putat
1475 3003 1596 3067 laboris
1612 3024 1688 3067 esse
1706 3003 1871 3086 suffragia,

220 3106 281 3169 nisi
311 3126 394 3191 quse
423 3107 514 3169 iratis
543 3108 706 3171 caelicolis
735 3108 956 3179 conferuntur,
984 3114 1020 3170 ut
1049 3109 1150 3193 possit
1178 3108 1293 3171 civitas
1317 3107 1388 3171 eius
1412 3105 1550 3193 perdere
1575 3105 1660 3191 quod
1683 3128 1743 3192 por
1765 3107 1871 3192 ipsum

220 3207 364 3272 creditur
391 3208 585 3294 adquisisse.
630 3209 761 3273 contidit
789 3213 921 3294 genium
946 3211 1114 3275 bellatoris
1138 3213 1233 3297 pictis
1259 3209 1377 3274 tabulis
1402 3218 1435 3275 et
1458 3211 1656 3294 imaginibus
1679 3231 1744 3274 non
1767 3210 1905 3275 tencri2

220 3333 281 3376 nec
297 3312 442 3397 requirit,
465 3319 501 3375 ut
517 3320 666 3378 servetur
682 3315 822 3378 saeculis
839 3336 914 3379 acre
932 3316 1105 3378 formatus:
1131 3316 1201 3379 sola
1218 3314 1368 3400 opinatur
1386 3333 1456 3376 esse
1473 3312 1603 3397 gaudia.
1628 3313 1745 3399 quibus
1762 3313 1873 3376 evenit

143 3433 167 3471 25·
221 3435 338 3478 munus
368 3413 530 3481 adulterii.
574 3416 601 3478 si
625 3414 666 3479 ad
694 3415 755 3480 boc
783 3423 816 3480 te
846 3417 977 3481 casibus
1008 3416 1169 3487 obtulisti,
1199 3424 1234 3479 ut
1257 3437 1314 3501 pre
1344 3414 1463 3479 sudere
1487 3422 1543 3478 tue
1570 3416 1727 3479 nominari
1750 3413 1873 3501 pudeat

221 3518 306 3602 quod
334 3518 484 3603 requiris,
517 3540 575 3583 nos
605 3540 669 3583 non
702 3541 874 3604 pessumus
898 3520 1015 3583 scortis
1038 3520 1159 3585 debere
1183 3518 1269 3605 qnod
1294 3519 1438 3582 vicinms.
1484 3540 1548 3582 nen
1573 3520 1625 3605 pie
1650 3539 1761 3583 amore
1784 3517 1904 3582 bella3

221 3620 370 3703 gessisti,
403 3622 457 3706 qui
487 3629 560 3707 pest
590 3622 796 3687 adversarios
822 3625 853 3686 iu
878 3624 1016 3687 civitatis
1039 3623 1145 3687 inedie
1170 3644 1241 3686 rrum
1267 3621 1389 3707 pudere
1414 3620 1635 3705 congrederis.
1681 3623 1751 3685 sinc
1775 3641 1874 3684 causa

221 3720 333 3784 hostes
357 3721 522 3809 depulisti,
548 3725 602 3809 qui
626 3745 739 3788 cerum
763 3723 889 3787 vicibus
914 3725 1059 3809 iungeris
1083 3727 1114 3789 in
1138 3725 1311 3811 triumpho.
1355 3723 1528 3789 babubnus
1552 3731 1670 3789 statum
1696 3723 1875 3788 honestatis

221 3824 376 3905 liberum,
404 3825 481 3889 dum
510 3826 640 3890 casibus
669 3827 885 3891 subiacemus.
931 3828 1087 3911 fugienda
1115 3836 1166 3893 cst
1189 3830 1329 3892 virerum
1359 3829 1487 3891 l'ertium
1511 3828 1665 3907 felicitas,
1696 3847 1873 3911 perquam

145 3971 149 3981 ·
222 3928 385 4011 iungimur
413 3929 554 4007 miseriis
584 3928 798 3993 subditorum.
843 3931 979 4009 etenim,
1015 3932 1124 3995 curiae
1155 3931 1292 3995 lumina.
1325 3952 1383 4015 pcr
1411 3932 1564 3995 minutias
1594 3931 1753 3994 seclorum
1786 3930 1904 3993 bonel

223 4032 393 4118 opinamur
415 4031 455 4095 ad
485 4032 627 4096 inmania
651 4041 727 4103 veta
754 4031 955 4118 perductum.
1002 4035 1131 4118 quantis
1154 4034 1311 4118 gradibus
1336 4035 1552 4099 exercitatum
1576 4034 1703 4097 lacinus
1726 4032 1875 4118 pervenit

223 4133 263 4197 ad
288 4135 358 4211 hoc,
381 4143 417 4198 ut
439 4135 515 4198 vitia
539 4134 690 4199 laudibus
716 4141 929 4199 mercaretur!
969 4136 1183 4201 credebamus
1207 4158 1292 4207 curn.
1317 4137 1393 4200 dum
1411 4138 1508 4200 vitam
1533 4138 1564 4200 in
1589 4137 1739 4200 tentoriis
1763 4142 1875 4220 ageret

224 4237 321 4301 etad
353 4239 490 4322 insignia
525 4239 649 4303 roboris
673 4238 761 4303 duris
785 4260 903 4325 cerpus
927 4242 1133 4305 successibus
1158 4241 1327 4311 invitaret.
1360 4242 1461 4305 civice
1485 4263 1595 4305 aurore
1620 4240 1813 4323 constringi.
1840 4245 1877 4302 ut

223 4362 282 4425 per
304 4342 452 4405 militiam
477 4343 546 4405 eius
570 4363 630 4406 nec
654 4342 838 4407 incendium
863 4343 962 4407 nrbes
988 4365 1047 4407 nec
1071 4366 1180 4407 sacrrrs
1206 4346 1389 4431 corruptela
1416 4344 1555 4428 virgines
1579 4343 1773 4431 possideret.
1813 4344 1875 4407 iste

146 4464 169 4497 11·
225 4445 308 4506 enim
342 4445 420 4507 emit
450 4451 498 4509 tet
528 4445 731 4510 vulneribus.
768 4468 808 4510 ne
839 4448 922 4510 ulter
955 4448 1137 4511 facinorum
1172 4448 1266 4531 fruge
1302 4449 1471 4533 potiretur.
1521 4448 1597 4533 quid
1632 4448 1689 4511 tibi
1725 4446 1907 4525 debeam,5

225 4544 447 4609 crudelissime
482 4547 664 4611 homiuum.
699 4548 795 4611 datur
829 4549 991 4634 intellegi.
1032 4571 1092 4635 por
1127 4551 1219 4613 cuius
1254 4551 1403 4616 benificia
1440 4552 1584 4636 superati
1619 4552 1742 4616 exitum
1774 4552 1877 4613 victer

231 4704 340 4711 0—...
359 4706 449 4711 .—..
460 4706 514 4711 ..-μ
528 4706 535 4711 .

327 4802 412 4873 l(te)
433 4810 496 4857 ferte
514 4806 608 4857 Ilertcl
698 4807 835 4872 porrigoris
851 4807 873 4856 Β
967 4810 1091 4860 exorabas
1110 4810 1146 4861 Cb
1278 4806 1392 4859 tarius
1409 4810 1538 4859 exhibetis
1555 4808 1580 4857 B
1710 4808 1839 4860 3sebolis
1855 4807 1879 4856 V

226 4892 392 4943 tattendiV
501 4893 518 4942 :i
537 4894 697 4943 erlucnndum
711 4892 736 4941 Β
849 4892 1006 4947 Itraiecum
1020 4895 1053 4957 Β,
1074 4896 1182 4946 troicum
1201 4914 1257 4960 arcp.
1274 4896 1318 4945 lin.
1334 4894 1374 4944 Ι,’·’
1444 4891 1533 4958 vitare]
1553 4896 1656 4945 ramere
1670 4895 1729 4945 c'l'o
1798 4912 1874 4960 gone·

223 4978 298 5029 trices
310 4979 409 5044 scripsi,
426 4980 575 5045 genitricem
587 4978 668 5039 BTO,
685 4980 840 5043 genetricem
858 4979 902 5029 VJ.
966 4991 1054 5030 munet
1067 4979 1092 5029 Β
1196 4974 1318 5047 Mansit)
1340 4997 1406 5044 (puae
1421 4979 1513 5028 Ilertel
1579 4980 1689 5031 inlauste
1703 4981 1731 5042 U,
1750 4981 1875 5031 inlaustoe

223 5064 319 5116 Πανία
422 5066 438 5114 s
457 5067 562 5117 uestitcs
574 5064 599 5114 Β
705 5064 737 5115 10
754 5067 893 5133 cognitoris
911 5066 1116 5117 scmnetissimill
1219 5064 1249 5115 12
1268 5065 1401 5116 oxistntV
1461 5066 1585 5131 superetis
1599 5064 1623 5113 Β
1724 5064 1756 5114 13
1774 5065 1872 5125 animal

222 5151 367 5217 appellatur
379 5152 411 5213 B,
428 5170 451 5202 a.
471 5152 581 5202 uellutur
594 5150 671 5201 Simu.

328 5252 481 5321 [CCXXIII]
519 5252 549 5304 17
568 5255 685 5305 uicturiis
702 5254 745 5304 Ba
878 5256 910 5306 1⁸
933 5258 996 5307 deus
1016 5255 1037 5305 Β
1134 5255 1221 5305 diduei
1243 5252 1287 5303 VJ.
1423 5254 1454 5304 111
1472 5256 1573 5304 nemina
1593 5253 1617 5302 Β
1716 5254 1835 5303 inbernut
1851 5253 1876 5303 B

223 5340 298 5391 lrome
312 5340 389 5391 Siras.
506 5339 541 5391 ab
557 5341 711 5391 inimicusb'
825 5341 856 5391 ‘21
878 5343 958 5393 bostis
969 5342 992 5391 Β
1112 5340 1146 5390 *23
1165 5342 1346 5407 imnmginibus
1358 5340 1383 5389 Β
1503 5338 1706 5404 arrepserit
1783 5339 1877 5390 seculis

222 5443 279 5493 asp.
292 5425 376 5478 limB
490 5426 524 5476 rb
542 5425 594 5493 pie]
614 5429 686 5492 prob
804 5424 838 5477 28
856 5429 936 5479 beatis
951 5428 977 5478 Β
1093 5426 1125 5477 31
1146 5428 1263 5494 pemsnit
1281 5430 1338 5494 tper
1355 5428 1479 5493 creptis.)
1498 5426 1520 5473 l'
1632 5422 1666 5475 34
1684 5425 1761 5476 urbae
1774 5424 1877 5479 Iterat.

222 5510 296 5563 urbis
306 5510 368 5563 libri
421 5510 568 5579 uirginisB
662 5510 697 5563 35
714 5514 782 5564 onim
800 5512 942 5576 (zenam
956 5532 984 5577 p.
998 5514 1073 5571 25,31
1091 5511 1400 5579 lrr'cprcrdittopraplriam
1413 5522 1494 5562 ertum
1508 5529 1659 5563 esseceaseo
1754 5508 1789 5559 311
1801 5511 1876 5563 berre·

223 5596 284 5649 litia
299 5594 325 5647 V
388 5596 545 5649 ostiumst

325 5686 467 5747 hosa
1636 5686 1671 5739 23
