4500 6232
928 301 1084 357 ccouxln
1103 301 1206 369 (ulcr.
1224 302 1278 369 21).
1868 304 1927 365 261

276 475 347 539 sine
372 475 493 538 solacio
519 474 680 537 oratoriae
703 473 784 536 artis
807 475 957 557 aequitas
981 474 1160 539 adseratur.
1204 474 1291 559 eligo
1314 495 1479 559 pompam,
1503 493 1599 559 quam
1623 472 1770 557 probitas
1793 472 1930 537 defensa

275 579 447 662 parturiet.
476 575 643 663 procedat
668 583 781 639 contra
804 575 1105 660 eloquentissimum
1123 578 1225 642 virum
1249 578 1441 641 caelestium
1457 577 1568 641 favore
1585 577 1709 640 munita
1726 577 1929 661 simplicitas.

276 680 316 744 de
340 681 459 745 fiducia
483 681 625 766 partium
650 685 831 743 nostrarum
856 680 960 744 oritur
989 679 1072 764 quod
1101 681 1270 745 audemus.
1316 702 1375 744 ros
1405 682 1644 759 tantummodo,
1673 681 1836 765 principes
1860 680 1931 751 riri,
1967 680 2010 772 3,

275 785 512 868 benignitatem
535 790 678 848 vestram
702 783 794 847 salva
817 783 943 846 aurium
967 783 1213 868 animorumque
1238 784 1389 848 cautione
1419 792 1601 869 praestate,
1630 805 1670 847 ne
1695 791 1850 847 coturnus
1872 763 2080 875 illepsffiffl

212 911 222 943 τι
277 888 446 952 sublimior
467 888 531 951 oris
554 887 710 951 facultate
735 906 799 970 qua
822 886 992 970 praevalet
1015 886 1047 948 in
1072 888 1280 972 possessione
1304 908 1363 950 sua
1387 887 1499 951 eredat
1529 909 1603 951 esse
1628 887 1807 950 victoriam.
1852 885 1929 970 quid
1946 867 2038 919 maren.
2053 873 2073 912 ³·

278 989 446 1055 est'aliud
469 990 626 1055 adversus
658 990 728 1052 eius
755 990 899 1074 impetus
930 1009 988 1051 nos
1017 989 1145 1057 iurare.
1177 991 1238 1053 nisi
1261 991 1527 1075 peregrinantem
1551 990 1806 1075 reducerepost
1830 990 1930 1054 iuter-

276 1095 362 1158 valla
387 1095 544 1158 iustitiam
553 1102 584 1156 't‘

966 1220 1243 1296 PRINCIPIVM.

386 1368 583 1443 (iarrderem,
608 1369 790 1452 cognitores
814 1369 1014 1452 amplissimi,
1039 1369 1184 1432 evasisse
1201 1391 1252 1433 me
1271 1369 1425 1454 pedorem
1443 1371 1592 1440 carceris,
1618 1370 1725 1433 vincla
1741 1369 1929 1454 piratarum,
1964 1372 1983 1430 4

275 1472 337 1535 nisi
369 1492 517 1556 regresso
550 1471 627 1534 mihi
656 1492 890 1556 myoparonum
918 1471 990 1533 loeo
1021 1479 1114 1556 pater
1143 1472 1313 1538 existeret.
1359 1474 1487 1557 quaerit
1511 1496 1530 1537 a
1553 1494 1604 1537 me
1629 1474 1802 1563 alimenta,
1834 1490 1930 1556 quom

276 1596 337 1639 nce
368 1559 447 1638 auro
475 1575 515 1643 ab
545 1574 694 1637 hostibus
723 1595 783 1637 nec
815 1575 958 1637 lacrimis
988 1573 1146 1638 liberarit.
1194 1583 1287 1659 putat
1317 1575 1402 1660 quod
1433 1575 1480 1638 illi
1507 1574 1628 1639 debeat
1659 1595 1828 1658 regressus
1859 1574 1930 1637 eius

276 1670 450 1765 prolicere.
476 1698 571 1762 quem
597 1698 670 1740 eum
693 1679 799 1762 potuit
821 1698 886 1740 non
911 1677 1061 1741 redemit.
1107 1678 1225 1743 frustra
1248 1685 1376 1764 pastum
1401 1679 1560 1742 beneficio
1586 1680 1669 1763 legis
1693 1678 1851 1763 inploras,
1875 1678 1929 1763 qui

275 1782 371 1845 factis
406 1781 470 1843 tuis
503 1787 639 1845 naturae
675 1782 747 1845 iura
783 1781 921 1844 solvisti.
972 1781 1122 1846 exhiberi
1156 1783 1275 1845 victum
1313 1782 1460 1867 patribus
1491 1783 1542 1845 ius
1576 1781 1733 1845 decernit.
1783 1801 1848 1844 nou
1879 1787 1931 1844 est
1965 1787 1984 1846 5

275 1882 498 1948 tantummodo
530 1890 768 1950 sacramentum
802 1882 889 1947 istud
918 1885 950 1946 in
979 1885 1122 1948 nomine.
1167 1884 1253 1948 dicat
1278 1885 1328 1949 rel
1358 1886 1477 1971 pirata,
1509 1885 1535 1947 si
1559 1895 1651 1970 pater
1674 1905 1719 1947 es.
1764 1883 1930 1947 meliorem

214 2009 224 2041 τι
279 2011 330 2061 mc
359 1989 461 2051 luisse
488 1994 617 2052 mortuo
646 2009 747 2074 saepe
776 2009 848 2052 eum
882 1988 1037 2071 loqueris,
1071 2008 1244 2073 numquam
1276 1987 1422 2052 ostendis
1447 2010 1535 2066 esse,
1568 2008 1641 2051 eum
1664 1985 1801 2051 iudicas.
1846 1985 1931 2048 riam

277 2093 445 2178 culparum
469 2092 616 2175 germani
639 2090 830 2155 decedentis
855 2090 1033 2156 adtendite.
1071 2093 1141 2178 ipse
1165 2094 1268 2177 magis
1293 2094 1449 2177 genitoris
1473 2092 1617 2156 moribus
1640 2091 1748 2177 pamit
1763 2090 1818 2174 qui
1834 2110 1930 2175 prac-

277 2196 362 2269 latus
385 2202 450 2258 est:
476 2214 538 2278 ego
556 2215 620 2278 quo
637 2194 745 2258 omine
762 2195 862 2258 vitam
878 2216 984 2258 meam
1002 2216 1062 2280 per
1077 2203 1253 2259 extraneos
1270 2196 1310 2260 ab
1329 2197 1401 2260 istis
1417 2204 1509 2260 actus
1526 2195 1704 2279 exegerim,
1729 2192 1931 2257 declaratum

278 2304 338 2377 cst,
363 2318 434 2360 cum
458 2317 510 2361 mc
534 2304 628 2383 pater
650 2295 873 2382 praedonibus
898 2307 1014 2384 sponte
1037 2297 1219 2384 dereliquit.
1259 2297 1765 2365 validasibivideturadrersus
1783 2297 1931 2362 sobolem
1964 2299 1985 2360 o

278 2407 470 2485 argumenta
494 2421 690 2485 proponere,
714 2421 786 2463 cum
811 2403 1058 2487 propensiorem
1082 2404 1221 2487 gratiam
1247 2404 1406 2467 meruisse
1431 2404 1529 2467 iactet
1553 2402 1749 2487 culpabilem
1773 2401 1875 2464 lilium
1899 2407 1933 2464 et

200 2530 225 2565 a·
278 2504 460 2589 proximum
486 2505 684 2588 sepulturae.
731 2524 866 2588 quaeso,
890 2505 1026 2577 iudices,
1049 2507 1258 2590 pronuntiate
1283 2506 1360 2590 quid
1384 2507 1538 2571 debeam!
1584 2505 1710 2568 interim
1735 2504 1858 2568 clarum
1882 2509 1933 2567 est

276 2629 328 2672 me
353 2615 386 2671 et
409 2607 572 2671 cineribus
597 2607 705 2670 vitiosi
730 2606 842 2670 fuisse.
856 2609 1085 2694 postpositum.
1130 2631 1195 2673 non
1219 2609 1386 2673 erubescit
1410 2608 1584 2694 quidquam
1608 2609 1649 2673 ab
1674 2629 1713 2671 eo
1738 2607 1932 2671 auctoritate

277 2710 424 2797 parentis
455 2712 605 2795 exigere,
637 2711 669 2773 in
698 2730 761 2794 quo
791 2732 864 2774 esse
888 2711 992 2775 uoluit
1015 2711 1101 2795 quod
1125 2719 1270 2776 vocatur.
1315 2712 1440 2776 utinam
1465 2711 1543 2775 mihi
1566 2709 1605 2775 ad
1630 2710 1688 2774 hos
1712 2729 1791 2772 usus
1815 2708 1931 2771 valitu-
1968 2712 1985 2773 7

277 2813 386 2878 dinem
418 2815 595 2899 piratarum
628 2819 745 2878 catena
778 2819 994 2879 reservasset!
1044 2816 1187 2880 facerem
1222 2815 1424 2900 praebitione
1457 2812 1593 2877 indebiti
1628 2811 1775 2876 alimenti
1805 2818 1932 2897 patrem

278 2940 386 2982 meum
410 2918 533 3003 pudere
558 2918 734 3003 captivum.
763 2925 798 2980 ut
822 2917 961 2982 iniustus
984 2916 1112 2983 arbiter
1131 2918 1171 2983 de
1195 2919 1345 3004 propriae
1371 2925 1519 3002 gemeret
1541 2918 1711 3002 iniquitate
1736 2916 1932 2980 sententiae.

201 3050 218 3079 ·.
280 3021 370 3085 cibus
393 3023 490 3101 enim,
515 3022 569 3106 qui
594 3022 635 3086 ab
659 3022 715 3085 illo
738 3030 936 3107 praestatur.
960 3023 1012 3086 eid
1036 3023 1115 3087 nihil
1140 3024 1214 3087 boni
1233 3023 1379 3095 mereris,
1405 3021 1572 3085 exhaurit:
1596 3021 1705 3084 ieiuna
1721 3029 1796 3083 sunt
1813 3019 1931 3082 saturi-

277 3130 344 3188 tate
368 3145 427 3187 sua
451 3125 587 3191 viscera.
611 3146 695 3208 quae
720 3146 784 3188 non
809 3125 932 3189 habent
957 3128 1188 3192 erinseicntiam
1213 3125 1364 3189 beneficii
1388 3132 1464 3189 ante
1488 3123 1618 3188 conlati.
1657 3123 1768 3187 nescio
1791 3121 1867 3206 quid
1890 3120 1931 3185 de
1965 3129 1985 3192 8

277 3226 402 3291 duobus
433 3228 509 3291 liliis
540 3227 636 3297 horno
666 3229 721 3291 illc
747 3228 817 3313 spei
842 3250 921 3293 snae
946 3230 1107 3294 residuum
1132 3234 1242 3315 putet.
1273 3229 1327 3312 qui
1351 3249 1450 3291 nuum
1475 3235 1582 3291 terrae
1606 3224 1761 3297 reddidit,
1794 3226 1932 3289 alterum

278 3352 395 3416 passus
420 3337 470 3394 est
493 3332 525 3393 in
549 3340 710 3416 perpetua
734 3344 899 3418 raptorum
924 3332 1144 3397 dominatione
1169 3335 1302 3397 servari.
1343 3335 1490 3421 :recipiat
1515 3334 1577 3396 nisi
1597 3332 1815 3407 confunditur,
1840 3331 1932 3416 quid-

277 3434 352 3518 quid
378 3435 541 3498 cxhausta
563 3436 731 3520 suppliciis
754 3437 902 3500 membra
925 3445 1106 3516 gemerent.
1145 3458 1208 3500 non
1234 3437 1308 3499 novi
1333 3436 1408 3520 quid
1433 3458 1536 3501 senex
1561 3458 1579 3500 a
1602 3435 1775 3500 debilitato
1798 3435 1934 3520 flagitet.

202 3566 227 3595 .›
280 3536 425 3613 interim.
457 3537 540 3621 quod
565 3538 713 3603 adverto.
745 3559 856 3601 sumus
881 3539 977 3602 arnbo
1000 3538 1165 3625 pascendi.
1211 3537 1288 3621 quid
1313 3538 1392 3601 rrrihi
1417 3539 1576 3602 rationem
1600 3536 1747 3602 modicae
1769 3537 1936 3601 facultatis

278 3638 413 3703 adducis
442 3641 473 3703 in
505 3639 669 3704 medium?
715 3642 768 3725 qui
799 3662 897 3704 unum
932 3641 1091 3705 redimere
1123 3642 1239 3712 voluit,
1271 3642 1315 3703 sie
1343 3641 1555 3705 substantiam
1584 3662 1676 3705 suam
1701 3638 1860 3715 vendidit,
1894 3660 1935 3703 uc

279 3744 417 3828 pretium
442 3764 500 3829 pro
524 3750 662 3828 utroque
679 3743 855 3807 sufficeret.
899 3744 971 3828 quis
988 3744 1213 3807 infelicitatem
1231 3765 1348 3817 meam,
1373 3745 1443 3828 quis
1460 3744 1607 3808 miserias
1624 3744 1729 3829 possit
1745 3744 1933 3828 exponere?
1968 3747 1988 3807 9

279 3847 331 3910 eui
354 3853 430 3932 post
454 3846 573 3911 Cilicas
598 3856 631 3911 ct
655 3848 742 3931 ipsa,
774 3867 871 3932 quam
895 3847 1084 3932 resumpsit.
1117 3869 1191 3911 esse
1216 3849 1320 3910 l'ertur
1343 3847 1476 3911 libertas
1501 3847 1665 3911 obnoxia?
1711 3846 1810 3910 dicite
1834 3866 1934 3931 quac-

280 3971 408 4031 sumus,
437 3949 575 4024 iudices,
609 3951 636 4013 si
664 3961 697 4013 et
727 3950 758 4013 in
792 3951 899 4035 patria.
928 3971 1001 4014 mca
1032 3948 1197 4014 debitores
1220 3951 1512 4035 pronuntiabimur,
1546 3949 1622 4034 quid
1653 3951 1766 4014 evasi?
1811 3947 1936 4013 addidit

215 4079 226 4113 ι.
280 4060 407 4118 creator
430 4055 655 4119 sanctissimus
679 4054 792 4119 dolere
817 4076 880 4130 me,
905 4053 992 4138 quod
1016 4055 1203 4118 emisissent
1226 4055 1334 4118 vincla
1357 4075 1557 4139 germanum.
1595 4053 1689 4138 quasi
1711 4074 1787 4118 vero
1808 4058 1934 4117 tantum

278 4179 298 4220 a
321 4158 415 4222 uobis
447 4160 560 4244 exigat
589 4164 707 4222 natura
738 4159 922 4233 servitium,
952 4165 988 4220 ut
1017 4165 1198 4243 conpenset
1222 4159 1326 4243 erepti
1349 4158 1457 4221 fratris
1481 4156 1643 4235 hilaritas,
1675 4156 1761 4242 quod
1784 4157 1934 4222 remansi.

280 4283 425 4327 amorem
449 4263 608 4327 debemus
632 4263 738 4325 earnis
763 4262 857 4325 sociis
881 4261 1033 4325 absoluti.
1072 4260 1195 4325 credite
1219 4260 1340 4324 dicenti
1364 4261 1552 4325 manifesta:
1576 4261 1727 4325 nesciunt
1749 4260 1871 4325 intrare
1891 4259 1932 4325 de
1947 4263 1986 4323 10

280 4366 382 4430 altero
407 4365 528 4451 gaudia
550 4366 715 4429 homiuem
741 4386 798 4450 pro
824 4387 859 4429 se
884 4366 1065 4429 timentem.
1104 4363 1182 4428 illud
1208 4365 1295 4427 eninr
1319 4363 1482 4448 inprobati
1506 4384 1595 4427 more
1620 4362 1740 4427 elamat
1763 4365 1933 4443 examinis,

280 4467 431 4551 ditiorem
455 4491 529 4534 esse
553 4467 793 4554 quodammodo
816 4489 834 4531 a
859 4489 922 4552 quo
946 4466 1067 4552 aliquid
1092 4466 1247 4552 poscitur.
1284 4468 1383 4531 talem
1407 4466 1559 4531 technam
1583 4467 1615 4530 in
1640 4466 1934 4552 supplicationibus

283 4571 392 4635 fucata
415 4580 524 4636 serrat
547 4573 727 4637 urbanitas.
757 4577 792 4633 ut
814 4579 924 4635 utatur
947 4572 1116 4655 conposita
1139 4570 1320 4633 humilitate
1343 4591 1402 4655 pro
1426 4569 1552 4635 iaculis.
1576 4578 1737 4653 quatenns
1760 4578 1934 4634 conmenta

282 4737 456 4746 ...οι-ι...
468 4740 491 4746 -..
504 4741 510 4746 -
523 4742 527 4746 .
541 4740 625 4747 -.η-η..
635 4740 652 4747 .-

289 4920 293 4925 ,
403 4866 415 4916 1
444 4864 510 4931 sirrcl
539 4884 600 4917 sane
624 4866 702 4917 sirm.
808 4867 936 4917 oratorius
958 4865 983 4914 Β
1090 4867 1193 4918 dascusa
1222 4893 1248 4899 —
1273 4865 1396 4915 iustitiam
1421 4882 1469 4915 rins.
1486 4863 1511 4913 Β
1649 4864 1665 4914 3
1689 4865 1764 4915 modo
1787 4882 1835 4915 oar.
1856 4864 1934 4916 Siras.

280 4950 297 5000 §t
313 4950 466 5018 cognitores}
490 4953 634 5005 conditores
648 4953 673 5003 B
759 4953 867 5004 euasissi
886 4952 910 5001 Β
995 4969 1109 5005 carceres
1122 4951 1147 5001 Β
1233 4951 1333 5003 uinclas
1346 4950 1370 5000 Β
1500 4950 1531 5000 ltl
1549 4967 1665 5017 regresso
1688 4954 1713 5013 (ο
1731 4967 1762 5001 er
1778 4968 1793 5001 u
1811 4952 1851 5002 cel
1868 4949 1896 5014 u)
1909 4949 1935 5001 B

279 5037 430 5089 existeritB
498 5040 650 5090 alimentum
661 5037 702 5089 Β1
718 5057 786 5090 corr.
798 5057 831 5089 sn.
844 5047 897 5090 orit.
1004 5037 1034 5088 11
1053 5039 1145 5089 liberat
1162 5037 1256 5089 VLYO
1357 5036 1390 5087 15
1407 5035 1528 5104 loqueris]
1547 5037 1618 5104 loqui
1637 5036 1714 5088 resB
1819 5037 1851 5087 16
1868 5037 1934 5088 dcci·

279 5122 363 5175 dantis
380 5124 463 5187 cosm„
481 5141 527 5175 cnr.
542 5124 620 5176 Siras.
718 5124 879 5176 atterrditeV
972 5121 1066 5190 paruit]
1091 5140 1137 5190 par
1155 5124 1204 5174 luit
1217 5123 1321 5186 Ilartel,
1342 5124 1376 5189 cf.
1392 5142 1420 5189 p.
1434 5126 1492 5187 262,
1509 5126 1542 5173 12
1676 5120 1706 5173 17
1725 5123 1827 5174 homins
1843 5120 1935 5173 Bw

280 5200 442 5277 exigerimB
567 5208 599 5261 18
616 5210 795 5277 dereliquidB
915 5208 946 5260 ‘21
966 5207 1145 5277 postpositum]
1168 5217 1252 5276 potest
1274 5210 1384 5277 positum
1403 5208 1428 5258 Β
1513 5210 1651 5275 quiequam
1672 5206 1696 5257 V
1812 5205 1847 5258 23
1870 5209 1935 5275 pira·

280 5304 375 5346 tarum
392 5295 417 5345 Β
485 5296 623 5347 reseruasit
641 5294 666 5344 B
775 5293 810 5345 25
828 5296 951 5346 merueris
964 5294 1061 5345 Horret
1134 5302 1240 5346 sxourct
1253 5293 1278 5343 Β
1386 5292 1420 5345 ‘28
1438 5296 1560 5360 quioquid
1577 5294 1601 5343 V
1707 5292 1741 5345 ⁶29
1758 5303 1890 5361 gemerent
1902 5293 1935 5357 B,

280 5382 407 5447 &emerint
426 5380 482 5443 ΡΒ,
509 5381 656 5448 gsnruarint
677 5378 724 5443 7¹2,
753 5391 908 5447 gemuerunt
922 5380 945 5432 0
958 5390 981 5431 cr
999 5379 1092 5444 Simu,
1117 5382 1247 5433 demerent
1267 5380 1362 5433 Horret
1499 5379 1535 5432 30
1557 5382 1658 5433 iuterim
1675 5381 1712 5444 B,
1739 5381 1837 5432 interea
1860 5382 1936 5432 cauri

280 5462 316 5526 aa
332 5448 494 5519 maasia
558 5466 716 5519 massera
819 5464 854 5518 aa
871 5468 913 5519 aa
926 5467 959 5530 n,
976 5468 1109 5533 quicum·
1175 5469 1265 5534 carga
1278 5468 1303 5518 a
1366 5468 1503 5534 mummi
1520 5465 1656 5533 (parsu
1759 5465 1794 5517 sa
1811 5466 1935 5519 aalma

280 5547 487 5605 t‘l'dsbimusfl
590 5551 625 5604 38
642 5554 778 5605 timentum
790 5552 835 5604 Be
938 5551 973 5604 39
990 5563 1092 5620 tegnam
1105 5554 1204 5604 codbu
1306 5551 1342 5604 40
1360 5552 1486 5620 fugataB
1555 5553 1678 5617 quatinus
1691 5551 1745 5602 BV
