4500 6232
471 296 826 366 autumemus),
845 296 973 352 LXXVII
992 297 1114 365 (LPIS'I‘.
1132 298 1157 361 3,
1177 300 1229 365 10),
1249 298 1390 354 LXXVIII
1409 299 1531 367 (EPIST.
1546 302 1574 364 73,
1593 303 1646 367 11).
1701 312 1703 316 ·
1846 308 1887 370 83

229 470 444 535 inminutione
475 469 675 549 custodiens,
711 477 744 536 et
774 470 849 535 ideo
880 491 1029 534 securum
1060 491 1112 535 me
1141 478 1215 555 post
1245 469 1342 535 deum
1370 473 1487 537 vestris
1516 473 1609 538 trado
1636 481 1669 538 ct
1698 475 1888 540 commendo

231 574 380 639 manibus
404 580 438 638 et
460 573 514 639 dei
536 573 697 639 beneficia
721 575 754 638 in
778 574 1035 660 quibuscumque
1058 575 1199 659 negotiis
1223 595 1282 659 pcr
1304 595 1362 637 vos
1385 574 1465 639 mihi
1489 577 1620 642 evenire
1651 599 1714 642 uon
1747 579 1887 663 ambigo.

228 676 368 758 domine,
390 683 427 740 ut
449 697 558 762 supra,
582 676 798 743 salutationis.
812 677 1093 742 honorificentiam
1110 678 1240 743 solvens
1255 698 1345 763 rogo,
1368 685 1405 742 ut
1423 679 1585 764 frequenti
1602 701 1654 747 me
1672 683 1884 767 epistularum
1900 685 1920 746 2

229 788 410 847 vestrarum
433 780 586 845 relevetis
609 781 764 866 alloquio,
788 782 864 866 quia
887 801 1046 844 summurn
1070 781 1149 845 mihi
1172 801 1192 843 a
1214 779 1278 846 deo
1302 803 1419 845 munus
1442 782 1640 863 conceditur,
1665 785 1691 847 si
1715 784 1755 850 de
1780 792 1890 851 vestra

163 913 175 948 ς.
230 905 380 950 meruero
408 885 565 970 sospitate
595 883 756 968 gaudere,
788 904 868 969 quos
898 885 979 950 fides
1003 890 1036 949 et
1059 885 1230 969 integritas
1254 887 1419 966 omnibus,
1450 887 1504 971 qui
1528 886 1625 952 deum
1648 889 1778 970 timent,
1812 889 1890 954 facit

232 996 397 1075 acceptos.

848 1176 1020 1254 LXXVII
1038 1177 1146 1261 (urrsr.
1164 1181 1194 1259 3,
1214 1177 1278 1262 10).

802 1355 1040 1429 ENNODIVS
1067 1356 1322 1430 LVMINOSO.

343 1486 472 1579 Posset
497 1514 710 1580 amicitiarum
736 1515 852 1599 religio
877 1521 909 1579 ct
931 1515 1065 1579 adultae
1088 1515 1174 1579 inter
1197 1537 1255 1579 nos
1279 1517 1392 1600 planta
1415 1517 1542 1601 gratiae
1566 1517 1655 1581 nulla
1672 1517 1916 1584 discretaruml

231 1619 352 1683 sentire
375 1617 493 1683 damna
516 1619 701 1704 regionum.
736 1619 763 1682 si
785 1618 873 1703 quod
895 1624 1035 1704 negatur
1059 1619 1223 1704 aspectui,
1251 1627 1446 1705 pensaretur
1468 1621 1618 1705 alloquiis
1643 1629 1675 1685 ct
1699 1625 1792 1708 pigro
1817 1645 1888 1688 cor-

230 1743 346 1808 porum
375 1742 474 1787 onerc
503 1721 597 1786 divisi
626 1744 685 1806 per
714 1722 804 1786 illam
833 1743 929 1806 quarn
960 1723 1093 1787 ecaelo
1126 1722 1323 1809 sumpsimus
1354 1731 1481 1809 partem
1521 1723 1636 1787 animis
1667 1724 1888 1809 iungeremur.

230 1824 329 1890 index
352 1846 462 1890 merae
486 1826 669 1890 affectionis
684 1832 762 1889 vota
784 1832 955 1912 pectorum
978 1827 1093 1911 lingua
1116 1826 1271 1911 signaret,
1296 1828 1322 1891 si
1338 1827 1380 1891 ad
1403 1826 1559 1892 desiderii
1583 1827 1709 1911 copiam
1734 1829 1890 1893 militaret

230 1929 295 1993 oris
319 1929 461 1993 officium
486 1937 518 1994 et
541 1931 710 2016 penetrale
735 1930 854 1994 montis
882 1930 1083 2015 resignatum
1113 1935 1282 1994 teneretur
1311 1931 1344 1993 in
1373 1930 1510 1995 litteris:
1544 1936 1622 1993 tunc
1651 1930 1739 1995 nullo
1770 1931 1890 1996 caritas

230 2033 383 2118 neglectu
399 2039 630 2114 veteresceret,
653 2040 730 2098 tune
746 2033 918 2119 diligentia
933 2040 1066 2098 mutuae
1083 2032 1301 2098 deriuationis
1320 2055 1382 2098 usu
1398 2035 1502 2118 polita
1524 2035 1667 2118 fulgeret
1690 2053 1751 2098 nec
1774 2034 1890 2098 scabro

231 2138 385 2201 memoria
413 2137 517 2201 nostri
544 2145 672 2224 torpore
700 2137 898 2204 laederetur.
944 2137 1002 2202 sed
1030 2137 1108 2221 quid
1137 2138 1268 2216 faciam,
1303 2135 1389 2220 quod
1418 2137 1496 2200 mihi
1524 2138 1714 2201 meritorum
1744 2149 1923 2209 meorum2

166 2270 177 2305 s
230 2239 371 2304 nebulae
407 2240 619 2305 serenitatem
647 2240 733 2306 bene
764 2243 905 2306 amantis
938 2242 1104 2306 obducunt
1137 2248 1170 2305 et
1199 2240 1396 2305 oblivionem
1426 2241 1490 2305 mei
1521 2247 1660 2326 peccata
1692 2241 1889 2305 conciliant?

230 2343 371 2408 facessat
393 2365 413 2407 a
436 2344 602 2428 proposito
626 2365 700 2408 mco
724 2345 843 2408 imitari
867 2345 953 2430 quod
976 2347 1099 2410 factum
1123 2343 1220 2409 doleo
1243 2352 1277 2409 ot
1300 2365 1359 2429 per
1382 2344 1549 2408 silentium
1572 2365 1701 2408 sumere
1725 2343 1766 2408 dc
1784 2350 1891 2407 vestra

230 2446 452 2511 taciturnitate
475 2446 662 2511 vindictam.
700 2449 840 2533 geminis
864 2470 942 2534 ergo
966 2449 1104 2512 stimulis
1129 2448 1231 2513 verba
1254 2447 1413 2511 concessi.
1452 2468 1575 2532 negare
1599 2468 1663 2512 non
1686 2448 1777 2532 potui
1801 2467 1889 2511 eorn-

231 2548 385 2613 mcrcium
414 2549 607 2634 epistolare,
640 2549 726 2634 quod
756 2558 789 2615 et
812 2572 911 2614 causa
940 2552 1089 2637 poposcit
1112 2558 1145 2614 ct
1168 2551 1284 2635 gratia.
1330 2551 1422 2614 scitis
1445 2551 1567 2635 optimo
1590 2570 1674 2634 quac
1698 2572 1719 2615 a
1740 2550 1834 2614 vobis
1858 2556 1922 2622 et3

230 2672 289 2737 per
310 2671 363 2715 mo
387 2658 420 2715 ot
441 2673 497 2716 ore
520 2653 650 2738 proprio
674 2659 806 2717 sanctus
829 2660 1054 2740 paternoster
1078 2653 1215 2717 domnus
1239 2653 1415 2738 episcopus
1445 2654 1643 2738 postulavit,
1673 2659 1710 2718 ut
1732 2674 1889 2738 expensa,

152 2794 157 2805 ·
229 2776 314 2842 quae
345 2776 404 2841 pro
437 2756 689 2821 necessitatibus
721 2756 831 2820 domni
866 2778 971 2843 papae
1002 2756 1180 2822 Revennm
1216 2757 1303 2820 faeta
1332 2765 1398 2832 cst,
1433 2756 1652 2821 redhibitione
1687 2763 1893 2842 pensaretur.

231 2859 329 2925 certis
353 2859 440 2923 enim
462 2860 668 2946 potentibus,
693 2880 829 2944 quorum
853 2849 985 2925 nomina
1007 2867 1112 2925 tutum
1136 2882 1201 2925 non
1225 2868 1277 2925 cst
1300 2863 1421 2946 scripto
1446 2861 1585 2946 signari,
1617 2860 1707 2924 novit
1731 2859 1891 2940 dominus,

229 2965 307 3048 quia
335 2965 410 3050 plus
439 2986 536 3049 quam
560 2963 814 3050 quadringentos
837 2967 907 3030 auri
930 2966 1052 3030 solidos
1077 2966 1235 3051 erogavit.
1280 2965 1341 3029 hos
1366 2986 1417 3029 me
1441 2964 1539 3030 fidem
1563 2964 1693 3028 dicento
1716 2964 1920 3034 concessite

229 3068 319 3132 frons
342 3089 417 3133 mea
438 3066 526 3153 apud
548 3067 654 3152 ipsum
679 3068 784 3133 libera
808 3090 968 3135 essenon
992 3077 1110 3156 potest,
1135 3069 1238 3134 donoc
1261 3090 1322 3154 pcr
1337 3091 1405 3145 vos,
1428 3069 1512 3133 sicut
1536 3067 1673 3143 confido,
1698 3068 1891 3152 pollicitatio

231 3172 444 3258 compleatur.
489 3170 609 3235 idcirco
633 3171 738 3237 direxi
761 3175 983 3258 praesentium
1008 3175 1224 3260 perlatorem,
1247 3172 1412 3238 hominem
1435 3178 1469 3236 et
1492 3171 1659 3254 religionis
1683 3177 1716 3235 ct
1738 3170 1832 3246 fidei,
1856 3177 1891 3233 ut

154 3306 179 3341 ·:‚
232 3274 274 3338 ab
297 3275 359 3339 hac
384 3296 435 3339 mo
458 3295 555 3360 quarn
577 3277 744 3359 praefatus
774 3298 845 3340 sum
877 3278 1091 3341 conventione
1122 3284 1155 3341 et
1184 3278 1301 3340 iniuria
1332 3277 1522 3340 sublevetis.
1569 3275 1655 3340 undo
1686 3276 1890 3339 salutationis

232 3376 389 3443 honorem
413 3383 482 3441 tota
513 3378 696 3443 humilitate
728 3381 918 3465 porsolvens
949 3402 1027 3466 rogo
1057 3403 1117 3467 per
1147 3381 1237 3443 illunr
1271 3386 1477 3458 contestans,
1508 3380 1562 3464 qui
1595 3379 1777 3442 eommunia
1806 3379 1891 3441 circa

233 3487 382 3543 sanctum
405 3502 523 3567 papam
546 3489 623 3547 vota
646 3484 802 3568 respexit,
827 3496 863 3548 ut
886 3484 1043 3548 ordinetis
1066 3485 1208 3569 qualiter
1231 3484 1272 3548 ab
1296 3481 1481 3547 huiusmodi
1504 3482 1728 3568 inquictudine
1752 3483 1889 3546 rclever.

234 3590 342 3648 tamen
367 3584 394 3648 si
410 3586 629 3650 verecundum
654 3609 727 3651 csso
751 3609 815 3651 non
841 3588 983 3663 creditis,
1007 3588 1160 3655 iudicate.
1184 3594 1217 3651 ct
1240 3587 1280 3650 dc
1305 3587 1436 3671 propria
1452 3586 1608 3650 facultate
1626 3586 1771 3661 restituo,
1795 3584 1920 3669 quid-5

233 3688 310 3773 quid
338 3710 390 3753 mc
418 3689 600 3776 spondente
623 3712 643 3754 a
665 3696 780 3755 sancto
810 3691 965 3777 episcopo
997 3697 1125 3754 constat
1156 3711 1355 3775 expensum.
1388 3689 1463 3773 quia
1493 3689 1618 3751 litteras
1648 3689 1753 3752 sancti
1784 3710 1889 3774 papae

233 3791 356 3862 habeo.
383 3793 503 3877 quibus
526 3794 635 3871 iussit,
665 3794 819 3879 quidquid
843 3816 925 3880 opus
950 3801 1038 3859 esset
1061 3793 1147 3868 ficri,
1179 3815 1252 3856 eum
1276 3813 1349 3855 mco
1372 3790 1493 3855 debere
1518 3792 1694 3855 securitate
1719 3792 1886 3878 ‹urruplcri

234 3897 261 3959 si
284 3917 412 3961 mercor
434 3898 592 3969 laborare,
617 3904 746 3961 vestrae
770 3898 831 3961 erit
855 3899 1049 3983 provisionis
1073 3896 1272 3982 expendere.

840 4187 1032 4255 LXXVIII
1050 4189 1158 4274 (rrrsr.
1172 4190 1201 4269 3,
1222 4187 1284 4269 11).

817 4356 1054 4441 ENNODIVS
1089 4364 1309 4440 SENARIO.

357 4496 402 4591 Si
424 4526 615 4611 diligentiae
646 4529 804 4592 memoria
833 4529 919 4593 circa
948 4550 1119 4615 porsonam
1151 4549 1257 4592 meam
1279 4527 1406 4591 animus
1429 4531 1540 4589 vester
1561 4544 1626 4589 non
1650 4531 1836 4597 exueretur,
1867 4525 1920 4587 sit

237 4630 356 4694 reverti
380 4650 454 4695 eum
479 4628 520 4692 ad
543 4627 694 4695 iudicium
719 4633 904 4697 sublimitas
928 4640 985 4697 tua
1007 4655 1070 4697 nou
1101 4639 1235 4716 cogeret
1264 4637 1337 4717 post
1364 4630 1527 4707 favorem.
1557 4628 1741 4713 frequentia
1772 4629 1893 4714 scripta

339 4887 552 4958 linminutione]
571 4892 776 4945 immutationeb
890 4892 999 4962 3sapra
1011 4892 1056 4943 Βῡι
1135 4890 1262 4959 frequenti
1279 4886 1329 4956 me]
1350 4889 1593 4956 frequentissimeB
1705 4882 1814 4952 bquoa]
1834 4886 1895 4952 quia

237 4976 316 5030 sim.
385 4979 443 5029 fidis
456 4977 481 5027 B

341 5077 483 5148 [LXXVII]
519 5078 634 5148 8poesit
649 5080 675 5131 B
786 5080 819 5132 10
836 5083 974 5134 sumsimus
990 5081 1015 5132 V
1121 5081 1149 5131 ll
1171 5080 1242 5131 iudix
1259 5080 1285 5131 Β
1354 5082 1375 5131 si
1394 5097 1442 5130 ora.
1455 5079 1480 5129 Β
1548 5077 1650 5143 cupium
1663 5075 1688 5125 Β
1794 5071 1894 5125 13dili-

236 5169 323 5235 gentia
334 5167 414 5231 BCP,
430 5168 548 5235 diligenti
563 5166 639 5217 VLY
752 5164 784 5217 14
802 5168 882 5218 nostri
895 5167 953 5231 ΒΟ,
975 5169 1053 5218 riestri
1072 5168 1146 5218 reteri
1224 5165 1286 5216 milri
1304 5182 1359 5231 sup.
1373 5167 1419 5216 tiu.
1432 5164 1457 5215 Β
1574 5160 1607 5213 Ῑῖ)
1624 5163 1673 5213 mei
1692 5168 1795 5228 peccata
1813 5159 1895 5211 nreob

239 5252 272 5305 18
295 5251 417 5321 poposcit]
440 5255 572 5322 proposuit
587 5253 633 5304 13⁰
770 5251 801 5302 ‘21
823 5255 926 5305 nomina
948 5251 1043 5318 tumim]
1066 5255 1224 5304 nominatum
1244 5250 1284 5303 Β1
1388 5253 1481 5303 scribto
1500 5249 1525 5299 Β
1661 5245 1697 5298 22
1714 5247 1896 5313 qrradrigeutos

236 5357 292 5407 asp.
305 5341 351 5393 liu.
364 5358 382 5391 n
397 5339 422 5389 V
532 5337 567 5390 24
584 5340 666 5390 direxi
683 5336 724 5388 Pl
742 5347 765 5390 et
783 5338 871 5403 Sirra,
888 5340 981 5391 direxit
998 5341 1073 5391 ceteri
1154 5339 1282 5389 lromiueur
1301 5339 1431 5405 religionis
1450 5336 1508 5400 (rme.
1528 5336 1563 5398 ct)
1583 5335 1662 5386 Simu.
1779 5330 1813 5384 28
1831 5334 1896 5384 ueri·

236 5426 413 5480 somnusve
493 5427 602 5478 oredetirs
618 5425 644 5476 B
724 5425 890 5492 quioquidV
1005 5423 1041 5476 30
1057 5426 1179 5492 quicquid
1192 5424 1217 5474 V
1293 5442 1349 5476 esse
1362 5423 1424 5474 1⁷¹1.
1548 5421 1580 5472 31
1606 5417 1712 5483 mereor}
1737 5437 1792 5471 meo
1814 5420 1897 5485 »pretio

237 5515 381 5567 summio
398 5513 485 5564 relicto
498 5512 523 5563 B
592 5513 737 5580 expendere
747 5512 869 5577 Vth'R
886 5513 1024 5580 explodere
1040 5511 1090 5575 1⁷⁰,
1107 5511 1261 5579 explaudere
1276 5509 1306 5572 L,
1325 5509 1451 5576 expendet
1463 5508 1489 5557 B

343 5614 498 5682 [LXXVIII]
535 5615 569 5667 32
587 5617 688 5667 mrmrio
701 5615 726 5664 Β
832 5613 868 5666 33
885 5623 1008 5666 exuretur
1025 5631 1080 5681 usp.
1094 5615 1167 5665 time
1183 5613 1208 5663 V
1306 5611 1340 5663 34
1358 5613 1492 5676 eanrfort.
1563 5607 1697 5676 cogeritB
1766 5608 1859 5659 scribta
1872 5607 1897 5656 B

1638 5701 1690 5752 ll*
