4500 6232
224 483 331 526 Parentes

344 291 383 346 lli
864 288 886 342 1.
913 286 960 340 1111
977 284 1066 340 VI'IA
1088 285 1135 340 ur
1153 286 1314 342 SCRIPTIS
1332 287 1481 344 ENNODI.

447 464 596 529 Parentes
619 463 678 528 sibi
702 463 860 527 etiamtum
883 461 1013 546 puerulo
1036 470 1159 547 ereptos
1182 482 1250 525 esse
1271 461 1339 548 ipse
1361 459 1456 526 tradit
1483 461 1532 526 his
1555 463 1659 528 verbis
1682 470 1722 551 (p.
1738 467 1811 543 302,
1823 467 1889 545 351:
1918 489 2001 558 ,sup-

345 568 461 656 plicavi
485 577 521 632 ut
542 566 667 632 adesset
689 566 787 650 (deus)
815 566 847 629 in
871 587 920 629 me
945 565 1100 629 beneficiis
1123 564 1189 629 suis
1211 588 1269 629 nee
1291 575 1443 631 averteret
1464 589 1498 630 sc
1520 567 1560 632 ab
1582 590 1628 647 eo,
1650 590 1741 654 quem
1765 571 1890 655 genuini
1913 594 2002 657 prae-

344 672 417 738 sidii
438 673 537 737 tutela
559 670 743 736 destitutum
765 671 898 735 fovisset
919 667 1159 733 misericorditer
1180 679 1211 732 et
1232 669 1310 749 illis,
1336 669 1390 755 qui
1411 679 1575 756 pareutum
1598 658 1793 736 laetabantur
1814 672 2002 753 defensione,

344 777 560 864 praetulisset.
597 775 701 840 verbis
725 775 786 838 illis
810 771 928 860 putidis
950 773 1086 857 ,genuini
1101 771 1250 858 praesidii
1265 773 1363 838 tutela
1385 772 1579 838 destitutum‘
1601 773 1676 839 nihil
1700 775 1785 840 aliud
1807 778 1867 841 nisi
1891 761 2002 843 orbum¹

345 881 522 967 significari,
544 888 574 943 et
588 880 633 943 eis
649 900 728 964 quae
743 886 915 962 sequuntur
929 885 961 939 et
974 875 1136 939 enuntiato
1151 876 1300 962 persimili
1317 901 1347 963 p.
1363 879 1436 956 287,
1451 880 1490 943 12
1506 877 1629 959 (collato
1644 901 1715 943 cunr
1732 881 1804 960 287,
1817 884 1847 959 2)
1870 881 2001 949 doceris.

345 1007 416 1048 cum
439 984 535 1069 igitur
557 980 682 1046 Enuodi
706 992 850 1068 parentes
874 980 1035 1065 aliquanto
1057 989 1130 1044 ante
1151 997 1268 1044 anuum
1291 982 1354 1046 499
1384 982 1447 1046 iam
1469 981 1582 1045 mortui
1606 991 1718 1060 essent,
1740 983 1830 1048 facile
1844 986 2002 1050 refellitur

346 1087 467 1152 Schotti
498 1089 676 1152 coniectura
702 1082 950 1149 aBollandistis
979 1084 1031 1165 (A.
1042 1082 1075 1147 S.
1090 1083 1150 1147 Iul.
1163 1083 1219 1148 IV
1234 1106 1264 1169 p.
1276 1085 1350 1158 2711
1379 1090 1493 1149 temere
1521 1085 1737 1171 comprobata,
1760 1088 1813 1173 qui
1836 1111 1873 1152 ex
1898 1089 2000 1154 verbis

346 1194 470 1279 (pals,
483 1193 513 1273 3)
542 1191 693 1268 ,Camella
715 1211 827 1276 parens
849 1194 928 1252 mea‘
954 1185 1202 1252 concludendum
1231 1210 1300 1252 esse
1327 1187 1538 1253 arbitrabatur
1559 1187 1731 1254 Camellum
1754 1201 1883 1256 matrem
1905 1194 2003 1258 fuisse

345 1295 482 1361 Enuodi.
515 1296 651 1383 epistula
672 1295 765 1374 enim,
787 1293 871 1358 unde
893 1292 947 1357 illa
962 1292 1059 1357 verba
1079 1291 1193 1356 hausta
1207 1301 1289 1373 sunt,
1312 1292 1429 1379 scripta
1451 1300 1500 1357 est
1514 1301 1587 1379 post
1601 1292 1829 1378 expeditionem
1852 1295 2001 1360 aGothis

345 1401 377 1464 iu
401 1400 540 1466 Galliam
562 1422 644 1464 auno
668 1402 731 1466 598
755 1407 933 1484 susceptam
958 1396 1007 1479 (cf.
1022 1396 1116 1460 etiam
1134 1394 1292 1460 Sinnoudi
1308 1406 1371 1461 not
1394 1420 1424 1483 p.
1440 1399 1501 1478 45).
1518 1435 1558 1445 -
1576 1396 1754 1483 Speciosior
1774 1408 1822 1463 est
1843 1399 2002 1465 Sinnoudi

345 1505 499 1568 sententia
521 1502 559 1566 de
581 1502 706 1567 Enuodi
730 1512 818 1588 patre
841 1501 971 1587 prolata,
993 1522 1086 1585 quam
1110 1499 1177 1584 ipse
1198 1498 1324 1585 quidem
1347 1498 1573 1564 divinationem
1594 1511 1716 1566 tanturm
1739 1502 1924 1589 appellavit,
1946 1504 2004 1569 sed

345 1631 452 1672 omnes
476 1606 621 1693 deinceps
644 1606 733 1693 quasi
762 1605 918 1670 decretum
941 1613 1130 1690 receperunt.
1175 1601 1317 1689 disputat
1338 1604 1420 1667 euim
1443 1602 1483 1667 ad
1506 1605 1597 1690 epist.
1619 1605 1674 1670 IV
1690 1609 1731 1672 25
1754 1607 1786 1670 in
1809 1608 1892 1672 uotis
1915 1632 1945 1694 p.
1962 1611 2000 1673 21

345 1711 434 1777 haec:
464 1709 612 1792 ,Enuodii
641 1720 730 1797 pater
756 1710 919 1774 Camillus.
969 1709 1032 1772 iam
1062 1705 1201 1771 Enuodii
1230 1717 1373 1794 parentes
1397 1707 1508 1772 Gallos
1530 1709 1627 1772 fuisse
1654 1711 1770 1775 scimus
1798 1734 1815 1774 e
1841 1713 2004 1798 provincia

345 1814 543 1879 Narbonensi
566 1815 723 1900 laremque
745 1814 777 1878 iu
800 1837 837 1879 ea
851 1812 998 1878 habuisse
1021 1821 1120 1875 totam
1142 1811 1209 1875 eius
1223 1812 1320 1875 ferme
1334 1812 1558 1897 cognationem.
1594 1813 1708 1899 quibus
1723 1837 1798 1879 sane
1813 1805 2003 1900 argumentis

346 1941 382 1982 ac
405 1918 539 1983 duorum
561 1918 653 1982 simul
677 1916 816 1981 Enuodii
832 1915 1068 2003 praenominum
1085 1915 1262 1979 coniectura
1278 1914 1383 1995 ducor,
1405 1924 1441 1980 ut
1463 1938 1596 2001 augurer
1611 1915 1778 1982 Camillum
1794 1919 1860 1983 eius
1884 1929 2003 2006 patrem

346 2021 434 2085 illum
450 2023 554 2109 ipsum
575 2023 681 2100 fuisse,
704 2044 795 2107 quem
812 2019 962 2086 Sidonius
984 2021 1120 2084 carmine
1135 2020 1190 2084 IX
1205 2018 1245 2085 ad
1261 2020 1398 2085 Felicem
1421 2044 1578 2086 summum
1601 2023 1700 2108 ipsius
1717 2025 1888 2109 patruelem
1903 2037 2004 2090 vocat.

346 2124 437 2189 Felix
460 2125 614 2210 siquidem
640 2125 723 2189 filius
751 2125 813 2189 fuit
833 2124 958 2209 Magni:
989 2135 1077 2210 pater
1099 2124 1226 2189 Camilli
1248 2123 1386 2189 eiusdem
1409 2125 1520 2211 Magni
1547 2126 1651 2190 frater.
1695 2126 1844 2193 Sidonius
1866 2128 1949 2194 idem
1973 2131 2004 2194 iu

347 2229 556 2316 descriptione
578 2229 716 2294 cousinii
743 2228 937 2292 Arelatensis
964 2227 1018 2292 lib.
1040 2227 1059 2290 Ι
1081 2250 1128 2313 ep.
1154 2231 1189 2293 11
1214 2227 1429 2306 „recumbente
1451 2237 1523 2314 post
1550 2250 1583 2292 se
1607 2230 1691 2315 [post
1712 2229 1866 2316 Magnum
1888 2234 2006 2297 scilieet

346 2332 540 2417 exconsule]
563 2332 699 2397 Camillo
722 2331 785 2395 lilio
808 2331 922 2395 fratris.
956 2331 1010 2417 qui
1033 2329 1156 2396 duabus
1179 2329 1385 2416 dignitatibus
1407 2341 1439 2395 et
1460 2333 1528 2418 ipse
1550 2330 1689 2397 decursis
1704 2336 1820 2420 pariter
1842 2346 2006 2400 ornaverat

347 2436 600 2523 proconsulatum
623 2437 735 2523 patris,
756 2436 861 2522 patrui
884 2435 1107 2499 consulatum“.
1143 2457 1238 2520 quare
1259 2435 1350 2500 Felix
1372 2444 1403 2499 et
1425 2435 1578 2500 Camillus
1601 2437 1710 2501 liatres
1733 2448 1821 2502 erant
1842 2439 2006 2526 patnreles,

346 2540 494 2604 fratribus
523 2540 677 2627 prognati.
722 2539 848 2605 Camilli
876 2548 993 2617 autem,
1021 2547 1056 2602 ut
1077 2539 1213 2618 conicio,
1240 2539 1322 2603 filius
1344 2538 1510 2603 Enuodius
1533 2550 1652 2620 noster,
1681 2542 1734 2626 qui
1757 2541 1868 2627 Magni
1890 2543 2005 2607 Felicis

348 2644 550 2730 praenomina
572 2667 592 2708 a
614 2653 784 2730 propatruo
806 2643 934 2728 eiusque
955 2643 1020 2708 filio
1042 2642 1199 2707 derivarit.
1230 2665 1339 2707 verum
1354 2642 1431 2707 haec
1452 2652 1560 2708 nostra
1580 2653 1702 2708 tantum
1725 2654 1772 2710 est
1787 2645 2003 2710 divinatis.—

349 2747 476 2813 Conieit
502 2748 597 2832 igitur
626 2745 811 2811 Sirmoudus
837 2745 1019 2811 Enuodium
1046 2746 1144 2811 fuisse
1166 2747 1265 2811 filium
1288 2746 1427 2824 Camilli,
1458 2747 1511 2833 qui
1534 2748 1601 2833 ipse
1622 2747 1684 2811 fuit
1704 2748 1787 2813 filius
1810 2750 2006 2836 proconsulis

349 2849 511 2915 cuiusdam
533 2859 565 2913 et
585 2850 681 2914 frater
700 2849 811 2935 Magni
827 2850 964 2914 consulis
984 2850 1058 2914 anni
1070 2854 1143 2929 469,
1165 2859 1257 2936 atque
1279 2872 1317 2913 ex
1339 2850 1395 2914 illo
1417 2851 1510 2915 titulo
1531 2850 1579 2933 (C.
1591 2851 1617 2913 I.
1629 2850 1667 2914 L.
1682 2851 1774 2917 VIII
1789 2875 1818 2916 u.
1839 2842 1929 2933 1358)
1952 2877 2008 2917 no-

349 2955 452 3018 vimus
475 2954 555 3017 inter
577 2976 676 3018 annos
694 2957 863 3021 408-421
889 2953 1027 3018 Felicem
1049 2953 1217 3018 Innodium
1241 2953 1459 3040 proconsulem
1481 2953 1586 3017 tirisse.
1619 2976 1668 3018 res
1691 2977 1765 3040 ergo
1788 2957 1850 3020 iam
1873 2965 1956 3021 certa
1977 2970 2008 3021 et

349 3056 510 3143 explorata
532 3056 665 3122 videtur.
700 3066 732 3121 at
753 3057 889 3143 primum
905 3055 1125 3143 opponendum
1149 3066 1197 3121 est
1219 3056 1302 3119 huuc
1319 3055 1490 3120 Innodium
1512 3066 1544 3120 et
1566 3056 1654 3120 illum
1670 3056 1825 3144 Magnum
1847 3060 2007 3124 consulem

350 3163 421 3226 anui
445 3166 509 3228 460
533 3170 619 3226 tanto
642 3163 791 3247 temporis
814 3163 917 3248 spatio
939 3162 1075 3226 interae
1097 3160 1226 3239 distare,
1250 3173 1283 3225 ut
1305 3162 1361 3227 vix
1383 3184 1440 3246 pro
1462 3160 1611 3226 fratribus
1634 3161 1740 3226 haberi
1764 3164 1895 3248 possint.
1939 3176 2006 3228 tum

350 3265 435 3351 quod
458 3266 558 3329 maius
581 3275 638 3344 est,
660 3275 727 3330 teta
748 3266 803 3330 illa
825 3263 983 3330 Sinnoudi
1007 3265 1228 3330 commentatio
1250 3265 1394 3350 quamuis
1423 3263 1516 3329 docta
1542 3264 1752 3330 fundamentis
1778 3290 1889 3353 parum
1911 3270 2008 3333 linuis

351 3370 468 3434 nititur.
503 3370 608 3456 posita
630 3377 734 3433 autem
756 3378 803 3434 est
825 3371 856 3433 in
876 3369 926 3434 his
941 3370 1139 3456 potissimum
1154 3368 1259 3433 verbis
1272 3364 1323 3456 lp.
1340 3371 1412 3449 146,
1428 3372 1493 3450 lu:
1515 3370 1552 3448 ,si
1568 3369 1742 3435 Camellum
1762 3382 1865 3436 mente
1887 3373 2010 3451 retines,

350 3472 532 3537 Enuodium
563 3497 625 3538 non
655 3475 798 3553 omittes‘,
825 3496 904 3560 quae
930 3474 983 3538 ille
1010 3475 1056 3538 sic
1084 3475 1303 3561 interpretatus
1331 3483 1395 3538 est:
1424 3473 1488 3560 ,qui
1516 3484 1636 3561 patrem
1665 3477 1790 3556 ernasti,
1819 3477 1917 3540 filium
1947 3500 2008 3541 uon

351 3584 496 3665 spernes‘.
552 3587 687 3665 possunt
720 3601 794 3642 sane
825 3579 872 3642 sic
899 3578 1075 3664 explanari,
1108 3577 1163 3642 sed
1196 3579 1242 3642 sic
1275 3600 1311 3642 ea
1344 3577 1504 3663 explanari
1535 3600 1661 3643 neeesse
1687 3601 1755 3644 esse
1783 3580 1853 3665 quis
1880 3590 1927 3644 est
1954 3582 2007 3666 qui

350 3683 540 3755 contendat?
1266 3703 1273 3709 ·

457 3785 520 3850 Sed
542 3785 618 3873 quid
641 3787 821 3850 circuitione
850 3808 930 3872 opus
959 3788 1026 3850 est?
1053 3786 1116 3849 iarn
1144 3786 1205 3850 alia
1233 3784 1308 3849 mihi
1338 3794 1444 3871 patere
1464 3784 1590 3848 ridetur
1616 3786 1670 3849 via
1696 3784 1737 3849 ad
1763 3787 1860 3872 patris
1882 3785 2008 3850 Enuodi

353 3912 467 3954 nomen
489 3889 701 3976 indagandum
725 3900 756 3952 et
778 3889 903 3954 brevior
924 3899 956 3953 et
978 3890 1096 3953 certior.
1127 3889 1301 3975 Lupicinus
1317 3887 1377 3951 fuit
1391 3887 1474 3952 filius
1489 3887 1668 3974 Euprepiac
1690 3894 1730 3975 (p.
1746 3892 1797 3969 68,
1809 3892 1859 3956 28.
1884 3893 1933 3970 73,
1948 3893 2010 3970 251,

353 3993 514 4080 Eupmpia
538 4002 641 4058 autem
671 4015 760 4056 soror
782 3992 907 4057 Enuodi
932 3998 972 4079 (p.
988 3996 1039 4072 68,
1056 3996 1106 4058 28.
1129 3995 1180 4070 69,
1192 3995 1262 4058 24.
1287 3994 1357 4069 112,
1369 3995 1409 4070 8).
1453 3992 1539 4077 atqui
1566 3992 1712 4078 Lupicini
1736 3994 1786 4057 avi
1809 3994 2011 4058 nominantur
2043 4026 2047 4033 ·

353 4104 394 4184 (p.
408 4100 458 4176 78,
466 4100 507 4164 26
530 4107 560 4160 et
583 4100 633 4174 79,
651 4099 702 4178 32)
732 4096 892 4160 Firminus
922 4107 953 4160 et
975 4095 1140 4181 Glycerius
1168 4094 1338 4175 (,Lieerius‘
1365 4093 1433 4159 cod.
1460 4094 1586 4175 Vatia).
1635 4118 1709 4182 ergo
1736 4119 1807 4161 curn
1835 4097 2009 4183 Lupicinus

353 4200 500 4265 dilucidis
527 4199 631 4265 verbis
658 4223 678 4264 a
705 4199 847 4263 Firmino
876 4209 908 4264 et
936 4198 1100 4285 Glycerio,
1132 4221 1211 4286 quos
1244 4197 1409 4263 Ennodius
1437 4198 1457 4262 l.
1481 4199 1691 4285 eloquentes
1719 4201 1821 4280 fiuxit,
1849 4225 1879 4287 p.
1901 4204 1950 4280 78,
1968 4204 2010 4266 28

353 4306 524 4391 ,utriusque
539 4305 647 4391 planta
668 4303 814 4368 familiae‘
836 4303 1017 4390 appelletur,
1040 4312 1095 4368 aut
1109 4303 1269 4368 Firminus
1292 4311 1347 4367 aut
1362 4301 1527 4388 Glycerius
1550 4313 1640 4389 pater
1656 4303 1834 4390 Euprepiae
1856 4306 2011 4392 simulque

353 4408 481 4474 Enuodi
502 4407 571 4472 fuit.
608 4431 702 4495 porro
724 4408 798 4494 quia
819 4406 946 4494 Glyceri
968 4408 1001 4471 in
1021 4406 1148 4472 Enuodi
1170 4407 1313 4494 epistulis
1335 4429 1490 4492 nusquam
1512 4408 1629 4472 mentio
1651 4409 1700 4489 fit,
1722 4418 1828 4473 centra
1851 4409 2011 4472 Firminus

354 4512 482 4598 quidam
505 4552 546 4560 -
571 4512 777 4590 Arelatensis,
807 4520 842 4576 ut
868 4510 1053 4577 Sirmondus
1081 4512 1113 4576 in
1139 4521 1202 4576 not
1224 4535 1254 4598 p.
1272 4515 1311 4577 19
1342 4509 1632 4576 demonstrauit-
1656 4512 1687 4575 in
1718 4510 1841 4578 duabus
1867 4513 2011 4599 epistulis

356 4617 550 4703 propinquus
573 4618 751 4681 nominatur
773 4622 813 4703 (p.
831 4620 880 4697 17,
893 4621 944 4685 26.
966 4619 1017 4696 39,
1032 4620 1076 4697 l),
1104 4627 1197 4703 atque
1219 4616 1360 4680 Firmina
1386 4614 1526 4679 inlustris
1548 4615 1678 4696 femina,
1707 4639 1786 4702 quae
1809 4617 1890 4682 ultre
1912 4618 2012 4703 Alpes

356 4719 480 4785 Cottius
508 4721 628 4786 habitat
656 4724 863 4807 ([ι.231,12),
891 4721 932 4786 ab
960 4719 1108 4785 Enuodio
1135 4742 1258 4784 smuma
1284 4740 1354 4783 cum
1383 4719 1498 4804 pietate
1525 4719 1649 4797 colitur,
1675 4719 1817 4805 equidem
1844 4744 1902 4807 pro
1929 4731 2013 4786 certo

356 4824 574 4890 affirmaverim
597 4823 723 4890 Enuodi
748 4827 831 4912 putri
853 4826 950 4890 fuisse
972 4847 1084 4890 nomeu
1106 4824 1291 4888 Firmiuum.

460 4931 505 4993 At
527 4929 554 4994 si
577 4952 722 5015 quaeras,
752 4953 903 5016 quaenam
927 4927 1070 4994 condicio
1093 4929 1172 4992 inter
1194 4925 1375 4992 Ennodium
1398 4936 1430 4991 et
1451 4926 1635 5005 Camillum,
1663 4950 1755 5013 quem
1784 4937 1815 4992 et
1837 4929 1953 5016 optime
1975 4928 2015 4992 de

356 5036 458 5100 Basso
481 5035 625 5099 meritum
648 5045 772 5099 etcum
795 5033 942 5100 Enuodio
965 5032 1185 5099 familiaritatis
1208 5031 1334 5095 viuculo
1357 5032 1555 5096 coniunctum
1582 5031 1680 5095 fuisse
1702 5054 1740 5095 ex
1763 5033 1898 5119 epistula
1919 5033 2015 5096 citata

356 5145 397 5223 (p.
412 5140 484 5216 146,
496 5141 527 5219 9)
551 5147 689 5225 apparet,
712 5139 928 5218 intercesserit,
950 5138 1033 5202 hunc
1053 5137 1166 5201 amitae
1185 5158 1264 5221 quae
1279 5134 1459 5200 Ennodium
1476 5146 1550 5222 post
1564 5145 1727 5222 parentum
1749 5147 1879 5202 mortem
1896 5138 2014 5202 aluerat

357 5243 501 5307 maritum
528 5242 626 5307 firisse
654 5266 787 5330 pronum
814 5252 862 5308 est
888 5243 1035 5307 conicere.
1080 5242 1187 5326 utique
1209 5263 1283 5305 vero
1311 5240 1393 5304 huuc
1416 5239 1584 5305 Camillum
1612 5263 1682 5303 cunr
1706 5239 1875 5307 Sirmondo
1904 5262 2015 5304 censeo

356 5345 488 5411 eundem
518 5369 600 5426 esse,
627 5346 666 5412 de
694 5371 757 5435 quo
787 5346 935 5411 Sidonius
964 5346 997 5411 iu
1030 5345 1120 5431 epist.
1149 5345 1165 5409 I
1197 5348 1233 5411 11
1265 5344 1341 5409 haee
1367 5354 1487 5410 narrat:
1522 5366 1633 5423 ,senno
1660 5343 1701 5409 ad
1730 5347 1831 5411 virum
1863 5346 2013 5410 illustrem

357 5451 528 5517 Camillum
550 5473 589 5516 ex
616 5453 779 5518 occasione
804 5451 1004 5530 mansfertur,
1029 5451 1062 5515 iu
1084 5457 1206 5515 tantum
1229 5459 1265 5514 ut
1286 5448 1402 5515 diceret
1428 5450 1572 5537 princeps
1595 5450 1671 5531 (scil.
1693 5449 1914 5530 Maiorianuslx
1944 5469 2016 5513 vere

357 5553 452 5620 habes
475 5563 638 5643 patruum,
660 5555 755 5622 frater
777 5554 923 5636 Camille,
952 5564 1079 5643 propter
1100 5575 1194 5642 quem
1216 5576 1266 5620 me
1287 5554 1424 5621 familiae
1446 5565 1518 5620 tuae
1540 5553 1738 5620 consulatum
1759 5576 1856 5619 unum
1877 5552 2017 5641 gratuler
