4500 6232
906 283 994 337 vrrs
1014 282 1169 337 narrant.
1809 289 1863 349 tot

214 452 254 519 ad
279 459 429 541 posteros
452 455 505 539 qui
529 454 757 540 praesentibus
781 455 885 542 culpis
909 457 1057 541 ignoscit.
1092 477 1167 520 nam
1188 454 1273 541 quod
1292 456 1332 520 dc
1356 455 1573 542 redemptoris
1590 458 1693 522 nostri
1709 459 1867 544 patientia

214 557 370 642 loqueris,
398 557 473 621 illos
496 579 574 622 vero
604 559 813 643 amplectitur
834 560 885 623 lac
914 561 1051 644 getiae,
1081 580 1162 643 quos
1186 560 1362 623 austeritas
1387 560 1469 644 legis
1495 560 1655 626 informat.
1701 583 1866 647 nunquam

214 658 384 724 amedico
414 660 456 724 ad
486 661 708 748 plenissimam
739 661 941 726 curationem
970 682 1071 746 aeger
1098 658 1257 725 adductus
1287 667 1348 735 est,
1386 661 1449 724 nisi
1477 660 1519 724 ab
1547 662 1616 743 illo,
1646 663 1700 747 qui
1728 664 1866 750 primurn

215 765 324 852 putria
344 764 432 829 ferro
455 763 602 829 membra
624 764 774 829 desecuit
796 772 830 830 et
852 766 1010 829 latentem
1039 765 1169 850 ponitus
1194 785 1212 827 e
1235 765 1308 827 sinu
1332 764 1496 828 viscerum
1524 764 1678 851 produxit
1700 767 1866 832 inluviem.

148 892 161 926 a
214 869 269 954 qui
302 868 493 933 criminosos
526 868 649 953 patitur
683 869 803 954 inpune
838 869 988 941 transire,
1029 866 1070 931 ad
1106 868 1240 931 crimina
1269 868 1417 932 hortatur
1448 869 1606 933 insontes.
1651 875 1761 934 tamen
1791 871 1941 956 quial34

215 972 365 1059 precibus
393 972 523 1049 vestris,
553 969 671 1056 quibus
694 993 836 1058 superna
867 974 1059 1046 assentiunt,
1093 970 1252 1036 obsistere
1281 978 1414 1036 terrena
1442 994 1506 1036 non
1535 980 1683 1058 possunt,
1717 974 1867 1039 omnibus

213 1075 413 1161 generaliter
439 1095 582 1140 errorem
615 1074 824 1140 dimittemus.
870 1076 990 1139 nullius
1019 1082 1117 1160 caput
1149 1095 1235 1138 noxa
1263 1083 1458 1159 prosternet,
1492 1077 1643 1160 quoniam
1671 1078 1810 1162 potestis
1834 1083 1867 1142 et

214 1180 301 1267 apud
323 1179 421 1245 deum
444 1185 590 1245 nostrum
613 1201 725 1264 agere,
747 1186 784 1243 ut
807 1180 988 1244 sceleratae
1010 1185 1138 1243 mentes
1162 1199 1182 1241 a
1204 1178 1364 1264 propositi
1385 1179 1435 1241 sui
1455 1180 1669 1264 perversitate
1687 1179 1866 1245 discedant.

214 1304 338 1369 paucos
366 1292 486 1365 tamen,
516 1303 598 1368 quos
621 1283 782 1347 malcrum
805 1284 990 1350 incentores
1013 1284 1114 1347 fuisse
1139 1283 1285 1367 cognovi,
1317 1282 1463 1347 locorum
1487 1303 1618 1346 suorum
1641 1285 1866 1349 tantummodo

214 1385 416 1452 habitatione
437 1384 583 1471 privabo,
607 1406 649 1449 nc
668 1385 753 1450 forte
770 1406 935 1470 exurgens
951 1387 1134 1450 necessitas
1151 1385 1275 1448 vicinos
1291 1386 1435 1448 inveniat
1451 1387 1626 1450 nutritores
1650 1393 1684 1451 et
1706 1387 1866 1452 malorum

212 1488 323 1554 adiuta
358 1488 565 1553 successibus
599 1489 686 1553 bella
719 1487 938 1574 consurgant?
989 1489 1039 1552 his
1069 1488 1402 1575 praecellentissimus
1434 1509 1494 1552 rex
1524 1488 1619 1552 dictis
1648 1490 1752 1553 rirum
1780 1491 1865 1554 inlu·
1883 1486 1942 1548 135

213 1595 408 1659 attissimum
430 1591 589 1656 Vrbicum
613 1592 711 1658 acciri
733 1592 835 1667 iubet,
859 1594 913 1677 qui
938 1594 1088 1656 universa
1111 1592 1225 1677 palatii
1249 1593 1320 1656 eius
1342 1612 1444 1656 onera
1464 1598 1650 1655 sustentans
1674 1591 1867 1658 Ciceronem

211 1697 408 1783 eloquentia,
439 1695 596 1760 Catonem
626 1696 792 1780 aequitate
824 1702 1068 1781 praecesserat:
1108 1696 1159 1758 cui
1183 1695 1352 1780 praecepit
1380 1702 1417 1757 ut
1445 1695 1611 1777 generalis
1644 1695 1867 1781 indulgentiae

210 1800 443 1887 pragmaticum
466 1800 703 1886 promulgaret;
733 1797 820 1884 quod
847 1798 967 1863 illaad
994 1819 1122 1863 omnem
1151 1798 1389 1883 benignitatem
1419 1799 1644 1882 paratissimus
1673 1799 1748 1863 ilico
1773 1806 1864 1864 tanta

135 1927 160 1966 ra
213 1904 374 1970 brevitate
397 1911 431 1969 et
459 1902 532 1968 luce
555 1902 735 1977 contexuit,
767 1908 802 1965 ut
826 1910 859 1965 et
880 1903 938 1965 illa
961 1903 1128 1987 culparum
1157 1922 1281 1985 genera
1311 1909 1590 1987 cognoscerentur
1617 1901 1749 1972 abolita,
1780 1924 1865 1988 quae

120 1996 143 2038 ¹*
156 1983 193 2024 ⁸⁹⁸
210 2007 409 2094 putabantur
430 2006 532 2072 fuisse
555 2012 730 2071 reservata.

320 2111 454 2176 Interea
475 2110 632 2175 secretius
657 2131 715 2174 rex
739 2109 1037 2195 praestantissimus
1060 2107 1265 2173 sacerdotem
1284 2107 1506 2172 venerandum
1524 2107 1711 2193 Epilanium
1728 2109 1866 2193 imperat
1881 2103 1940 2165 136

212 2214 354 2293 evocari,
383 2234 478 2298 quem
502 2213 560 2278 tali
585 2214 751 2299 conpellat
772 2212 887 2278 affatu:
918 2211 1039 2276 ‘iudicii
1063 2211 1164 2275 nostri
1189 2232 1230 2275 ox
1253 2212 1326 2296 ipsa
1349 2212 1522 2289 sententia,
1552 2211 1692 2296 gloriose
1717 2213 1866 2291 antistes,

213 2317 339 2405 pondus
369 2317 536 2401 intellege,
569 2323 614 2391 ut,
651 2337 725 2381 cum
756 2322 806 2381 tot
835 2317 867 2379 in
899 2317 990 2400 regni
1020 2315 1121 2379 nostri
1157 2314 1279 2378 circulo
1309 2314 1480 2399 pontifices
1511 2335 1584 2378 esse
1616 2313 1796 2395 videantur,
1831 2322 1867 2379 tu

132 2447 159 2485 ao
210 2421 416 2507 potissimum
446 2421 479 2484 in
502 2426 594 2484 tauta
617 2440 652 2484 re
675 2420 769 2505 quasi
792 2421 906 2483 unicus
931 2419 1071 2504 eligaris.
1118 2439 1179 2483 nec
1203 2425 1358 2482 enervata
1381 2438 1440 2503 per
1463 2418 1614 2481 meritum
1638 2426 1729 2483 tuum
1753 2419 1865 2483 huius·

211 2522 297 2591 modi
324 2525 552 2589 aestimatores
575 2523 695 2587 inludit
717 2523 836 2607 opinio.
884 2523 973 2587 solus
998 2544 1072 2587 esse
1096 2523 1181 2586 iuste
1205 2520 1359 2597 crederis,
1384 2521 1476 2584 cuius
1501 2520 1676 2607 splendore
1699 2516 1940 2607 tamquam137

210 2626 317 2713 globis
339 2626 506 2691 lunaribus
530 2626 689 2690 minorum
713 2625 856 2691 siderum
880 2626 991 2690 lumen
1014 2623 1206 2689 obtunditur
1228 2632 1260 2688 et
1283 2623 1431 2688 modicae
1452 2625 1534 2688 lucis
1557 2623 1638 2689 radii
1662 2625 1866 2711 praefulgida

211 2731 431 2797 conscientiae
468 2750 546 2794 suae
585 2731 659 2795 luce
692 2729 871 2794 fuscantur.
924 2730 994 2813 quis
1029 2734 1166 2813 quaerat
1202 2728 1309 2790 noctis
1342 2727 1536 2813 lampadam,
1568 2727 1623 2791 ubi
1659 2729 1736 2792 solis
1772 2729 1867 2793 iubar

211 2818 406 2920 effulgurat?
437 2833 509 2919 quis
534 2833 690 2898 candelae
713 2833 925 2919 praesidium,
949 2832 1004 2897 ubi
1020 2831 1156 2895 caminis
1174 2829 1433 2895 indesinentibus
1450 2830 1525 2895 fidei
1541 2853 1622 2916 pyra
1637 2832 1866 2897 succenditur?

210 2945 377 3023 postremo
400 2939 500 3003 talem
524 2960 544 3003 a
567 2958 618 3002 me
641 2943 770 3023 oportet
800 2937 905 3021 dirigi,
937 2936 1066 3020 qualem
1092 2935 1275 3021 suscipiens
1298 2933 1438 2998 libenter
1461 2934 1633 3000 auscultet.
1679 2933 1771 3000 vides
1795 2937 1866 3000 uni·
1882 2929 1941 2991 138

211 3062 306 3107 versa
336 3041 452 3107 Italiae
482 3042 555 3106 loca
583 3041 768 3127 originariis
799 3039 934 3104 viduata
964 3039 1152 3103 cultoribus.
1198 3038 1231 3101 in
1260 3038 1425 3102 tristitiam
1456 3059 1563 3103 meam
1594 3045 1742 3123 segetum
1773 3039 1865 3104 ferax

210 3143 321 3229 spinas
343 3150 442 3230 atque
465 3144 591 3211 iniussa
613 3146 775 3231 plantaria
799 3166 933 3232 campus
957 3145 1117 3232 adportat,
1142 3152 1175 3209 et
1197 3144 1254 3208 illa
1276 3151 1380 3209 mater
1401 3145 1563 3209 humanae
1584 3145 1702 3209 messis
1721 3145 1866 3230 Liguria,

210 3246 262 3311 cui
291 3267 466 3313 numerosa
492 3248 709 3334 agricolarum
740 3248 869 3313 solebat
896 3256 1048 3313 constare
1077 3248 1262 3333 progenies,
1296 3246 1410 3311 orbata
1439 3254 1536 3332 atque
1567 3248 1688 3312 sterilis
1720 3248 1864 3311 ieiunum

210 3350 367 3436 cespitem
390 3351 508 3415 nostris
531 3358 690 3416 monstrat
713 3351 892 3417 obtutibus.
937 3353 1127 3437 interpellat
1147 3372 1199 3415 me
1223 3358 1320 3430 terra,
1344 3371 1549 3435 quocumque
1572 3351 1713 3437 respicio
1730 3351 1864 3416 uberem

132 3476 160 3515 ω
211 3453 330 3518 vinetis
358 3454 487 3533 faciem,
526 3476 598 3519 cum
627 3455 744 3520 aratris
777 3457 898 3542 inpexa
926 3455 1105 3520 contristat.
1156 3453 1305 3517 odolor!
1338 3454 1447 3518 nullus
1482 3473 1575 3516 umor
1608 3453 1735 3519 illorum
1764 3455 1865 3519 labris
1882 3459 1941 3520 139

210 3555 401 3640 infunditur,
434 3579 516 3644 quos
539 3579 560 3622 a
582 3558 648 3624 vini
677 3560 773 3644 copia
795 3559 967 3624 Oenotrios
997 3558 1126 3622 vocavit
1155 3557 1342 3641 antiquitas.
1389 3557 1471 3621 haec
1499 3557 1647 3641 quamvis
1678 3557 1867 3643 Burgundio

211 3660 331 3727 inmitis
354 3663 512 3745 exercuit,
546 3682 605 3728 nos
634 3670 757 3743 tamon,
788 3664 816 3727 si
845 3683 907 3728 non
939 3660 1163 3741 emendamus,
1197 3658 1398 3725 admisimus.
1443 3661 1620 3745 populatae
1643 3663 1770 3746 patriae
1794 3683 1867 3728 ces-

120 3785 194 3834 area
212 3783 321 3830 samus
352 3785 553 3849 succurrere,
586 3773 620 3832 et
642 3786 757 3830 aurum
779 3764 866 3853 apud
890 3786 949 3829 nos
972 3765 1113 3830 habetur
1134 3764 1168 3828 in
1191 3763 1351 3828 conditis?
1385 3762 1462 3848 quid
1486 3763 1632 3846 interest,
1655 3767 1803 3851 pecuniis
1827 3787 1866 3830 an

212 3866 296 3933 ferro
323 3868 585 3934 adversariorum
616 3869 743 3934 animos
773 3870 991 3934 inclinemus?
1029 3868 1189 3933 obtulisse
1221 3867 1308 3953 quod
1337 3874 1464 3933 mentes
1496 3868 1604 3954 capiat
1634 3868 1720 3934 hosti
1750 3870 1868 3934 vicisse

136 3994 161 4032 as
214 3976 274 4053 cst,
300 3972 486 4037 occuluisse
510 3973 666 4058 superari.
714 3974 846 4060 suscipe
877 3995 955 4057 ergo
980 3971 1110 4036 Christo
1137 3972 1312 4037 adiuvante
1343 3971 1440 4035 huius
1469 3970 1590 4036 laboris
1619 3972 1791 4053 sarcinam,
1824 3996 1865 4038 cx
1882 3977 1942 4037 tto

212 4093 275 4158 qua
297 4094 501 4141 communem
524 4074 704 4141 habeamus
736 4077 768 4140 iu
800 4078 936 4142 caelesti
966 4076 1219 4164 repromissione
1247 4073 1444 4151 mercedem,
1472 4076 1549 4159 quia
1578 4096 1682 4139 novus
1705 4077 1768 4141 istc
1790 4099 1866 4164 pro·

213 4176 289 4261 priis
312 4178 496 4263 insignibus
519 4179 633 4243 titulus
656 4179 763 4244 laudis
786 4179 959 4259 adcrescit,
982 4199 1178 4264 parmenus
1202 4185 1275 4242 tuas
1298 4176 1339 4242 dc
1361 4178 1638 4263 oppugnatoribus
1660 4181 1779 4244 nostris
1797 4181 1867 4245 sinc

214 4280 370 4365 sanguine
400 4281 610 4368 triumphare.
654 4285 808 4371 princeps
838 4303 951 4348 eorum
974 4281 1200 4346 Gundebadus
1228 4287 1289 4353 cst,
1318 4281 1369 4345 cui
1399 4283 1615 4346 reverentiam
1644 4283 1691 4347 tui
1719 4289 1866 4348 vetustas

215 4381 359 4464 inseruit,
391 4404 488 4468 quem
515 4385 644 4451 videndi
681 4393 714 4451 te
747 4387 847 4452 nimia
883 4385 999 4471 cupido
1033 4385 1187 4451 stimulat.
1240 4384 1320 4448 mihi
1351 4382 1459 4464 crede,
1493 4384 1633 4468 pretium
1670 4387 1868 4471 captivitatis
1883 4392 1936 4452 141

316 4727 330 4780 1
349 4738 495 4798 praesentes
507 4757 540 4766 -
552 4731 663 4797 spatium
676 4758 706 4767 -
720 4732 803 4799 culpis
815 4731 957 4799 ignoscitur
970 4730 995 4781 B
1092 4728 1110 4782 2
1121 4731 1259 4782 austeritas
1269 4729 1323 4793 Ba,
1343 4757 1371 4766 -
1387 4747 1415 4781 as
1427 4729 1453 4780 Β
1462 4728 1474 4764 '²
1481 4768 1488 4793 ,
1506 4757 1538 4765 -
1551 4729 1634 4781 11st
1695 4748 1834 4797 numquam
1847 4730 1872 4780 t⁷

212 4809 327 4865 daem.
340 4814 365 4864 B
434 4815 600 4882 pliniasimam
613 4815 639 4866 B
645 4813 655 4852 ¹
770 4813 787 4866 4
805 4816 907 4883 putrida
926 4814 1013 4866 Schctt
1031 4823 1054 4866 et
1073 4814 1141 4866 Bott.
1257 4813 1410 4881 hinpunire
1428 4814 1499 4880 vlt,
1517 4816 1641 4883 impunite
1654 4813 1732 4866 Siras.
1806 4817 1866 4882 quia

212 4915 266 4967 trop.
278 4901 325 4951 lin.
337 4898 381 4950 1³²
487 4900 504 4952 6
522 4902 637 4954 rendunt
648 4901 673 4953 B
685 4911 708 4953 et
721 4901 816 4965 Schott,
833 4902 1010 4954 assentiuntur
1022 4900 1154 4952 Bormam
1255 4897 1270 4950 ‘l
1289 4901 1439 4953 dimittimus
1453 4900 1488 4952 Τ)
1500 4911 1522 4953 rt
1535 4901 1623 4954 Schott
1692 4903 1828 4968 prosternit
1843 4901 1867 4950 Β

212 5001 235 5044 et
251 4993 340 5047 &tort
400 4994 532 5064 quoniam]
551 4995 611 5063 qn'in
630 4995 658 5059 V,
675 4992 718 5064 qiir
731 4996 778 5048 Lc
878 4993 895 5047 8
913 4992 1039 5062 nostrum]
1058 5013 1110 5047 non
1123 4994 1149 5045 B
1154 4993 1173 5059 ¹,
1190 5012 1246 5062 exp.
1259 5005 1282 5047 et
1299 4969 1356 5047 tir-m
1368 5014 1494 5062 mperacr.
1508 4995 1552 5047 Β2
1613 4997 1748 5063 propositis
1766 4997 1866 5062 uispsre

212 5081 332 5133 cerrima
344 5079 385 5130 131
527 5080 544 5133 9
562 5091 660 5135 tantum
679 5083 738 5135 hah.
752 5082 831 5135 Sirm.
972 5079 1006 5132 10
1023 5083 1129 5150 pribabo
1142 5082 1167 5132 Β
1257 5099 1398 5149 exsurgens
1414 5082 1439 5131 V
1573 5080 1606 5133 13
1622 5082 1777 5150 generaliter
1788 5080 1866 5132 Sirm.

216 5163 247 5216 tt
263 5168 442 5234 praematicum
456 5168 482 5219 Β
608 5167 640 5221 18
657 5171 762 5222 affatum
774 5170 799 5220 B
879 5172 980 5222 antistis
997 5170 1021 5220 B
1151 5168 1183 5221 19
1202 5171 1316 5238 intellegi
1328 5170 1353 5220 Β
1433 5172 1513 5222 nostri
1530 5168 1598 5233 7¹²0,
1616 5170 1649 5222 ui·
1662 5169 1687 5219 Β
1693 5166 1765 5232 VT¹‚
1782 5169 1867 5220 omn

212 5261 236 5303 et
252 5253 330 5306 stra.
442 5252 479 5305 20
495 5256 602 5323 elegeris
614 5255 640 5305 Β
710 5257 825 5308 inornata
836 5256 862 5307 B
971 5255 1003 5308 21
1023 5259 1140 5309 crederes
1153 5257 1178 5307 B
1290 5253 1324 5306 23
1342 5257 1498 5307 concientiae
1517 5273 1572 5322 rap.
1586 5256 1630 5306 lia.
1644 5256 1693 5307 sB
1761 5273 1823 5307 suna
1835 5255 1868 5319 B,

212 5347 271 5415 tttae
281 5341 356 5392 ceteri
454 5339 489 5392 24
506 5343 645 5409 effulgurat
656 5341 682 5392 B
688 5339 706 5406 ¹,
724 5343 860 5409 etlirlgorat
872 5340 997 5393 B2VLT
1054 5344 1216 5395 auscenditur
1228 5341 1253 5391 B
1352 5339 1386 5391 26
1404 5341 1571 5392 oricnariisB
1669 5339 1702 5392 27
1716 5340 1872 5409 apportatV

212 5425 256 5479 illa
269 5425 311 5477 V⁰
435 5424 470 5478 28
487 5429 660 5495 agricolarum
673 5428 698 5478 Β
778 5429 902 5480 iairminm
916 5429 941 5480 Β
1065 5427 1100 5479 29
1117 5430 1196 5480 nostri
1213 5428 1253 5477 V⁰
1378 5426 1409 5478 31
1430 5428 1505 5494 cupio
1517 5427 1561 5477 ΙΝ
1647 5430 1774 5479 enoetrios
1791 5427 1868 5478 Bl'L

212 5508 247 5563 32
261 5513 416 5565 admiremus
429 5513 473 5563 tt«
593 5512 628 5565 34
647 5514 727 5565 hostis
745 5513 833 5565 Schott
954 5512 987 5565 3't'
1006 5515 1242 5581 oppugnationibus
1260 5513 1338 5564 Siren.
1460 5512 1494 5560 38
1511 5514 1680 5579 gondonndus
1692 5513 1753 5577 BV,
1770 5516 1867 5581 gundo

212 5600 294 5651 uadua
306 5598 360 5649 ΒΤ
426 5608 553 5651 aestuales
569 5601 609 5650 rel
628 5608 755 5650 uenustas
767 5598 809 5650 Β1
