4500 6232
922 219 1103 275 EPISTVLA
1121 220 1292 276 ARNVLFI.
1873 226 1936 281 LXI

277 391 415 478 loquitur
435 393 591 480 exquisita
611 391 747 480 quadam
769 384 964 459 intricatione
986 394 1153 481 complicat
1174 403 1205 459 et
1227 394 1365 475 innodat,
1387 405 1422 461 nt
1448 398 1561 463 rectius
1582 397 1815 467 INNODIVS
1837 422 1931 487 quam

278 495 520 564 ENNODIVS
536 497 648 562 debeat
662 497 820 583 appellari.
854 520 948 584 porro
963 498 996 562 in
1011 498 1146 563 metricis
1161 498 1314 585 producta
1330 500 1452 565 breviat
1468 524 1586 587 suaque
1601 502 1803 567 nibilominus
1826 512 1933 569 aucto-

276 600 367 665 ritate
388 600 557 666 brevianda
574 600 720 688 producit
741 602 888 688 nullaque
903 602 1015 667 vitium
1029 602 1175 667 falsitatis
1198 604 1313 668 virtute
1330 603 1500 684 redimitur,
1522 605 1596 692 quia
1617 606 1722 692 ipsum
1743 629 1801 672 nee
1824 607 1927 673 cultus

277 704 426 769 orationis
449 726 505 768 nec
527 703 663 789 dignitas
679 706 826 770 materiae
840 715 1063 791 recompensat
1096 708 1311 793 unusquisqne
1331 717 1434 772 tamen
1457 707 1498 772 ad
1520 707 1732 774 observandas
1748 711 1926 796 propositae
1956 715 1976 779 o

275 807 353 893 legis
375 816 497 872 tenetur
518 809 693 894 angustias,
722 807 907 894 dicendique
930 809 1102 873 libertatem
1129 811 1313 876 necessitate
1340 812 1508 898 supprimit
1534 812 1675 898 quisquis
1703 835 1737 877 se
1758 812 1799 878 ad
1822 814 1928 879 obser·

276 913 399 979 vautias
422 913 599 979 huiusmodi
623 913 752 978 arbitrio
774 913 918 999 propriae
932 913 1100 978 volrmtatis
1123 915 1275 999 astringit
1309 914 1431 980 facilem
1454 938 1528 980 vero
1550 914 1666 1002 duplex
1689 917 1783 1003 culpa
1804 918 1928 983 veniam

276 1041 338 1083 non
361 1028 503 1096 meretur,
524 1040 595 1081 cnm
618 1026 650 1082 et
663 1017 852 1082 intellectum
876 1016 1013 1083 retundit
1034 1019 1209 1083 obscuritas
1231 1028 1262 1084 et
1283 1042 1374 1084 aures
1396 1019 1540 1084 metricae
1555 1021 1714 1108 corruptio
1729 1021 1929 1088 iocunditatis

275 1122 414 1187 offendit.
458 1122 551 1188 credo
573 1144 631 1208 ego
653 1122 767 1187 librum
789 1122 872 1186 buno
894 1121 978 1209 apud
1001 1133 1121 1187 veteres
1148 1146 1206 1188 uec
1228 1124 1370 1189 notitiam
1393 1124 1541 1189 habuisse
1562 1147 1619 1189 nec
1641 1124 1774 1210 gratiam
1796 1124 1929 1213 ideoque
1955 1130 1974 1194 7

275 1249 332 1291 nce
354 1227 385 1291 in
415 1249 526 1292 manus
554 1227 677 1291 venisse
711 1225 879 1290 multorum
909 1226 963 1291 sed
1000 1226 1158 1313 sepultum
1186 1226 1304 1293 diutius
1339 1228 1437 1293 veteri
1462 1226 1598 1314 quodam
1628 1228 1761 1292 armario
1790 1227 1928 1309 latuisse,

275 1331 374 1396 donec
395 1332 517 1396 noviter
538 1331 570 1395 in
592 1331 693 1394 lneem
709 1330 818 1394 merito
841 1330 1040 1395 obscuritatis
1063 1340 1095 1395 et
1115 1354 1200 1396 nova
1214 1331 1367 1418 peregrini
1391 1331 1526 1395 nominis
1547 1329 1753 1396 admiratione
1769 1333 1929 1418 processit

274 1445 349 1500 snut
369 1436 452 1501 enim
473 1434 617 1521 qnidam,
645 1435 698 1521 qni
721 1456 759 1498 eo
782 1433 922 1499 difficilia
944 1435 1069 1498 maioris
1093 1435 1271 1514 aestimant,
1298 1435 1371 1520 qnia
1394 1435 1497 1499 minus
1521 1433 1677 1499 intellecta
1699 1434 1862 1516 mirantur,
1888 1459 1925 1501 ca
1949 1437 1970 1501 8

274 1539 403 1603 minoris
432 1548 463 1603 et
491 1548 640 1625 tanquam
667 1538 798 1624 puerilia
827 1546 986 1624 reputant,
1023 1560 1103 1624 qnae
1134 1537 1270 1603 iucunda
1297 1538 1392 1603 lucidi
1423 1539 1575 1604 sermonis
1604 1538 1752 1603 serenitas
1784 1539 1924 1605 illustrat

274 1652 427 1708 (aeterum
455 1642 675 1707 obscuritatem
704 1652 852 1728 tanquam
883 1642 1024 1706 tenebras
1052 1640 1232 1706 evitandam
1259 1640 1377 1706 Seneca
1411 1650 1516 1706 noster
1543 1651 1573 1706 et
1597 1641 1721 1705 Tullius
1750 1650 1782 1706 ct
1810 1643 1931 1722 caeteri,

273 1768 406 1833 quorum
433 1747 549 1833 scripta
574 1746 831 1832 comprobantur,
859 1744 1035 1810 ostendunt.
1078 1745 1180 1809 Iulius
1208 1768 1331 1832 qnoque
1358 1746 1475 1811 Caesar
1504 1745 1553 1810 vir
1574 1745 1705 1810 illustris
1732 1745 1927 1831 eloquentiae
1940 1729 2085 1837 ssfllssllff

273 1852 444 1940 culpabiles
466 1873 535 1915 esse
557 1848 738 1929 denunciat,
760 1850 813 1936 qni
836 1872 873 1914 ea
895 1850 1006 1914 volunt
1027 1850 1112 1936 loqui
1136 1849 1184 1914 vel
1208 1849 1355 1928 scribere,
1383 1873 1463 1936 qnae
1484 1849 1625 1914 homines
1648 1848 1798 1913 mirentur
1820 1849 1927 1934 potius

272 1979 366 2042 qnam
389 1955 575 2040 intelligant,
603 1962 633 2018 et
656 1976 690 2018 se
711 1964 858 2040 tanquam
886 1952 1050 2039 scopulum
1076 1953 1120 2018 ita
1149 1952 1254 2038 fugere
1288 1954 1424 2018 insolens
1454 1964 1546 2039 atque
1577 1951 1754 2038 infrequens
1788 1952 1926 2017 verbnm.

272 2059 365 2145 legite
386 2068 489 2123 tamen
513 2058 677 2144 ipsumque
699 2080 761 2121 non
785 2055 824 2120 de
846 2057 1061 2121 aestimatione
1083 2079 1152 2121 mea
1173 2055 1229 2121 sed
1252 2055 1291 2119 de
1314 2066 1419 2121 vestro
1441 2057 1546 2142 potius
1570 2055 1761 2141 experientia
1782 2054 1926 2135 indicate,
1949 2064 1969 2127 9

272 2184 311 2227 ne
332 2162 450 2227 meritis
473 2160 540 2225 eins
562 2159 737 2246 ignorantia
759 2182 827 2224 mea
851 2158 1072 2246 praeiudicium
1089 2160 1243 2245 irrogasse
1265 2158 1388 2224 dicatur
1409 2159 1574 2245 ipsumque
1596 2159 1692 2224 vestri
1715 2158 1832 2224 favoris
1854 2181 1926 2223 sen·

272 2266 369 2331 tentia
396 2263 605 2330 defraudasse.
656 2263 742 2351 qnod
776 2264 803 2328 si
832 2264 1074 2349 irrefragabilem
1108 2263 1257 2350 ‹lirneritis
1288 2261 1328 2327 de
1358 2285 1452 2349 prosa
1480 2263 1559 2328 ferre
1593 2263 1792 2342 sententiam,
1823 2263 1926 2349 ipsam

272 2368 442 2434 seeundum
466 2390 611 2433 versuum
632 2368 741 2432 merita
764 2366 907 2446 indicate,
929 2367 1003 2453 qnia
1025 2389 1133 2431 venrm
1155 2377 1204 2430 est
1225 2367 1328 2453 ipsum
1352 2366 1418 2451 pari
1435 2366 1546 2451 peribu
1567 2367 1648 2431 eirea
1671 2376 1811 2452 tempora
1832 2365 1930 2451 sylla·

272 2474 381 2539 barum
402 2482 434 2538 et
455 2473 627 2538 dictionum
650 2480 790 2536 naturam
813 2471 1023 2556 virtutemque
1046 2471 1171 2535 versari.
1216 2470 1339 2536 Valete.
