4500 6232
24 263 114 318 XXIV
543 261 563 314 I.
595 259 640 314 DE
661 259 749 314 VITA
768 259 816 314 ΕΤ
835 259 995 315 SCltll'TlS
1015 260 1163 315 ENNODI.

24 433 97 521 phil.
119 434 138 498 Ι
160 438 256 510 11381
279 457 359 513 ,cum
382 434 510 498 acerbae
532 434 624 497 fiunis
640 442 778 520 tempore
800 433 906 517 gravis
929 442 1021 518 atque
1042 432 1271 518 inexplicabilis
1295 431 1411 497 indicta
1431 433 1587 518 coemptio
1609 456 1683 519 pro-

23 538 168 623 fligatura
189 538 297 625 inopia
320 536 527 623 Campaniam
550 537 745 623 provinciam
767 535 938 615 videretur,
967 545 1122 600 certamen
1145 534 1296 600 adversus
1319 536 1510 622 praefectum
1534 536 1681 622 praetorii

23 640 198 706 communis
222 639 378 705 commodi
401 640 521 706 ratione
544 640 683 726 suscepi,
711 662 783 724 rege
805 649 1011 725 cognoscente
1033 637 1178 703 contendi
1206 648 1237 703 et
1259 663 1297 702 ue
1319 639 1475 725 coemptio
1497 639 1683 724 exigeretur,

22 745 120 810 evici‘.
164 745 372 830 quibuscum
396 744 500 810 verbis
528 744 555 810 61
585 745 703 808 litteras
725 742 911 808 Theoderici
940 743 1022 829 regis
1045 743 1344 829 comparaverimus,
1372 766 1452 829 quae
1480 744 1512 807 in
1536 741 1681 808 Cassiod.

23 873 87 914 var.
110 848 165 916 IV
177 853 219 916 50
241 848 281 913 ad
304 848 459 914 Faustum
481 848 672 937 praefectum
695 849 850 934 praetorio
873 846 964 911 datae
983 847 1185 911 inveniuntur
1206 857 1237 911 et
1259 847 1304 911 sic
1327 847 1494 933 incipiunt:
1517 846 1681 934 ,Campani

28 952 161 1019 Vesuvii
188 953 304 1018 montis
333 953 504 1017 hostilitate
535 953 647 1018 vastati
679 952 859 1016 clementiae
886 960 1012 1016 nostrae
1041 951 1198 1037 supplices
1226 950 1370 1014 lacrimas
1398 949 1619 1036 profuderunt,
1649 958 1682 1014 ut

24 1079 168 1142 agrorum
190 1056 343 1121 fructibus
359 1055 485 1121 enudati
502 1056 704 1120 subleventur
717 1077 809 1119 onere
824 1054 1005 1119 tributariae
1025 1053 1212 1132 mncuonis‘,
1235 1053 1494 1118 verisimillimum
1510 1076 1579 1118 esse
1595 1053 1682 1119 vide-

23 1160 110 1224 bitur
137 1161 291 1225 Faustum
320 1161 410 1225 illum
433 1160 622 1246 praefectum
644 1159 800 1245 praetorio
822 1159 932 1238 fuisse,
960 1181 979 1222 a
1007 1154 1096 1222 cuius
1119 1157 1299 1221 austeritate
1324 1156 1476 1221 Boethius
1500 1156 1681 1245 Campanos

23 1273 142 1329 tutatus
165 1275 221 1329 est
266 1265 292 1329 si
315 1274 419 1329 autem
442 1264 493 1328 hic
515 1263 625 1328 Fausti
648 1264 793 1328 iuimicus
820 1262 893 1342 fuit,
921 1261 1047 1327 Ennodi
1070 1263 1189 1326 amicus
1211 1285 1279 1326 esse
1302 1261 1451 1348 nequivit
1495 1262 1600 1347 itaque
1623 1260 1683 1326 hac

23 1391 147 1455 quoque
175 1392 208 1432 re
236 1367 482 1448 demonstratur,
513 1367 598 1454 quod
627 1390 724 1454 supra
749 1391 787 1432 ex
815 1366 910 1431 domo
937 1365 1085 1431 Ennodio
1114 1389 1133 1430 a
1160 1365 1294 1430 Boethio
1322 1375 1435 1452 negata
1461 1365 1683 1446 conclusimus,

23 1471 200 1550 Boethium,
222 1473 276 1557 qui
298 1473 521 1559 epigrammate
536 1477 597 1557 (op.
612 1471 872 1551 CCCXXXIX)
894 1469 1059 1548 deridetur,
1082 1470 1241 1535 consulem
1264 1470 1338 1534 anni
1353 1472 1416 1538 510
1439 1467 1682 1554 intellegendum

23 1598 99 1639 esse.
150 1598 221 1639 nam
250 1574 335 1661 quod
371 1577 432 1640 illis
463 1575 619 1653 versibus,
653 1576 817 1661 praecipue
844 1575 950 1639 tertio:
978 1574 1119 1652 ,Emollit
1144 1573 1267 1659 gladios
1297 1574 1420 1639 inbellis
1448 1572 1559 1638 dextra
1580 1575 1683 1639 Boeti‘

23 1677 264 1763 reprehenditur,
286 1678 394 1743 eadem
417 1702 465 1742 res
487 1688 535 1743 est
556 1683 636 1764 1111116
658 1679 689 1741 in
712 1679 847 1764 epistula
869 1677 910 1742 ad
930 1677 1097 1742 Boethium
1120 1677 1168 1742 his
1185 1678 1288 1743 verbis
1311 1676 1681 1763 166116111111.268,1411

23 1782 171 1862 ,debitum
200 1783 406 1869 triumphum,
433 1782 508 1847 dum
541 1806 710 1869 numquam
739 1782 852 1848 viderit
887 1782 983 1861 bella,
1017 1782 1152 1846 sortitur.
1200 1780 1317 1845 iudicio
1350 1781 1451 1866 exegit
1480 1781 1619 1859 laureas,
1650 1789 1683 1846 et

23 1885 170 1972 congredi
194 1909 255 1951 non
277 1888 483 1951 necessarimn
506 1886 598 1950 duxit
620 1888 834 1951 6111611661οέ
871 1888 974 1972 itaque
996 1895 1128 1970 utroque
1149 1885 1219 1949 loeo
1240 1884 1348 1949 eadem
1371 1909 1420 1950 res
1442 1884 1630 1951 describitur
1651 1894 1682 1950 et

23 1990 83 2068 ille,
107 1991 157 2053 cui
173 1989 370 2069 adscribitur,
392 1999 524 2076 utroque
538 1991 608 2054 locu
623 1989 775 2054 Boethius
791 1990 979 2076 appellatur:
1003 2012 1138 2075 quanam
1157 1989 1276 2053 ratione
1290 1987 1370 2053 duos
1385 1989 1526 2054 homines
1541 1989 1681 2054 eiusdem

23 2093 158 2157 nominis
172 2092 392 2157 discemendos
408 2117 475 2158 esse
492 2093 696 2179 probabitur?
729 2116 784 2157 eur
801 2102 903 2157 autem
920 2092 1027 2157 eadem
1044 2113 1092 2156 res
1108 2091 1242 2155 Boethio
1257 2092 1308 2156 hic
1322 2091 1406 2157 laudi
1424 2092 1488 2156 illic
1510 2094 1681 2181 opprobrio

24 2195 97 2261 data
119 2197 173 2275 sit,
196 2195 395 2282 explanatum
418 2204 466 2260 est
488 2197 550 2260 iam
573 2195 692 2282 duplici
715 2198 841 2261 ratione.

5 2383 8 2389 -
128 2333 190 2398 Sed
219 2358 257 2398 ne
285 2335 379 2398 latius
408 2334 447 2398 ab
475 2332 602 2398 Ennodi
630 2334 695 2398 vita
721 2332 924 2398 describenda
947 2335 1133 2413 aberremus,
1156 2334 1283 2419 Uglrelli
1307 2335 1472 2412 sententia,
1499 2334 1682 2400 Enuodium

23 2439 129 2502 statim
158 2447 230 2524 post
257 2437 432 2501 Maximum
467 2437 662 2501 'ficinensem
690 2438 871 2523 episcopum
898 2437 1046 2501 Ianuario
1075 2438 1148 2501 anui
1172 2440 1232 2505 511
1265 2438 1323 2520 (vel
1349 2443 1412 2505 510
1438 2437 1512 2503 As.
1539 2438 1602 2502 Iuli
1625 2437 1682 2504 IV

24 2544 84 2607 271
103 2544 154 2617 ss.)
184 2551 339 2605 mortumn
368 2540 470 2603 Ticini
500 2550 712 2604 consecratmn
742 2564 826 2617 esse,
861 2541 900 2606 ab
930 2542 974 2605 eis
1002 2564 1082 2626 quae
1109 2541 1234 2606 Ennodi
1264 2542 1410 2628 operibus
1439 2543 1683 2629 comprobantur

24 2643 188 2733 discrepat.
232 2670 304 2710 nam
333 2654 483 2710 uutuumo
505 2647 583 2710 ‘anni
608 2649 666 2712 511
697 2646 878 2711 Enuodium
907 2649 1068 2711 etiamtum
1096 2647 1261 2712 diaconum
1289 2647 1555 2712 Mediolanensem
1585 2647 1683 2711 fuisse

25 2751 116 2815 certis
147 2751 250 2815 causis
285 2750 449 2836 probatum
485 2760 541 2813 est.
598 2760 688 2835 atque
724 2750 797 2835 quia
832 2774 913 2815 anno
941 2754 1004 2817 510
1038 2775 1056 2815 a
1087 2752 1222 2816 Boethio
1250 2751 1515 2817 Mediolanensem
1552 2751 1681 2816 domum

25 2855 113 2940 petiit
146 2864 177 2919 ct
209 2877 291 2918 anno
321 2857 380 2920 511
418 2864 573 2919 extremo
595 2855 625 2918 in
662 2855 874 2919 suburbanum
909 2855 1145 2921 Mediolanense
1176 2882 1194 2922 a
1233 2858 1359 2922 11116116
1392 2857 1542 2922 donatum
1581 2856 1683 2920 immi-

24 2958 136 3042 gravit,
158 2958 354 3023 'ficinensem
379 2957 557 3023 cathedram
581 2982 619 3023 ne
641 2960 799 3046 cupivisse
821 2959 947 3045 (pridem
970 2959 1094 3024 videtur
1101 2986 1108 3039 ;
1137 2960 1176 3025 ad
1199 2960 1466 3027 Mediolanensem
1489 2961 1594 3046 potius
1617 2960 1683 3047 6111-

25 3068 189 3146 scopatum
213 3084 281 3125 eum
315 3060 493 3147 adspirasse
522 3061 620 3125 multo
657 3062 856 3126 verisimilius
888 3073 943 3126 est.
989 3062 1031 3125 ibi
1061 3071 1126 3126 tum
1156 3063 1303 3127 eeclesiae
1331 3063 1466 3149 praefuit
1492 3063 1682 3129 Laurentius

25 3162 208 3250 pergrandis
235 3174 325 3242 natu,
353 3165 405 3250 qui
436 3188 508 3227 mox
536 3165 640 3229 locum
673 3188 764 3229 suum
799 3165 886 3229 alteri
922 3188 1124 3229 eorreessurus
1153 3189 1221 3230 esse
1252 3165 1425 3231 videbatur.
1475 3168 1588 3231 etenim
1619 3168 1682 3232 iam

25 3267 58 3329 in
87 3265 223 3331 dictione
250 3277 320 3332 ante
348 3290 461 3332 anuum
486 3272 548 3333 500
578 3268 684 3333 habita
714 3292 792 3332 aevo
822 3278 961 3333 maturus
991 3269 1166 3355 appellatus
1196 3279 1243 3333 est
1272 3280 1311 3355 (p.
1332 3273 1447 3348 1211
1481 3268 1557 3355 quid
1587 3270 1682 3357 quod,

26 3371 74 3435 vel
103 3371 166 3435 illis
193 3371 399 3458 temporibus,
426 3372 539 3457 quibus
570 3371 785 3436 Mediolanum
825 3373 914 3437 bellis
948 3374 1026 3437 111161
1060 3372 1236 3437 Odoacrem
1264 3383 1293 3438 61
1320 3373 1547 3438 Theodericum
1583 3376 1681 3460 gestis

27 3484 183 3539 vastatmn
199 3485 248 3540 est
263 3475 281 3539 1.
297 3499 322 3539 6.
338 3478 518 3554 leo-403,
542 3498 612 3539 cum
629 3475 723 3540 modo
744 3477 957 3562 episcopatum
975 3475 1106 3563 adeptus
1122 3486 1213 3555 esset,
1236 3477 1297 3541 iam
1321 3486 1421 3541 aetate
1443 3479 1602 3543 confectus
1624 3478 1685 3543 fuit

26 3585 66 3664 (p.
82 3582 111 3657 3,
127 3581 185 3658 17).
209 3618 250 3625 —·
273 3577 438 3643 Enuodius
471 3579 566 3643 etiam
599 3580 758 3665 aliquanto
792 3590 863 3666 post
896 3582 1039 3645 morbum
1073 3604 1164 3645 suum
1194 3580 1317 3645 diaconi
1352 3605 1465 3644 numus
1500 3583 1682 3648 sustinebat,

26 3682 151 3747 Avieno
173 3682 264 3761 enim,
287 3683 340 3766 qui
356 3705 426 3746 eum
442 3681 608 3746 Enuodius
624 3682 763 3747 nondum
779 3707 906 3770 prorsus
921 3709 938 3746 6
954 3684 1063 3749 morbo
1079 3707 1136 3748 suo
1151 3694 1301 3764 evaserat,
1325 3686 1483 3770 sponsalia
1499 3689 1683 3772 (11200111.

26 3789 166 3866 291124)
189 3793 315 3871 etpost
342 3784 475 3850 reditum
505 3785 638 3850 Romam
662 3786 772 3864 (hieme
795 3787 867 3850 amri
892 3789 1018 3865 511112)
1048 3788 1173 3873 nuptias
1196 3789 1308 3851 l'eeemt
1332 3792 1530 3874 (11320131,
1557 3789 1682 3854 Avieno

26 3890 122 3975 igitur
144 3912 215 3953 cum
247 3912 343 3954 uxore
373 3890 433 3953 iam
462 3890 628 3953 coniuncto
657 3890 675 3953 i.
697 3912 721 3953 e.
749 3911 810 3953 uon
834 3900 905 3954 aute
929 3892 991 3956 512
1018 3891 1158 3977 episcopi
1188 3891 1235 3953 sui
1267 3891 1353 3955 iussu
1383 3893 1564 3977 petitionem
1595 3893 1682 3957 misit

26 3994 232 4080 (11322111.
276 4001 343 4056 tunr
366 4015 440 4077 ergo
455 3991 620 4056 Enuodius
645 4016 706 4056 nou
730 3995 796 4079 ipse
818 3993 878 4057 fuit
900 3994 1075 4078 episeopus,
1099 3993 1152 4057 sed
1176 3996 1313 4081 episcopi
1337 3997 1485 4059 minister.
1503 4036 1542 4043 -
1558 3994 1682 4060 Deinde

27 4095 225 4173 Aurelianus,
248 4096 301 4181 qui
325 4118 362 4160 eu
384 4105 531 4182 ternpore,
554 4120 617 4181 quo
640 4097 672 4160 in
695 4096 874 4160 Aetheriam
898 4096 1054 4183 quandam
1079 4097 1251 4162 adulteram
1274 4100 1486 4186 inquirebatur
1512 4112 1552 4185 (p.
1566 4103 1638 4178 288,
1651 4106 1682 4180 ul

26 4201 45 4264 i.
67 4223 93 4264 6.
115 4207 254 4263 extremo
276 4222 358 4263 anno
382 4203 445 4266 510
468 4200 517 4263 vel
541 4201 665 4264 ineunte
689 4203 766 4278 511,
794 4211 826 4264 ut
855 4224 893 4264 ex
920 4200 1104 4265 Theoderici
1133 4205 1306 4289 praeceptis
1334 4203 1373 4267 ad
1397 4203 1627 4268 Marabaudum
1651 4216 1683 4269 61

27 4302 204 4367 Gemellum
226 4301 308 4367 datis
331 4304 547 4387 cognoscimus
570 4303 723 4379 (Cassiod.
747 4328 810 4368 var.
833 4304 888 4370 IV
910 4308 948 4369 12
971 4315 1000 4368 61
1024 4306 1141 4383 41111
1164 4306 1296 4384 111321,
1319 4307 1480 4392 presbyter
1507 4307 1682 4394 appellatus

26 4406 485 4493 66116166161161661116111111
512 4416 571 4494 (op.
596 4408 734 4485 CDLV)
763 4409 902 4495 episcopi
933 4409 1057 4472 nomine
1087 4420 1221 4473 ornatur.
1266 4409 1431 4474 Ermodius
1460 4420 1562 4474 autem
1592 4433 1682 4496 aegre

26 4510 105 4590 tulit,
128 4509 211 4596 quod
235 4521 402 4597 postquam
425 4521 513 4598 pater
527 4521 577 4588 t:
596 4513 771 4599 episcopus)
795 4536 862 4578 esse
885 4514 1208 4599 111611111111.310,241,
1231 4516 1279 4578 sui
1303 4516 1465 4580 immemor
1478 4525 1561 4580 esset
1583 4540 1682 4603 neque

27 4615 86 4701 ipsi
109 4614 224 4694 ,liceret
246 4615 367 4700 aequali
398 4625 480 4680 sorte
502 4639 571 4680 eum
602 4639 638 4680 eo
668 4616 861 4681 contendere‘
884 4620 1008 4703 (113111,
1021 4621 1088 4696 23);
1115 4618 1228 4703 quibus
1259 4618 1362 4682 verbis
1385 4619 1560 4685 ostenditur
1583 4622 1683 4686 Aure-

25 4718 156 4798 lianum,
179 4720 232 4804 qui
255 4742 337 4783 anno
361 4721 421 4785 511
446 4720 606 4783 etiamtum
630 4720 792 4806 1166111161
813 4720 926 4798 fuerat,
949 4731 1020 4785 aute
1043 4721 1224 4786 Enuodium
1247 4723 1429 4807 episcopum
1451 4748 1518 4786 esse
1541 4724 1681 4789 electum.

129 4823 237 4900 Quare
259 4821 438 4886 Enuodium
463 4845 561 4908 usque
584 4822 624 4887 ad
648 4832 778 4887 mortem
802 4824 961 4902 Laurenti,
990 4848 1051 4910 qua
1074 4824 1321 4889 Mediolurrensis
1344 4826 1491 4891 cathedra
1513 4849 1596 4892 anno
1619 4830 1681 4895 512

26 4948 125 4990 vacua
147 4924 229 4990 facta
251 4936 311 5005 est,
334 4925 426 4989 huius
449 4926 597 4991 ecelesiae
626 4926 792 4992 diaconum
823 4928 975 4991 mansisse
1004 4928 1080 4991 satis
1107 4936 1244 5007 eoustat;
1268 4951 1367 5014 neque
1389 4933 1585 5016 arrogantiae
1607 4932 1683 4996 insi-

26 5033 137 5098 mulari
164 5033 279 5119 potuit,
317 5033 344 5097 si
372 5032 450 5096 forte
479 5033 545 5119 ipse
580 5032 659 5097 hanc
688 5033 865 5098 cathedram
899 5033 1107 5120 episcopalem
1135 5056 1266 5097 vacuam
1294 5057 1327 5098 se
1360 5043 1584 5120 occupaturum
1614 5058 1683 5100 esse

26 5147 212 5224 speraverat,
234 5137 382 5223 quoniam
406 5146 472 5200 tum
503 5137 563 5201 iam
588 5160 685 5223 paene
715 5137 920 5224 quadraginta
951 5160 1049 5202 anuos
1079 5146 1171 5201 uatus
1200 5146 1265 5201 erat
1288 5148 1319 5202 et
1341 5162 1396 5224 per
1418 5138 1524 5202 decem
1547 5138 1682 5225 amplius

26 5263 123 5305 annos
161 5240 308 5304 ecelesiae
340 5238 585 5305 Mediolanensis
620 5265 668 5305 res
706 5240 989 5307 administraverat.
1039 5240 1095 5306 sed
1129 5241 1298 5305 laurentio
1332 5265 1393 5305 nou
1429 5242 1593 5307 Enuodius
1627 5241 1683 5307 sed

26 5343 213 5428 Eusturgius
241 5344 405 5422 successit,
433 5343 484 5408 ille
513 5344 716 5430 Eustorgius,
746 5345 799 5431 qui
835 5346 866 5408 in
901 5347 1124 5433 epigrammate
1154 5351 1213 5431 (op.
1237 5344 1489 5423 CCCLXXIX)
1522 5344 1570 5425 ,de
1597 5346 1684 5412 sonte

26 5447 209 5533 baptisterii‘
231 5447 417 5511 nominatur.
461 5446 547 5532 quod
568 5449 759 5535 epigramma
791 5448 831 5513 ab
853 5448 1000 5514 Ennodio
1023 5448 1184 5513 etiamtum
1208 5447 1382 5513 Mediolani
1404 5472 1530 5523 munere
1560 5448 1683 5515 diaconi

26 5549 165 5635 fungenti
193 5550 308 5615 factum
337 5573 405 5616 esse
433 5573 621 5639 quamquam
650 5553 742 5617 certis
771 5552 960 5638 argumentis
995 5551 1200 5617 demonstrari
1225 5574 1286 5616 uon
1316 5562 1434 5639 potest,
1464 5561 1582 5632 tamen,
1609 5553 1684 5640 quia
