4500 6232
344 282 406 343 304
568 275 760 330 ccxxxvru
779 274 914 343 (oense.
933 275 969 342 11,
987 274 1150 330 ccxxxix
1170 273 1293 340 (arser.
1311 275 1336 336 9,
1356 276 1408 337 111,
1426 273 1521 328 coxa
1539 273 1663 341 (aaran.
1681 276 1706 340 a,
1726 275 1777 342 16).

344 472 451 516 meam
487 452 634 536 suscepit
669 449 842 536 replicavit
875 448 1025 535 optinuit.
1081 449 1145 512 hoo
1180 449 1318 533 amplius
1359 449 1554 533 suffragator
1591 468 1683 511 meus
1725 448 1865 512 emeruit
1903 470 2001 535 quam

344 554 490 640 poposci,
514 560 550 618 ut
573 554 639 632 illa,
664 574 747 637 quae
772 574 900 618 mecum
924 552 1122 616 matrimonii
1146 551 1261 614 habuit
1285 551 1450 637 parilitate
1475 551 1654 636 subiugari,
1678 551 1855 636 religiosae
1871 572 2000 616 mecum

227 733 232 751 ἱ
292 658 545 722 28habitudinis
573 657 693 721 decora
719 657 897 742 partiretur
925 662 958 718 ot
986 655 1081 719 fieret
1111 655 1270 741 praeclari
1302 654 1368 718 dux
1396 655 1519 719 femina
1542 655 1638 718 tituli.
1687 655 1745 719 sed
1768 655 1893 719 utinam
1916 677 1999 720 sexu

344 762 495 846 fragilem
517 761 550 824 in
573 760 673 824 animi
690 761 808 824 virtute
834 780 1055 843 sequeremur,
1080 764 1112 821 et
1135 759 1167 821 in
1184 759 1313 822 actione
1330 759 1432 822 nobili
1452 780 1516 823 non
1533 764 1658 823 tantum
1677 760 1858 824 excelleret
1872 760 2000 837 merito,

345 873 502 951 quantum
525 866 689 929 femineae
714 865 940 928 inbecillitatis
965 864 1056 948 sequi
1073 862 1202 926 videtur
1225 868 1374 948 optentu!
1413 864 1469 926 illa
1485 863 1649 948 pretiosae
1666 864 1779 947 vigore
1796 863 2001 928 constantiae

346 971 432 1033 mala
456 970 562 1033 carnis
579 975 657 1031 vota
679 968 864 1053 perdomuit
888 974 921 1031 et
943 968 1148 1030 affectiosam
1172 968 1316 1030 servavit
1339 966 1530 1052 pudicitiam
1554 988 1618 1031 non
1643 974 1802 1030 coactam.
1841 968 1898 1031 illa
1920 968 2003 1031 recti

345 1072 597 1152 observantiam,
620 1071 696 1135 dum
721 1072 886 1135 obstinate
910 1071 1027 1155 diligit,
1050 1071 1097 1133 ire
1121 1070 1267 1155 conpulit
1289 1071 1321 1132 in
1347 1077 1506 1133 naturam.
1551 1071 1674 1133 utinam
1699 1091 1763 1134 non
1788 1071 1867 1134 mihi
1890 1071 1923 1134 in
1946 1071 2005 1135 illa

347 1176 485 1239 districti
513 1181 714 1263 proponatur
744 1176 825 1238 hora
852 1174 979 1253 iudicii,
1012 1181 1045 1238 et
1073 1173 1149 1236 dum
1179 1174 1212 1236 in
1236 1173 1424 1238 infirmitate
1450 1196 1509 1238 sua
1531 1175 1625 1238 fortis
1649 1173 1853 1259 adparuerit,
1884 1195 1947 1257 ego
1970 1175 2003 1238 in

294 1277 335 1337 29
349 1281 491 1344 naturali
515 1281 633 1344 virtute
657 1280 718 1343 sim
742 1279 881 1363 fragilis!
909 1316 946 1324 —
971 1278 1076 1351 Eece,
1106 1277 1254 1358 domine,
1279 1279 1430 1342 recensui
1453 1279 1539 1364 ipsa,
1564 1299 1647 1362 quae
1672 1298 1826 1356 noveras,
1850 1284 1884 1342 et
1907 1279 1939 1342 in
1964 1299 2000 1342 ea

349 1391 474 1448 tantum
501 1385 547 1447 fui
578 1383 682 1446 fidelis
712 1389 820 1469 parte,
850 1387 973 1444 utnon
998 1402 1145 1466 raperem
1169 1380 1255 1465 quod
1279 1381 1426 1445 tenebas.
1471 1381 1602 1458 adesto,
1624 1368 1693 1444 'rex
1717 1381 1858 1464 gloriae,
1888 1380 2003 1444 adesto

349 1487 547 1573 supplicanti
571 1494 603 1550 ot
627 1486 806 1550 secundum
829 1485 1041 1569 benignitatis
1071 1491 1145 1548 tuae
1170 1483 1439 1549 consuetudinem
1464 1490 1615 1547 secutura
1637 1483 1790 1568 dispone!

821 1587 934 1652 Gloria
958 1589 1043 1674 patri
1067 1595 1099 1651 et
1121 1587 1188 1652 filio
1213 1595 1246 1651 et
1268 1588 1393 1673 spiritui
1418 1593 1539 1652 saneto.

937 1910 1157 1979 clixxxlx
1180 1912 1288 1997 (arrsr.
1306 1918 1335 1990 9,
1356 1916 1419 1998 15).

889 2090 1126 2165 ENNODIVS
1153 2091 1468 2166 STEPHANIAE.

321 2241 335 2299 1
464 2223 567 2318 Bene
603 2260 654 2317 est
683 2254 790 2315 animo
819 2272 902 2331 mee,
934 2251 1019 2336 quod
1050 2257 1221 2336 gravatum
1250 2254 1378 2338 peccati
1409 2253 1499 2316 fasce
1528 2252 1722 2317 meministis
1755 2257 1788 2314 et
1816 2250 1902 2314 inter
1931 2251 2007 2314 illas

351 2358 434 2421 sacri
458 2357 598 2443 pectoris
623 2378 727 2433 ouras,
757 2363 913 2441 quantum
944 2357 1102 2441 epistolae
1132 2355 1173 2419 ad
1202 2356 1353 2420 domnum
1377 2356 1541 2420 Avienum
1570 2355 1754 2419 destinatae
1783 2353 2011 2436 manifestant,
2076 2406 2081 2417 .

351 2481 515 2546 personae
538 2481 630 2524 meae
655 2481 720 2524 uon
744 2459 883 2543 emergit
907 2459 1040 2522 oblivio.
1077 2459 1140 2523 deo
1161 2461 1283 2544 gratias
1301 2480 1373 2544 ago,
1398 2459 1453 2544 qui
1470 2480 1530 2544 per
1545 2458 1726 2522 indebitam
1742 2456 2009 2542 delinquentibus

353 2563 561 2629 elementiam
586 2564 682 2626 solita
711 2564 920 2628 miseratione
948 2563 1117 2640 succurrit,
1148 2563 1224 2626 dum
1255 2585 1312 2627 eos
1346 2568 1532 2627 sanctarum
1560 2562 1741 2625 animarum
1770 2561 2010 2626 intercessione

321 2669 525 2731 dsustentat.
564 2686 629 2730 non
654 2666 762 2743 ereda,
786 2666 873 2751 quod
896 2667 981 2730 inter
1005 2667 1169 2731 orationes
1192 2666 1365 2731 deseratur
1389 2687 1484 2752 quem
1508 2665 1689 2729 nobilitatis
1713 2665 1864 2750 alloquio.
1903 2665 2011 2730 saluto

353 2792 431 2856 ergo
455 2770 637 2834 humilitate
661 2791 725 2854 qua
748 2769 882 2854 dignum
906 2776 957 2835 est
980 2777 1013 2835 et
1037 2791 1129 2855 rogo,
1157 2777 1192 2834 ut
1218 2771 1266 2834 illi
1296 2769 1433 2834 adsidua
1462 2769 1647 2833 orationum
1681 2768 1811 2833 donetis
1842 2767 2009 2854 suffragia,

353 2895 450 2960 quem
474 2873 792 2939 commemorationis
814 2873 952 2959 pascitis
974 2873 1136 2938 ubertate.

988 3196 1109 3266 elixa
1132 3199 1242 3283 (arrsr.
1259 3203 1289 3274 9,
1309 3200 1373 3282 16).

913 3376 1150 3450 ENNODIVS
1176 3375 1450 3450 ADEODATO.

465 3504 567 3600 Olim
584 3537 625 3601 ad
642 3538 853 3604 beatitudinis
870 3547 945 3603 tuae
963 3539 1084 3624 scripta
1099 3537 1344 3623 responderam,
1362 3538 1390 3600 si
1407 3537 1503 3601 facile
1517 3537 1634 3602 fuisset
1647 3536 1786 3600 Romam
1799 3535 2011 3622 pergentium

355 3639 473 3703 itinera
504 3640 718 3726 deprehendi.
765 3643 991 3707 ecclesiastiea
1024 3641 1191 3705 humilitas
1215 3663 1234 3705 a
1257 3640 1369 3704 mundi
1402 3640 1590 3725 potentibus
1625 3641 1718 3724 quasi
1750 3661 1802 3703 res
1836 3639 2013 3725 peregrina

354 3743 521 3807 transitur.
566 3750 602 3807 ut
625 3746 764 3830 primum
787 3753 896 3809 tamen
920 3746 1057 3810 domnus
1074 3745 1251 3811 Dioscorus
1268 3746 1407 3810 Romam
1431 3744 1622 3829 perfunctus
1643 3744 1687 3830 pii
1710 3744 1831 3808 laboris
1847 3743 2013 3807 remeavit

325 3845 476 3924 2offioio,
506 3846 546 3909 ad
577 3848 818 3912 restitutionem
848 3848 951 3912 debiti
983 3850 1200 3913 reverentiam
1229 3856 1373 3913 vostram
1402 3848 1584 3932 suspiciens
1614 3846 1791 3931 adspiravi.
1836 3865 1894 3909 vos
1923 3844 2011 3908 filios
2082 3870 2095 3906 1

354 3958 489 4029 vestros,
521 3950 674 4014 domnum
702 3950 858 4015 Faustum
882 3953 934 4017 vel
959 3959 1104 4016 sanctam
1133 3953 1323 4038 progeniem
1356 3952 1458 4036 ipsius
1487 3950 1594 4014 redire
1623 3950 1762 4014 Romam
1792 3949 1922 4035 cupitis,
1950 3967 2013 4011 nos

355 4075 506 4118 manare:
530 4052 642 4137 dispar
665 4054 828 4116 sententia
852 4053 893 4117 ad
916 4075 1016 4116 unum
1033 4054 1216 4118 affectionis
1234 4054 1349 4117 callem
1367 4054 1435 4116 sine
1455 4074 1565 4118 errore
1583 4054 1767 4118 revertitur.
1802 4051 1883 4117 deus
1899 4058 2013 4116 tamen

357 4158 497 4242 optimus
527 4155 736 4240 dispensator
763 4155 850 4241 quod
877 4157 1026 4222 felicitati
1051 4158 1122 4220 eius
1151 4157 1213 4220 seit
1243 4157 1416 4220 convenire
1444 4156 1604 4242 disponat.
1651 4157 1729 4220 mihi
1760 4156 1870 4220 domni
1897 4154 2014 4219 Fausti

327 4262 555 4344 {tenerumque
587 4261 788 4344 prosperitas
827 4262 1036 4345 praesentiae
1071 4261 1142 4324 vice
1176 4259 1352 4323 blanditur.
1396 4259 1527 4323 domine
1563 4261 1618 4339 mi,
1652 4259 1857 4324 salutationis
1889 4258 2014 4322 cultum

359 4364 455 4450 pleno
479 4383 590 4427 amore
614 4361 797 4427 dissolvens
822 4363 968 4427 codicem
994 4385 1089 4448 quem
1116 4363 1252 4428 dedistis
1282 4364 1348 4427 filio
1378 4369 1486 4426 vestro
1509 4363 1627 4427 domno
1650 4362 1818 4448 praefecto
1842 4368 2012 4427 remeante

358 4466 557 4530 transmitto:
588 4486 646 4529 vos
669 4487 777 4529 meum
802 4473 858 4529 aut
880 4469 972 4531 illum
996 4489 1093 4552 quern
1118 4468 1323 4553 promisistis,
1355 4468 1381 4531 si
1405 4467 1576 4552 placuerit,
1600 4466 1773 4546 destinate,
1797 4464 1877 4530 illud
1901 4472 2014 4530 tamen

358 4569 545 4655 specialiter
568 4569 784 4648 conferentes,
815 4577 850 4633 ut
874 4572 1055 4635 orationum
1083 4577 1263 4635 vestrarum
1295 4591 1470 4656 numquam
1500 4590 1551 4633 mo
1579 4570 1842 4655 propugnatione
1872 4567 2016 4649 nudetis,

357 4672 565 4759 quianullus
589 4672 668 4735 mihi
692 4693 803 4735 murus
828 4674 933 4758 potior
957 4695 1028 4739 esse
1052 4674 1210 4739 adversus
1234 4674 1359 4760 pcccati
1388 4674 1525 4738 arietem
1555 4674 1686 4759 poterit,
1716 4694 1813 4757 quam
1836 4672 1862 4735 si
1884 4673 2016 4736 illarum

358 4798 411 4841 me
434 4777 538 4840 tutela
560 4774 754 4840 defenderit.

326 3518 339 3576 1

359 4917 739 4925 ——-.—-.-—-—----
745 4918 759 4922 .-

464 5035 475 5086 l
497 5037 614 5102 optannit
625 5035 658 5099 B,
674 5036 787 5087 obtinuit
803 5035 827 5083 V
884 5037 988 5103 anplius
1002 5038 1026 5086 B
1122 5035 1139 5087 2
1158 5038 1273 5104 poposcit
1285 5036 1310 5085 B
1372 5037 1497 5102 parilitate
1515 5034 1650 5100 subiugari
1662 5035 1694 5097 B,
1714 5036 1863 5100 parilitatem
1883 5033 1941 5097 (oar.
1954 5036 2017 5086 sub·

357 5122 454 5190 iugari]
473 5123 548 5173 ceteri
655 5120 672 5172 3
689 5124 814 5189 patiretur
828 5122 853 5171 B
928 5124 994 5174 fierit
1006 5124 1030 5173 B
1100 5141 1164 5174 sexu
1178 5123 1210 5185 B,
1234 5139 1325 5172 sexum
1343 5122 1417 5172 ceteri
1527 5118 1543 5168 4
1562 5121 1686 5185 gragilem
1699 5120 1725 5169 Β
1792 5122 1819 5171 in
1838 5129 1897 5170 ante
1914 5121 2018 5173 actione

357 5227 407 5261 ona.
425 5208 544 5260 VLTOP
645 5208 662 5260 5
681 5209 848 5259 inbieillitatis
860 5209 885 5257 Β
957 5210 1058 5259 uidetur
1070 5208 1103 5271 B,
1121 5209 1252 5259 uideretur
1264 5208 1339 5259 ceteri
1444 5202 1459 5254 1
1478 5206 1614 5256 obsecrate
1632 5193 1721 5272 diliget
1734 5205 1759 5255 B
1828 5207 1864 5257 ire
1883 5205 1978 5269 (idel.)
1992 5204 2020 5256 Β

358 5293 375 5345 8
392 5296 505 5346 destricti
523 5295 620 5346 codices
683 5295 830 5361 apperuerit.
845 5293 868 5343 V
972 5292 1003 5345 10
1019 5296 1091 5345 adsto
1111 5334 1116 5344 .
1131 5333 1136 5344 .
1155 5295 1227 5344 adsto
1240 5293 1265 5342 Β
1370 5291 1401 5343 11
1420 5300 1537 5343 secutora
1548 5291 1573 5339 Β

464 5395 643 5465 [ΟΒΧΧΧΙΧ]
682 5397 714 5449 15
732 5396 850 5465 pectoris]
870 5398 1046 5465 peccatorisB
1152 5396 1183 5449 18
1201 5398 1359 5448 orationisB
1463 5395 1656 5448 lassescatis
1756 5393 1791 5446 ‘20
1809 5394 1917 5462 pascetis
1930 5394 1956 5444 Β

463 5499 577 5567 [CDXL]
614 5498 648 5551 23
666 5501 802 5553 iteneraB
928 5499 1130 5553 malleacense
1143 5501 1168 5551 B
1288 5498 1323 5550 ‘25
1339 5501 1507 5566 adspirauuos
1523 5502 1539 5550 f.
1554 5499 1580 5549 Β
1699 5493 1885 5563 aestuatum]
1903 5497 2019 5551 Paulum

360 5585 438 5639 asem.
543 5584 792 5652 181111111111111
895 5586 929 5638 aa
947 5584 1163 5653 1111111111
1266 5586 1298 5637 31
1318 5585 1512 5655 promisistesB
1615 5582 1650 5636 33
1667 5581 1757 5653 qum]
1775 5580 1885 5653 quma
