4500 6232
946 286 986 340 ur
1004 285 1157 357 (erere).
1859 302 1876 365 7

224 455 288 519 sint
310 463 402 521 muta
416 456 502 521 forte
518 457 714 523 diversoria:
738 460 790 524 hic
807 461 887 525 nihil
904 468 955 525 est
971 468 1037 526 taur
1053 463 1214 528 familiare
1231 485 1328 549 quam
1344 487 1464 552 pompa
1480 469 1620 534 dicendi.
1652 472 1877 537 Ifoscenninos

225 559 310 626 sales
334 559 507 646 hymeneis
531 562 609 627 dare
633 564 765 647 genium
790 573 966 630 consuetae
995 567 1207 651 professionis
1239 568 1373 653 plausus
1405 570 1565 639 hortatur:
1591 574 1762 659 eriguntur
1786 576 1876 640 lituis

225 666 418 740 bellatores;
442 667 561 730 virtute
585 666 712 731 debiles
736 668 846 752 gravis
871 669 1064 734 bucinarum
1081 679 1196 735 cantus
1219 671 1363 736 adtollit:
1388 673 1465 737 data
1488 684 1563 740 sunt
1586 679 1747 743 universis
1771 681 1878 744 amica

226 771 439 834 incitamenta
461 771 649 856 propositis.
689 772 766 855 quid
790 792 852 856 ego
876 773 1006 852 faciam,
1031 774 1197 838 doctorum
1223 776 1356 860 optime,
1380 778 1605 862 teloquente‘t
1641 782 1665 844 si
1683 783 1878 847 infabricata
1912 786 1930 846 3

161 919 166 931 .
227 872 327 937 verba
355 874 440 938 intra
469 873 689 938 verecundum
713 877 883 960 penetrale
908 878 1110 956 contineam,
1142 879 1280 941 instituti
1305 900 1357 941 nro
1382 901 1455 943 esse
1480 881 1595 945 similis
1620 906 1683 948 nou
1707 908 1877 970 agnoscas.

224 977 439 1042 amicitiarum
463 978 654 1062 religionem
680 979 711 1041 in
735 979 841 1062 gratia
864 1001 983 1065 pareus
999 980 1174 1059 offendam,
1199 982 1225 1044 si
1243 1002 1304 1044 nee
1321 983 1544 1048 translationis
1561 987 1648 1050 festa
1664 1010 1725 1052 uee
1742 990 1875 1055 debitae

225 1081 285 1144 tibi
308 1080 414 1144 laudis
439 1102 556 1146 munus
580 1083 766 1147 exsolvero.
802 1084 892 1148 salve
911 1105 1001 1169 ergo,
1025 1083 1163 1147 nutritor
1185 1084 1403 1170 profectuum,
1427 1085 1482 1148 fax
1506 1095 1539 1150 et
1556 1089 1713 1173 splendor
1728 1093 1877 1177 ingenui-

225 1184 313 1263 tatis,
337 1184 391 1269 qui
416 1184 538 1248 nobilia
560 1186 709 1269 germina
725 1185 895 1248 laboriosis
917 1185 1087 1271 purgando
1111 1186 1250 1250 sareulis
1275 1187 1307 1249 iu
1331 1187 1492 1251 fructibus
1507 1189 1589 1254 facis
1606 1196 1749 1277 agnosci,
1774 1197 1878 1280 quiin

227 1307 309 1351 cano
333 1287 411 1352 flore
435 1288 586 1352 novellae
602 1290 813 1374 posteritatis,
837 1296 994 1375 quantum
1010 1291 1134 1355 horreis
1152 1296 1294 1375 paretur,
1320 1291 1477 1370 ostendis,
1502 1294 1556 1377 qui
1573 1293 1771 1362 deferamur
1790 1299 1878 1363 cubi·

228 1392 312 1457 libus
336 1397 370 1454 et
391 1390 559 1456 bubonum
583 1392 780 1458 habitaculis
796 1394 837 1457 ad
853 1396 926 1458 fora
941 1415 1000 1458 nos
1017 1416 1163 1472 revocas,
1187 1394 1275 1458 unde
1292 1395 1432 1459 maiores
1450 1417 1555 1481 paone
1573 1399 1638 1462 iam
1654 1401 1752 1485 longa
1769 1408 1878 1466 aetate

225 1495 456 1561 discesserant.
502 1517 566 1559 uon
599 1496 685 1561 euim
715 1503 832 1582 putant
861 1496 1006 1562 eruditos
1036 1498 1109 1561 loca
1137 1499 1213 1573 ista,
1242 1498 1360 1583 quibus
1391 1500 1564 1564 seientiam
1593 1524 1657 1566 nou
1680 1505 1878 1589 primoribus
1911 1507 1930 1566 4

225 1600 324 1664 labris
347 1600 418 1684 ipsa
440 1601 646 1665 contulerint.
693 1602 785 1665 cuius
809 1600 896 1665 enim
919 1602 1000 1665 tuba
1023 1608 1238 1686 cognoscatur
1267 1602 1404 1685 eloquii,
1439 1602 1498 1666 nisi
1529 1606 1621 1668 cuius
1656 1608 1798 1691 puerilia
1828 1609 1878 1672 iu-

225 1705 391 1767 uotnerint
414 1703 599 1769 rudimenta
623 1711 830 1769 sermonumt
866 1704 925 1769 tibi
942 1726 1021 1789 ergo
1038 1703 1202 1768 debentur
1216 1704 1298 1767 hacc
1322 1703 1485 1784 benificia,
1510 1707 1595 1792 quod
1613 1709 1770 1774 citaturus
1788 1732 1878 1775 reum

227 1807 412 1873 causidicus
446 1809 531 1872 iuter
561 1808 644 1872 atria
674 1808 738 1872 iam
767 1808 905 1895 probata
935 1807 1111 1872 dictionem
1142 1807 1337 1871 metuendus
1367 1808 1512 1895 incipiet.
1566 1811 1639 1892 tibi,
1676 1835 1751 1898 spes
1785 1815 1880 1880 unica

152 1928 164 1965 ὁ
227 1909 387 1976 honestae
410 1912 633 1999 professionis,
657 1912 925 1991 adscribendum,
949 1911 1033 1996 quod
1058 1910 1212 1975 nobilitas
1236 1912 1384 1976 decursis
1408 1914 1500 1978 brevi
1524 1917 1726 2003 temporibus
1747 1918 1876 1984 liberali

226 2014 345 2080 sudore
368 2016 529 2101 placitura
552 2025 611 2081 est.
658 2016 716 2080 sed
740 2036 804 2101 quo
828 2037 880 2080 me
903 2016 1052 2101 ignarum
1077 2016 1194 2079 virium
1215 2016 1260 2079 tui
1278 2017 1363 2100 rapit
1379 2017 1510 2082 allectio
1527 2021 1722 2085 narrationis
1739 2025 1876 2110 pelagus
1912 2021 1931 2080 5

227 2138 290 2183 uon
313 2120 513 2206 pendentem
522 2127 535 2184 ‘t
577 2121 697 2185 suflicit
717 2122 750 2184 in
766 2121 828 2185 loci
844 2121 941 2184 amici
957 2128 991 2184 et
1006 2118 1070 2184 diei
1088 2119 1279 2184 celebritate
1296 2127 1372 2184 vota
1389 2128 1554 2187 testatum.
1591 2124 1705 2189 advos
1723 2136 1879 2207 revertor,

225 2223 344 2308 quibus
367 2231 505 2310 paterna
528 2234 709 2290 conventus
733 2225 908 2290 affectione
932 2244 1047 2288 vocem
1071 2222 1176 2287 dobeo
1201 2225 1448 2288 commonentis.
1485 2225 1610 2292 reddite
1634 2249 1693 2292 vos
1718 2230 1880 2295 studendo

227 2325 355 2411 origini,
380 2328 505 2392 reddite
528 2327 694 2393 natalibus
717 2328 869 2393 lectione.
903 2335 1041 2392 naturae
1059 2328 1166 2391 lucem
1184 2326 1278 2391 iubar
1294 2326 1447 2392 dictionis
1464 2330 1628 2396 ostendat.
1663 2334 1878 2419 multiplicate

147 2450 159 2484 ’-
227 2431 368 2496 suffectu
392 2432 550 2497 scientias
565 2440 738 2519 parentum
753 2432 875 2511 titulos,
899 2436 1013 2496 ornate
1030 2430 1212 2495 eruditione
1228 2429 1347 2495 decora
1365 2432 1533 2496 maiorum.
1570 2433 1649 2497 fulvi
1667 2437 1875 2502 nobilitatem
1912 2434 1931 2492 6

225 2535 349 2600 metalli
374 2536 435 2599 nisi
458 2535 499 2600 ad
522 2556 664 2620 unguem
689 2556 803 2600 manus
827 2535 926 2600 ducat
949 2534 1094 2615 artificis,
1117 2533 1275 2597 maternis
1300 2555 1405 2619 paene
1430 2534 1605 2600 hebetatur
1622 2539 1766 2605 tenebris
1784 2551 1826 2621 et,
1851 2543 1877 2606 si

225 2658 290 2701 uon
314 2637 471 2722 magistra
493 2639 649 2726 politione
675 2646 877 2719 venustetur,
901 2637 981 2702 nihil
1004 2639 1035 2703 ei
1059 2638 1194 2724 prodest
1218 2637 1417 2719 sublimitas,
1440 2660 1537 2724 quam
1561 2661 1647 2705 vona
1667 2646 1876 2709 concesserit.

224 2741 397 2806 adiuvatur
426 2743 556 2828 quidem
585 2741 725 2807 doctoris
756 2743 914 2808 instantia
937 2742 1068 2807 dotibus
1091 2741 1261 2825 sanguinis
1284 2742 1480 2820 mundioris,
1508 2743 1566 2808 sed
1590 2745 1652 2809 nisi
1677 2748 1791 2812 limata
1812 2769 1877 2813 uon

227 2846 362 2910 rutilant
395 2846 452 2911 illa
486 2867 569 2932 quae
604 2868 639 2911 se
672 2847 802 2932 erigunt
830 2846 1060 2933 praerogativa
1090 2843 1259 2910 nascendi.
1310 2846 1548 2911 incrementum
1579 2850 1735 2914 rusticum
1764 2853 1877 2917 matris
1914 2847 1932 2908 7

147 2964 167 3003 2’·
226 2970 383 3016 mammas
413 2953 500 3017 iuter
526 2953 635 3016 sulcos
666 2958 805 3017 evacuat
837 2958 870 3014 et
897 2972 958 3037 per
985 2971 1110 3037 pascua
1132 2970 1234 3035 pecus
1258 2971 1373 3034 agere,
1403 2950 1479 3014 dum
1503 2952 1544 3015 ab
1566 2953 1723 3018 uberibus
1746 2955 1878 3040 pendet,

225 3054 405 3130 adsuescit;
429 3056 531 3141 patris
554 3055 707 3136 brachiis,
731 3054 807 3119 dum
832 3056 987 3119 iuvencos
1010 3054 1137 3140 fatigat,
1161 3052 1365 3138 adiungitur;
1387 3061 1523 3140 prensat
1546 3054 1717 3122 dexteram
1740 3058 1878 3143 grandia

225 3160 321 3224 terris
351 3161 478 3225 semina
504 3162 761 3225 committentem
791 3168 824 3225 et
853 3159 1005 3224 sudorem
1033 3158 1168 3243 originis
1197 3178 1276 3222 suae
1299 3158 1424 3243 inipso
1447 3159 1528 3223 lucis
1552 3159 1662 3225 limine
1686 3162 1876 3229 meditatur.

225 3264 302 3349 quid
318 3286 376 3329 vos
391 3265 530 3346 faciatis,
547 3286 626 3352 quos
643 3265 833 3330 liberalibus
850 3269 1051 3350 pepererunt
1068 3268 1189 3327 matres
1206 3263 1348 3348 optimae
1365 3262 1566 3349 disciplinis?
1602 3265 1878 3349 peregrinandum
1911 3276 1931 3339 8

227 3368 319 3433 vobis
343 3375 395 3435 est
417 3392 438 3435 a
459 3371 606 3455 germine
629 3370 748 3450 ditiori,
773 3369 834 3434 nisi
857 3390 916 3433 vos
940 3369 1064 3433 nobiles
1087 3368 1239 3432 instituta
1263 3369 1525 3433 monstraverint.
1562 3367 1692 3434 habetis
1708 3372 1876 3454 praevium

227 3473 435 3559 eloquentiae
462 3494 653 3559 morumque
686 3474 864 3538 doctorem.
910 3471 1029 3536 currite
1060 3471 1235 3557 prosapiae
1260 3471 1399 3534 stimulis
1427 3472 1552 3534 incitati
1580 3478 1628 3552 et,
1657 3492 1730 3536 eum
1753 3495 1812 3537 vos
1835 3473 1876 3537 ad

224 3598 363 3662 agonem
395 3579 542 3664 praemia
569 3579 732 3664 promissa
761 3577 990 3664 perduxerint,
1020 3576 1085 3639 mei
1115 3577 1301 3640 meminisse
1326 3575 1519 3659 dignamini,
1553 3577 1629 3659 quia
1651 3584 1726 3640 sunt
1749 3599 1877 3663 quaea

225 3681 319 3746 vobis
342 3690 419 3768 post
442 3683 619 3748 caelestem
642 3681 890 3747 retributionem
916 3680 1073 3764 suffragia
1088 3678 1238 3744 hortator
1253 3679 1403 3762 accipiat.
1442 3678 1525 3742 haec
1542 3687 1627 3759 sunt,
1651 3683 1771 3744 nostris
1788 3703 1873 3767 quae
1908 3692 2012 3773 bem,

225 3804 284 3849 vos
311 3785 405 3851 licuit
432 3787 567 3851 vocibus
594 3786 776 3851 admoneri.
822 3807 880 3850 vos
910 3784 1113 3869 diligentiam
1143 3783 1281 3867 pectoris
1309 3783 1374 3847 mei
1406 3781 1585 3866 expendite
1615 3774 2032 3853 consideratione⁸⁰'²·³¹⁴‘¹·

228 3889 411 3954 verborum.
463 3913 528 3956 non
560 3890 717 3955 faleratus
746 3912 870 3969 sermo,
903 3910 967 3953 non
1000 3885 1207 3952 inlecebrosa
1236 3892 1362 3949 tautum
1392 3893 1425 3949 et
1454 3886 1585 3971 depicta
1618 3885 1701 3950 fucis
1736 3890 1877 3953 narratio

229 3992 378 4058 delectet.
424 3995 569 4078 quaerite
593 3993 679 4080 apud
702 4015 755 4058 me
779 4015 844 4058 non
867 3992 988 4058 blanda
1011 3991 1069 4057 sed
1093 3991 1289 4070 necessaria,
1313 4010 1376 4054 non
1393 3988 1551 4053 deliciosa
1567 3989 1624 4055 sed
1639 3991 1745 4057 fortia.
1784 4013 1877 4056 nurn-

229 4096 305 4183 quid
329 4099 419 4163 iuvat
442 4120 594 4186 pompam
619 4106 733 4164 texere
757 4106 936 4185 praecepta
960 4096 1134 4162 daturum?
1169 4095 1224 4180 qui
1247 4093 1380 4180 probari
1403 4114 1467 4158 non
1491 4093 1597 4178 magis
1614 4095 1765 4159 sensibus
1781 4115 1878 4180 quam

230 4223 380 4268 sermone
408 4203 568 4289 disponit,
597 4205 751 4269 affectum
780 4203 950 4267 monitoris
976 4208 1125 4267 evacuat.
1171 4198 1372 4285 ponderibus
1396 4206 1529 4262 ornetur
1551 4199 1652 4262 dictio
1676 4201 1877 4285 castigantis,

229 4312 356 4375 lancem
388 4309 420 4372 in
453 4307 681 4374 exhortatione
713 4315 824 4372 teneat
846 4307 901 4392 qui
924 4306 1025 4393 gestit
1047 4304 1160 4369 audiri.
1205 4303 1376 4366 institutor
1398 4302 1526 4366 virtutis
1550 4303 1687 4389 plausus
1712 4304 1876 4370 excludat.

228 4416 313 4481 bene
337 4419 463 4477 morata
487 4412 590 4476 oratio
614 4411 753 4497 imperat
776 4410 861 4496 quod
885 4409 1011 4474 suadet.
1056 4408 1139 4472 haec
1163 4407 1189 4470 si
1213 4406 1380 4491 explicare
1405 4427 1532 4491 nequeo
1556 4407 1714 4472 facultate
1738 4407 1877 4485 dicendi,
1892 4416 1930 4473 ro

230 4542 340 4586 amare
365 4527 476 4584 tamen
499 4515 596 4582 didici
620 4516 884 4581 consideratione
908 4513 1067 4600 propositi
1091 4518 1124 4575 et
1147 4510 1308 4575 electione
1325 4510 1463 4575 consilii.
1498 4532 1574 4595 pars
1591 4510 1752 4596 quaedam
1768 4510 1878 4596 probi·

229 4623 305 4688 tatis
323 4629 385 4703 est,
408 4624 473 4688 etsi
490 4622 627 4706 implere
642 4641 798 4706 nequeas,
815 4640 913 4684 nosse
929 4618 1074 4682 meliora.
1110 4616 1258 4702 sequitur
1274 4614 1496 4679 examinatam
1510 4616 1724 4679 intentionem
1741 4614 1877 4679 effectus

334 4885 346 4936 l
368 4886 518 4938 tlseiuninos
530 4884 564 4948 B,
586 4882 743 4935 fesciruriuos
759 4879 783 4928 V
887 4878 904 4929 ‘2
926 4876 1069 4944 lrymarraisl
1093 4877 1198 4928 emiueis
1220 4876 1318 4928 codices
1429 4874 1587 4926 sostratae
1611 4876 1715 4927 uirtutis
1740 4884 1761 4932 ts
1779 4875 1840 4935 dcl.)
1853 4874 1879 4924 ll

228 4974 321 5025 attollit
337 4972 360 5021 l'
444 4970 568 5024 ‘flandae
580 4970 625 5020 13⁰
709 4967 871 5035 &purgandi
884 4966 930 5016 Ba
1012 4961 1159 5031 9paretur]
1178 4962 1337 5030 peteturB⁶
1420 4960 1452 5012 lfl
1470 4960 1611 5012 maiorisB
1694 4959 1723 5011 ll
1744 4968 1835 5027 putant
1847 4960 1880 5023 B,

229 5066 315 5126 patant
339 5059 414 5110 ceteri
505 5059 618 5110 eruditos
641 5056 745 5122 scripsi,
769 5056 886 5107 amditus
897 5053 933 5117 B,
955 5054 1061 5105 eruditis
1083 5051 1158 5102 cetam
1290 5048 1322 5100 12
1339 5049 1536 5116 cognosciturb
1670 5045 1701 5097 13
1719 5047 1844 5098 beneficia
1860 5044 1885 5095 V

231 5143 263 5196 ll
279 5145 430 5197 causedieas
446 5145 470 5193 V
569 5141 601 5194 15
618 5142 814 5194 adscribendum
826 5141 860 5205 B,
878 5141 1047 5192 adsembenda
1064 5138 1140 5189 ceteri
1241 5134 1273 5187 16
1292 5135 1348 5198 sed]
1366 5133 1454 5186 subB
1551 5132 1582 5184 ll
1602 5134 1787 5200 expendentem
1800 5122 1879 5198 propi.

230 5232 326 5284 Har-tel
400 5238 474 5283 uetat
488 5230 494 5296 Ι
508 5228 669 5282 testatumB
778 5225 812 5278 20
830 5229 940 5280 suffectu
952 5227 986 5291 B,
1004 5225 1123 5278 suffectui
1141 5223 1217 5274 ceter-i
1325 5220 1358 5270 21
1376 5222 1508 5273 habitatur
1521 5220 1546 5271 B
1656 5215 1690 5270 23
1707 5218 1880 5271 adiuuatorB

229 5316 286 5387 aad]
303 5318 368 5371 atB
484 5315 519 5368 ‘25
536 5317 631 5384 pendet
647 5315 701 5379 To,
719 5316 808 5382 pendit
825 5316 901 5367 ceteri
1016 5310 1051 5363 26
1069 5308 1234 5362 umescitV
1306 5307 1472 5359 iuueneusll
1585 5302 1619 5356 29
1637 5315 1677 5357 cst
1694 5306 1768 5357 uobis
1784 5304 1880 5356 vtro

230 5402 288 5473 uos]
306 5405 381 5458 uobis
398 5404 439 5454 V⁰
531 5401 676 5471 praecium]
696 5403 820 5470 praetium
833 5401 859 5452 B
986 5398 1020 5451 32
1039 5401 1134 5451 uostris
1152 5415 1218 5465 quae
1236 5393 1294 5462 uos]
1313 5413 1378 5461 quae
1397 5413 1444 5447 uos
1462 5395 1555 5446 uestris
1570 5393 1628 5444 Gl't
1749 5390 1784 5443 35
1801 5389 1880 5459 apud}

229 5493 282 5559 pud
298 5509 355 5558 sup.
374 5491 420 5543 lin.
438 5490 466 5553 V,
484 5508 501 5542 s
518 5507 575 5556 sap.
594 5490 639 5540 liu.
653 5489 677 5539 t
772 5488 806 5539 36
824 5489 947 5540 daturum
961 5487 1005 5537 Ba
1066 5504 1117 5538 uon
1136 5484 1218 5551 magis
1237 5483 1338 5552 probari
1353 5481 1411 5534 a'l‘o
1507 5478 1541 5531 39
1558 5479 1680 5531 suaditfl
1770 5476 1881 5532 dilelec-

229 5578 299 5632 fiens
310 5577 345 5643 B,
361 5578 471 5631 lectione
488 5577 564 5631 cctam
668 5575 700 5629 41
720 5573 779 5644 atsi]
798 5578 821 5628 si
835 5577 913 5628 Sirra.
