4500 6232
319 270 361 331 90
993 263 1093 318 cxxx
1112 263 1245 332 (opusc.
1264 266 1301 331 a).

318 440 491 504 seientiam
515 444 658 504 nostram
683 446 716 502 et
739 437 876 522 aperiris
897 438 971 501 luce
995 459 1131 523 operum
1165 461 1265 525 supra
1295 458 1390 522 quam
1420 439 1651 523 porrigebatur
1679 436 1813 524 opinio’.
1858 438 1978 524 quibus

319 543 466 607 breviter
484 542 667 627 perstrictis
692 547 847 625 suscepto
871 561 984 604 omnes
1008 561 1142 606 munere
1166 541 1400 607 discesserunt.
1447 548 1453 555 '

266 650 306 710 47
428 644 508 709 Mox
536 644 598 708 sibi
628 643 744 708 beatus
771 643 910 708 antistes
937 645 1069 730 proprio
1099 666 1156 709 ore
1186 645 1294 730 leges,
1328 644 1446 733 quibus
1473 667 1509 708 se
1533 652 1648 730 posset
1670 651 1801 726 tenere,
1832 644 1976 711 dictavit.

320 750 460 835 primum
487 748 601 813 statuit
632 768 697 813 non
726 746 917 825 lavandum,
949 769 991 813 ne
1018 749 1158 812 nitorem
1188 749 1317 813 animae
1349 754 1383 812 et
1406 747 1568 811 interioris
1591 745 1730 811 hominis
1752 746 1976 813 fortitudinem

320 853 439 917 balnea
462 850 567 936 magis
592 850 742 915 sordibus
765 851 871 913 amica
893 851 1148 935 confringerent.
1185 851 1306 916 deinde
1322 851 1515 915 decreverat
1531 872 1706 936 numquam
1724 870 1797 916 esse
1813 851 1977 937 pranden—
2038 874 2047 905 ι

319 955 407 1031 dum,
437 954 495 1019 sed
519 976 559 1020 nc
583 954 744 1040 propositi
767 953 966 1018 sententiam
991 955 1279 1038 supervenientum
1303 955 1353 1017 vis
1377 954 1445 1017 ulla
1468 960 1646 1019 temeraret
1667 960 1701 1019 et
1724 960 1782 1019 aut
1804 954 1978 1021 iactantiae

319 1058 449 1123 nebulis
472 1064 529 1123 aut
551 1057 709 1122 avaritiae
732 1057 818 1121 sama
842 1056 1038 1131 laederetur,
1061 1056 1210 1121 delinivit
1233 1078 1397 1141 nunquam
1420 1056 1483 1121 sibi
1499 1055 1692 1133 cenandum,
1714 1069 1752 1122 ut
1766 1059 1979 1123 commutatio

268 1166 308 1227 48
322 1161 474 1226 horarum
497 1183 536 1225 ac
559 1182 618 1247 per
640 1161 702 1224 hoc
725 1161 827 1225 semel
850 1161 883 1223 in
906 1159 959 1224 die
983 1159 1151 1224 reficiendi
1175 1167 1303 1246 tempus
1326 1152 1481 1225 adferret.
1527 1161 1619 1225 cibos
1643 1160 1739 1226 iussit
1761 1161 1824 1226 sibi
1847 1162 1979 1248 plaeere

323 1265 455 1330 viliores
480 1265 625 1349 nihilque
649 1265 682 1327 in
706 1264 920 1349 apparatione
951 1255 1147 1328 ferculorum
1178 1285 1275 1328 nares
1305 1284 1520 1350 saporemque
1549 1285 1643 1328 suum
1671 1285 1769 1349 posse
1798 1263 1977 1345 offendere,

322 1370 384 1432 nisi
407 1367 493 1455 quod
517 1367 717 1432 aromatibus
741 1366 939 1431 condiretur.
977 1366 1126 1430 holerum
1150 1372 1184 1431 ct
1205 1366 1381 1450 leguminis
1398 1367 1594 1452 pascebatur
1610 1367 1727 1453 epulis,
1750 1367 1809 1433 sed
1824 1376 1977 1433 neutrum
2029 1388 2050 1425 ιι

166 1473 436 1536 vaesanorum
460 1493 562 1557 usquc
593 1470 633 1535 ad
663 1471 850 1535 satietatem
879 1469 1030 1555 capiens:
1064 1470 1129 1533 vini
1160 1469 1311 1555 quiddam
1340 1493 1471 1557 parum,
1498 1492 1595 1557 quam
1622 1479 1733 1536 tamen
1761 1472 1977 1557 exiguitatem
1990 1496 2058 1545 perr

268 1573 309 1633 49
321 1576 523 1661 apostolicae
551 1574 782 1638 admonitionis
811 1595 937 1637 memor
968 1574 1120 1638 sumebat
1152 1573 1194 1638 ob
1218 1572 1377 1638 stomachi
1401 1573 1580 1639 cavendam
1604 1573 1817 1640 debilitatem.
1863 1595 1978 1660 proce-

320 1677 462 1743 dendum
486 1679 614 1743 censuit
638 1676 789 1741 omnibus
813 1677 846 1740 in
870 1676 1018 1761 quelibet
1040 1677 1128 1741 aeris
1152 1683 1278 1742 terrore
1302 1677 1476 1751 maturius,
1506 1678 1553 1741 ita
1574 1685 1612 1742 ut
1634 1678 1818 1763 vigiliarum
1840 1678 1978 1743 formam

320 1782 497 1846 lectoribus
530 1781 729 1847 antecedens
761 1781 803 1844 ad
835 1779 1008 1845 ecclesiam
1039 1780 1213 1866 praeberet
1244 1780 1429 1866 episcopus.
1478 1786 1651 1866 postquam
1683 1803 1761 1847 vero
1791 1782 1833 1847 ad
1864 1782 1977 1847 altaria

320 1885 462 1950 confinia
477 1887 691 1972 pervenisset,
714 1886 839 1949 nullam
855 1883 1052 1947 deliberavit
1067 1884 1208 1948 intutam
1225 1905 1298 1948 csse
1318 1884 1565 1963 necessitatem,
1588 1905 1653 1969 qua
1667 1885 1744 1951 inde
1758 1886 1822 1949 nisi
1845 1886 1978 1972 inpletis
2028 1904 2050 1942 ι5

321 1989 536 2054 sollemnibus
560 1996 671 2076 posset
695 1988 824 2055 abduci.
870 1986 991 2050 iunctis
1015 1986 1156 2072 pedibus
1180 1986 1349 2072 usquead
1373 1988 1688 2053 consummationem
1714 1989 1844 2075 mystici
1873 1991 1981 2077 operis

321 2100 408 2157 stare
433 2112 468 2156 sc
492 2091 613 2157 debere
643 2091 827 2168 constituit,
860 2091 907 2154 ita
930 2097 966 2154 ut
988 2111 1100 2155 umore
1124 2092 1337 2175 vestigiorum
1361 2094 1467 2156 locum
1492 2113 1585 2156 suum
1609 2090 1803 2178 depingeret
1824 2101 1859 2158 et
1882 2094 1980 2178 longe

269 2192 310 2251 50
323 2194 559 2281 aspicientibus
594 2194 764 2259 indicaret.
816 2193 1087 2258 intercessionum
1120 2200 1244 2258 tantam
1281 2193 1343 2259 sibi
1377 2196 1548 2280 proposuit
1580 2216 1707 2275 curam,
1741 2204 1778 2261 ut
1806 2196 1915 2282 ipsum
1944 2218 1980 2261 se

322 2299 450 2362 miseris
474 2299 595 2363 inferre
619 2296 770 2362 crederet
792 2297 985 2369 molestiam,
1009 2317 1107 2380 quam
1123 2319 1183 2382 per
1205 2299 1449 2383 neglegentiam
1465 2319 1485 2362 a
1502 2297 1761 2385 quibuscumque
1776 2301 1981 2386 permisisset

320 2403 443 2468 inferri.
488 2403 529 2467 ad
553 2403 745 2489 patientiam
770 2401 889 2466 laboris
918 2407 1065 2486 tempore
1095 2401 1169 2480 otii,
1201 2403 1391 2466 necessitati
1419 2409 1455 2466 ιιι
1482 2402 1665 2482 sufficeret,
1696 2425 1814 2491 eorpus
1844 2405 1979 2491 aptavit.
2030 2418 2054 2457 ιι

324 2506 386 2571 hoo
414 2507 477 2571 sibi
501 2505 630 2572 vivendi
661 2505 898 2591 pragmaticum
923 2504 976 2568 vel
1007 2503 1201 2590 disciplinae
1228 2505 1350 2590 dogma
1372 2506 1542 2591 proposuit
1564 2505 1742 2591 adgressus
1766 2514 1817 2573 est
1839 2507 1983 2573 servavit

324 2611 470 2697 inplevit.

270 2707 306 2765 5¹
432 2714 510 2778 Mox
534 2735 611 2778 vero
634 2735 694 2800 per
716 2713 904 2776 universum
929 2710 1085 2775 mundum
1109 2718 1257 2776 sanctam
1281 2712 1369 2777 illius
1393 2714 1676 2779 conversationem
1703 2715 1774 2791 illa,
1798 2715 1982 2798 quaelicet

322 2819 354 2881 in
377 2819 529 2903 gloriosis
553 2819 681 2883 actibus
706 2816 829 2880 tardior
853 2837 928 2880 esse
954 2815 1054 2893 solet,
1087 2814 1175 2879 lama
1198 2836 1263 2879 non
1286 2817 1402 2887 tacuit,
1432 2815 1490 2880 sed
1513 2817 1555 2881 ad
1579 2839 1675 2882 aures
1698 2818 1898 2897 Ricemeris,
1925 2820 1979 2903 qui

321 2928 398 2986 tunc
422 2921 574 2986 secundis
598 2921 639 2985 ab
663 2920 839 2984 Anthemio
869 2919 1017 3006 principe
1048 2919 1184 2982 babonis
1214 2920 1450 3005 rempublicam
1480 2921 1700 3004 gubernabat,
1733 2921 1861 2986 detulit.
1905 2943 1980 2986 nam
2031 2938 2055 2975 τι

323 3025 521 3111 imperatore
550 3024 675 3090 Romae
708 3025 815 3110 posito
845 3022 1055 3087 seminarium
1087 3022 1172 3086 inter
1203 3044 1261 3087 eos
1293 3024 1370 3088 iecit
1401 3022 1547 3088 scandali
1575 3024 1633 3089 illa
1662 3046 1747 3109 quae
1773 3024 1982 3089 dominantes

271 3124 312 3184 52
325 3136 511 3214 sequestrat
535 3127 658 3192 invidia
680 3135 714 3192 et
736 3149 797 3212 par
818 3126 961 3211 dignitas
986 3148 1087 3190 eausa
1109 3126 1303 3191 discordiae.
1343 3134 1532 3192 surrexerat
1548 3128 1634 3192 enirn
1651 3136 1741 3193 tanta
1757 3128 1867 3193 rabies
1883 3134 1981 3212 atque

324 3233 497 3313 dissensio,
521 3241 557 3297 ut
573 3240 686 3297 mutuo
704 3232 792 3296 bella
807 3237 1052 3317 praepararent,
1074 3237 1107 3294 ct
1123 3239 1353 3316 praeterquam
1371 3231 1463 3316 origo
1481 3231 1599 3296 irarum
1616 3232 1764 3317 proprios
1780 3230 1982 3316 suggerebat
1995 3252 2016 3295 r·
2028 3244 2065 3283 ³¹³

307 3338 486 3431 stimulos,
510 3337 549 3401 lis
573 3338 645 3421 ipsa
669 3336 946 3400 circumstantium
972 3334 1109 3398 consilio
1126 3334 1318 3399 nutribatur.
1357 3335 1494 3399 nutabat
1510 3342 1615 3401 status
1631 3335 1848 3421 periclitantis
1864 3335 1982 3399 Italiae

271 3434 312 3495 53
325 3447 359 3506 et
381 3440 600 3526 adfligebatur
623 3440 704 3526 ipsis
727 3438 967 3503 discriminibus
990 3438 1133 3522 gravius,
1158 3437 1234 3502 dum
1258 3439 1459 3524 expectabat
1481 3439 1592 3503 futura
1614 3439 1813 3506 discrimina.
1856 3440 1982 3504 interea
2033 3452 2058 3491 ³·

324 3543 410 3629 apud
433 3542 640 3608 Riccmercm
671 3542 845 3628 patricium
869 3540 1048 3606 Mediolani
1077 3563 1117 3607 ea
1146 3548 1344 3628 tempestate
1369 3543 1571 3607 residentem
1594 3543 1629 3607 lit
1653 3543 1802 3608 collectio
1824 3542 1983 3627 Ligurum

323 3646 517 3725 nobilitatis,
552 3648 608 3732 qui
630 3647 724 3712 flexis
755 3646 896 3732 genibus
927 3646 1062 3730 soloque
1094 3646 1247 3730 prostrati
1276 3666 1392 3731 pacem
1422 3646 1561 3710 orabant
1584 3647 1767 3733 principum
1796 3653 1845 3725 et,
1877 3653 1914 3711 ut
1941 3646 1984 3712 ab

323 3750 477 3815 seandalo
506 3756 666 3835 utraeque
696 3756 808 3835 partes
838 3749 1043 3827 desinerent,
1077 3748 1268 3812 occasiones
1298 3749 1423 3833 gratiae
1451 3748 1493 3812 ab
1523 3770 1589 3814 una
1618 3750 1840 3835 precabantur
1862 3750 1984 3816 offerri.

325 3855 403 3940 quid
426 3856 522 3940 plura
552 3862 745 3919 contexam?
791 3855 954 3917 mulcetur
976 3850 1130 3916 Riccmer
1157 3858 1191 3915 ct
1213 3852 1299 3915 velle
1329 3872 1365 3916 se
1393 3873 1548 3936 reparare
1580 3851 1786 3917 concordiam
1816 3861 1985 3939 permotus

325 3958 500 4022 multorum
524 3959 656 4023 fletibus
681 3959 864 4044 pollicetur.
902 3953 972 4019 ‘scd
987 3952 1052 4039 qui’
1074 3955 1121 4019 ait
1138 3956 1353 4040 ‘potissimum
1372 3953 1467 4019 buius
1483 3956 1659 4040 legationis
1674 3955 1800 4042 pondus
1817 3957 1983 4043 excipiet?
2048 3968 2058 3999 ἰ

325 4082 422 4146 quem
452 4069 563 4126 tantae
586 4062 682 4125 molis
706 4081 784 4124 cura
806 4064 957 4124 maneat?
1003 4058 1074 4142 quis
1098 4059 1226 4142 estqui
1250 4057 1401 4122 Galatam
1426 4060 1984 4144 concitatumrevocarepossitet

326 4165 528 4251 principem?
574 4185 649 4228 nam
678 4186 819 4250 semper,
851 4185 923 4228 cum
954 4169 1097 4247 rogatur,
1129 4170 1289 4248 exuperat
1316 4163 1371 4247 qui
1400 4163 1482 4228 iram
1510 4166 1651 4229 naturali
1673 4163 1899 4231 moderatione
1919 4186 1983 4231 non

593 4317 597 4321 .
612 4316 644 4323 -—

432 4421 443 4472 1
464 4425 575 4491 aperires
588 4423 621 4487 B,
638 4424 744 4490 operiris
756 4424 779 4486 b,
798 4424 917 4490 reperiris
928 4422 999 4474 Bell.
1109 4421 1126 4474 2
1145 4440 1250 4474 munere
1268 4422 1383 4474 omnesb
1493 4421 1510 4474 3
1527 4423 1633 4476 evitastis
1645 4423 1671 4474 B
1773 4422 1791 4477 4
1808 4424 1948 4477 labendum
1960 4424 1985 4475 Β

327 4508 344 4558 a
366 4510 474 4560 sentiam
498 4526 554 4575 sap.
573 4510 617 4560 lia.
642 4518 686 4561 ten
700 4510 725 4561 B
821 4510 1058 4577 superuenientium
1077 4510 1112 4560 t'b
1251 4504 1393 4560 'lnebules
1414 4509 1455 4559 Va
1551 4510 1663 4562 difiniuir
1677 4509 1768 4575 BVL,
1793 4511 1916 4563 diffiniuit
1936 4512 1984 4564 rel.

327 4611 467 4660 numquam
485 4595 509 4644 V
613 4592 631 4645 8
648 4592 688 4661 ac]
708 4597 755 4647 hae
768 4595 801 4661 B,
818 4596 956 4647 &leudam
974 4614 1011 4645 cn
1028 4597 1091 4647 haec
1109 4595 1287 4647 rotherdum?
1355 4597 1498 4648 adferretnr
1516 4596 1612 4648 Hartel
1680 4598 1747 4650 diem
1760 4598 1786 4648 Β
1854 4596 1985 4666 placireB

328 4680 344 4730 9
363 4679 529 4747 serculorum]
551 4683 667 4734 ciborum
681 4683 739 4734 cPs
856 4681 889 4733 10
906 4684 975 4749 quod
992 4701 1040 4735 om.
1055 4684 1090 4734 Cb
1204 4681 1236 4732 lli
1253 4681 1370 4750 pressitB
1444 4682 1707 4746 consummationeV,
1729 4685 1923 4737 consonatione
1936 4682 1985 4734 BL

331 4763 361 4818 l'l
378 4766 530 4819 umoremB
600 4769 748 4836 depingeret
766 4768 877 4834 (denqv.
891 4770 948 4833 lia.)
965 4769 989 4817 V
1089 4767 1123 4820 18
1140 4770 1347 4821 intercessionem
1363 4768 1404 4818 Va
1513 4766 1545 4818 19
1563 4770 1746 4836 negligentiam
1759 4770 1784 4820 B
1886 4768 1923 4821 20
1940 4771 1985 4821 otii

327 4862 358 4905 nt
384 4854 528 4905 necessitati
554 4862 584 4905 ut
601 4854 638 4917 B,
668 4856 713 4906 otii
737 4864 766 4906 ut
792 4872 849 4906 noc.
867 4855 936 4906 Bell.
1091 4852 1125 4905 28
1150 4857 1263 4922 proprios
1281 4852 1358 4917 Bw,
1384 4855 1485 4922 proprie
1507 4856 1582 4906 celeri
1728 4854 1763 4908 ‘29
1790 4853 1856 4923 ipsa]
1883 4857 1931 4907 ista
1950 4854 1985 4907 Ob

328 4940 474 4991 nutribatur
492 4939 529 5004 B,
551 4941 712 4991 rrutriebatur
729 4941 804 4992 ceteri
916 4938 952 4992 30
969 4942 1133 5008 adfligibatur
1151 4941 1176 4991 B
1288 4938 1322 4991 33
1340 4938 1475 5007 utraeque]
1493 4941 1577 5006 ntieq;
1595 4942 1621 4993 B
1733 4939 1768 4993 34
1786 4942 1893 4993 recimer
1909 4940 1985 4991 Bl'L

328 5034 456 5094 repererat
473 5024 514 5077 B!
653 5023 687 5076 35
709 5027 767 5092 quis
786 5026 874 5079 Schou
892 5035 915 5079 ct
933 5026 1011 5079 Sirm.
1151 5024 1185 5078 36
1206 5028 1317 5094 galatam
1335 5026 1373 5091 B,
1394 5027 1523 5094 galatham
1541 5027 1617 5079 ceteri
1753 5025 1788 5080 3'l
1811 5034 1936 5095 οιιιροιιι
1953 5026 1986 5083 Β.

329 5114 453 5165 exuberat
470 5113 545 5165 ceteri

432 5316 467 5369 24
486 5315 566 5370 Paul.
579 5317 637 5371 tm.
652 5316 683 5371 X
689 5316 740 5371 Vt
758 5316 884 5386 (Drops.,·
900 5316 958 5370 hist.
976 5315 1048 5371 onae.
1062 5315 1143 5370 XVI
1152 5325 1169 5370 4
1187 5316 1343 5386 Eysaerlw
1365 5317 1418 5372 boc
1435 5316 1557 5385 denique
1575 5316 1636 5386 ipso
1654 5316 1684 5370 in
1702 5320 1828 5387 tempore
1846 5316 1916 5387 [ea.
1933 5334 1986 5387 que

330 5402 421 5469 Assar
438 5401 588 5467 masadan
605 5408 641 5457 est
658 5403 675 5457 i.
688 5420 709 5457 c.
727 5419 801 5455 anno
815 5402 880 5473 471]
899 5401 974 5456 inter
985 5402 1167 5456 Anthemium
1186 5402 1341 5472 principem
1361 5402 1476 5473 eiusque
1493 5418 1627 5472 generum
1639 5402 1809 5458 Ricimerem
1827 5403 1987 5474 patricium,

330 5486 379 5554 qui
401 5488 469 5540 tunc
487 5487 640 5542 Mediolani
663 5487 769 5557 positus
792 5490 922 5556 praeerat
940 5488 1084 5559 Liguriae,
1108 5506 1227 5557 magnas
1249 5488 1450 5543 discordiarum
1472 5489 1559 5543 fornes
1577 5490 1690 5544 exortus
1708 5492 1759 5553 est,
1776 5488 1881 5559 quibus
1896 5506 1928 5545 se
1944 5488 1988 5545 vir

331 5572 484 5627 sanctitate
499 5574 664 5649 conspicuus
676 5573 851 5647 Epiphanius
863 5573 1019 5633 Tic-inensis
1033 5574 1179 5646 episcopus
1192 5574 1374 5648 interponens
1385 5591 1432 5629 cos
1449 5572 1570 5647 primum
1588 5572 1625 5627 ad
1643 5574 1819 5631 concordiam
1836 5573 1987 5635 revocavit.
