4500 6232
676 304 888 364 maiarum
906 304 1030 375 (aaran
1047 306 1073 369 s,
1090 306 1136 371 au
1155 334 1187 345 -
1206 304 1297 363 ccxc
1314 305 1438 376 (ausc.
1455 309 1481 372 ο,
1498 308 1553 376 aa).

846 600 1125 671 cclxxxvlll
1149 603 1258 688 (rerer.
1275 607 1306 684 6,
1323 606 1388 688 21).

882 797 1119 873 ENNODIVS
1146 797 1347 873 FAVSTO.

393 942 439 1037 In
469 975 640 1039 occasione
670 975 762 1060 rapui
792 973 970 1039 solvendae
999 974 1192 1039 humilitatis
1219 997 1392 1062 personam
1420 974 1594 1041 domestici
1624 977 1807 1062 perlatoris.
1852 977 1969 1042 desi-l

289 1074 387 1139 deriis
411 1077 493 1140 meis
517 1077 682 1155 militavit,
707 1076 792 1162 quod
816 1077 847 1141 in
872 1076 1007 1142 aliorum
1030 1077 1235 1163 negotiorum
1259 1076 1407 1142 efficacia
1429 1080 1631 1164 providistis.
1675 1082 1797 1160 fateor,
1825 1080 1940 1145 durum

289 1177 413 1240 credidi
429 1178 564 1243 vicinior
580 1181 706 1244 litteras
724 1178 900 1265 denegare,
923 1181 979 1266 qui
1003 1201 1179 1267 numquam
1201 1182 1292 1268 potui
1308 1183 1341 1246 in
1357 1183 1535 1271 longinquo
1559 1187 1753 1251 constitutus
1776 1186 1940 1253 abstinere

223 1307 234 1343 ,ι
289 1280 482 1366 conloquiis.
538 1283 627 1347 visus
663 1284 749 1348 enim
784 1283 862 1348 mihi
897 1306 968 1348 sum
1002 1285 1249 1350 Rauennatibus
1283 1293 1463 1372 occupatus
1498 1289 1648 1353 excubiis
1681 1290 1940 1375 magnitudinem

287 1390 430 1447 vestram
454 1385 594 1470 quedam
618 1388 737 1451 mentis
761 1386 899 1453 dextera
922 1389 1111 1474 contigisse.
1157 1388 1277 1453 idcirco
1302 1389 1343 1454 ad
1371 1391 1520 1457 levamen
1544 1393 1699 1458 desiderii
1722 1394 1843 1479 scripta
1864 1416 1938 1480 pro·

287 1487 411 1569 rogavi,
435 1494 471 1551 ut
494 1487 579 1573 quod
598 1489 678 1552 vivis
700 1489 956 1555 subtrahebatur
971 1492 1134 1572 affatibus,
1158 1493 1298 1557 lectione
1315 1514 1500 1579 pensarem.
1535 1517 1614 1581 ergo
1631 1496 1789 1562 honorem
1805 1497 1972 1561 salutati2

287 1588 447 1653 exhibens
464 1613 554 1676 rogo,
578 1599 613 1656 ut
629 1613 681 1656 me
698 1592 892 1673 huiusmodi,
916 1595 1066 1678 quotiens
1082 1596 1285 1680 oportunitas
1302 1597 1432 1681 ingesta
1448 1597 1557 1679 fuerit,
1581 1598 1732 1665 remediis
1749 1599 1938 1670 sublevetis.

286 1693 461 1778 inquibus
491 1695 641 1763 absentia
672 1698 802 1763 unicum
838 1698 938 1763 habet
968 1699 1079 1763 divina
1110 1699 1296 1785 provisione
1326 1700 1518 1766 subsidium.
1571 1702 1751 1786 agnovistis
1781 1723 1865 1787 quac
1896 1704 1939 1767 sit

289 1800 413 1863 curatio
438 1800 610 1865 allectione
635 1802 818 1888 languenti:
843 1808 989 1866 vestrum
1013 1807 1063 1867 est
1086 1802 1260 1867 medellam
1284 1805 1391 1889 aegris
1415 1805 1533 1869 animis
1557 1827 1619 1869 non
1644 1826 1775 1892 negare.

862 2090 1103 2160 ccuxxlx
1126 2095 1235 2180 (srrsr.
1252 2100 1282 2170 6,
1300 2097 1365 2181 22).

862 2288 1100 2364 ENNODIVS
1126 2289 1375 2366 EVGENETI.

394 2437 591 2551 Diligentia
615 2473 665 2530 est
687 2466 915 2552 multiplicium
939 2487 1040 2532 causa
1061 2467 1267 2554 paginarum.
1305 2470 1511 2535 reverentiae
1529 2476 1661 2535 vostrae
1679 2469 1829 2549 debetur,
1853 2469 1939 2554 quod

287 2571 328 2635 ab
353 2569 527 2655 scriptione
550 2589 615 2632 non
640 2575 797 2655 tempero.
836 2571 931 2634 testis
954 2570 1064 2655 gaudii
1088 2591 1152 2635 vox
1176 2591 1241 2636 non
1265 2571 1389 2658 patitur
1410 2571 1587 2651 defectum,
1611 2573 1689 2658 quia
1711 2578 1831 2637 statum
1855 2573 1938 2637 vali-

287 2671 408 2738 tudinis
433 2678 561 2737 vestrae
586 2671 691 2736 laetus
715 2672 844 2759 excepi.
880 2672 1001 2739 valete.

925 2961 1037 3032 00Χο
1059 2964 1170 3051 (asur.
1185 2970 1216 3047 a,
1234 2966 1300 3051 23).

852 3160 1088 3235 ENNODlVS
1113 3159 1371 3235 PARTENIO.

395 3308 481 3402 Deo
497 3337 631 3423 auspice
647 3336 833 3402 dilectionis
853 3342 929 3400 tuae
945 3335 1121 3420 primordia
1138 3337 1379 3404 convalescant.
1413 3337 1499 3401 adsit
1514 3336 1686 3402 desideriis
1701 3336 1937 3417 communibus,
1952 3345 1963 3403 l

287 3464 467 3529 perquem
491 3439 916 3505 viresstudiasortiuntur.
961 3437 1136 3505 declarasti
1167 3447 1199 3506 tc
1229 3441 1413 3527 scriptionis
1441 3439 1514 3505 luco
1545 3440 1659 3505 urbem
1688 3440 1825 3503 amicam
1854 3440 1938 3507 libc-

287 3545 409 3610 ralibus
433 3544 548 3609 studiis
565 3544 628 3608 iam
645 3550 774 3610 tenere:
798 3542 996 3628 praemisisti
1018 3543 1051 3607 iu
1073 3542 1209 3619 loribus,
1232 3543 1320 3629 quod
1341 3564 1441 3608 avara
1463 3550 1636 3629 parentum
1660 3550 1737 3608 rota
1758 3550 1939 3629 superaret.

288 3669 353 3713 non
384 3670 455 3712 snm
486 3648 638 3713 dictionis
669 3655 745 3713 tuae
774 3643 899 3731 rigidus
928 3645 1121 3711 aestimator
1153 3666 1213 3711 nec
1246 3666 1364 3731 respuo
1394 3646 1586 3712 tenuitatem
1616 3646 1856 3732 praesentium,
1888 3646 1939 3712 cui

211 3784 222 3820 ι
288 3760 443 3817 secuturo
466 3752 685 3816 blandiuntur.
731 3751 881 3837 quotiens
904 3751 1092 3816 vomeribus
1121 3758 1240 3816 terram
1267 3752 1453 3828 scribimus,
1482 3753 1610 3817 animus
1632 3750 1673 3817 da
1699 3773 1758 3837 spe
1781 3756 1970 3849 rapturaet

286 3856 390 3941 frugis
414 3856 573 3923 elevatur.
611 3875 740 3942 semper
761 3853 802 3919 de
825 3854 937 3919 herbis
961 3855 1130 3919 aristarum
1153 3854 1283 3920 divitias
1301 3856 1424 3921 amicus
1440 3855 1577 3920 rationis
1597 3854 1774 3941 intellegit:
1798 3853 1938 3940 diligens

288 3959 465 4025 rusticandi
495 3959 602 4024 adhuc
632 3959 664 4023 in
693 3980 772 4024 cano
800 3960 880 4025 flore
903 3981 1074 4046 pomorum
1097 3960 1236 4046 populos
1260 3960 1324 4024 iam
1347 3960 1489 4026 metitur.
1534 3959 1676 4026 facessat
1698 3959 1882 4025 adversitas
1905 3967 1940 4025 et

287 4064 441 4150 quicquid
474 4063 603 4148 pariunt
634 4069 772 4149 peecata
801 4061 961 4129 discedat.
1013 4062 1130 4128 duetus
1159 4063 1240 4128 mihi
1273 4063 1498 4129 oratiunculae
1528 4071 1604 4128 tuae
1635 4064 1698 4129 etsi
1730 4063 1939 4148 eloquentiae

288 4168 393 4233 nitore
416 4188 481 4232 non
505 4167 663 4249 subsistit,
687 4167 829 4233 Latiaris
852 4174 962 4233 tamen
986 4188 1090 4233 venae
1115 4187 1233 4254 sapore
1256 4165 1405 4231 radiavit.
1446 4167 1542 4232 fluxit
1565 4187 1673 4232 sermo
1696 4187 1761 4231 non
1784 4166 1939 4247 absonus,

211 4300 216 4313 ·
288 4271 440 4338 lectionis
479 4278 588 4336 tamen
626 4271 741 4358 opibus
778 4270 993 4359 ampliandus.
1059 4268 1119 4336 sed
1157 4269 1236 4356 quid
1274 4290 1336 4355 ego
1374 4275 1448 4356 post
1484 4275 1611 4334 tantum
1651 4269 1808 4350 iudicem,
1846 4268 1971 4335 euius3

288 4375 421 4439 auribus
448 4375 556 4459 operis
585 4375 632 4438 tui
659 4375 942 4441 concinnationem
969 4373 1102 4461 placore
1130 4372 1282 4459 signasti,
1314 4372 1407 4459 quasi
1434 4379 1509 4459 post
1537 4374 1646 4440 olores
1670 4395 1769 4440 anser
1791 4364 2077 4469 strepuirl'gqffl

288 4478 334 4543 illi
358 4478 553 4564 quicumque
576 4478 714 4563 placuit,
746 4499 885 4544 examen
913 4499 1048 4543 securus
1077 4475 1275 4563 ingreditur;
1307 4475 1460 4541 facundia
1487 4477 1528 4542 ab
1552 4476 1608 4542 illo
1632 4476 1821 4563 praedicata
1843 4498 1938 4564 prac-

288 4581 376 4646 valet
398 4582 543 4645 levorem
567 4582 664 4646 etiam
686 4580 728 4645 ab
752 4581 892 4647 inimicis
915 4583 1058 4668 exigere.
1103 4579 1215 4645 labora
1243 4601 1335 4666 ergo,
1368 4586 1404 4644 ut
1430 4579 1510 4644 lelix
1538 4579 1622 4646 bene
1652 4587 1771 4667 coepta
1799 4586 1938 4647 eventus

288 4685 440 4756 extollat,
474 4684 684 4749 honestorum
717 4690 750 4749 te
780 4684 946 4770 obsequiis
975 4684 1197 4752 indesinenter
1226 4681 1383 4815 inpenqle:
1419 4704 1476 4748 eos
1503 4683 1559 4769 qui
1590 4683 1754 4749 consortio
1785 4683 1847 4769 (se)
1877 4703 1937 4749 suo

288 4817 452 4825 ——--.-—..

391 4887 614 4960 [CCLXXXVlll]
641 4890 659 4942 3
677 4892 905 4958 militavitseripsi,
922 4892 1115 4945 mirabiliori
1207 4889 1417 4958 beolloquiisV
1463 4898 1603 4958 occupatus
1620 4890 1737 4943 excubiis
1748 4891 1782 4955 B,
1799 4898 1939 4958 occupatus

287 4981 378 5031 studiis
396 4978 533 5045 (superam.
546 4976 672 5043 excubiis)
690 4977 717 5042 V,
734 4986 874 5046 occupatus
891 4979 1008 5031 excubiis
1024 4980 1115 5031 smdiis
1127 4977 1161 5043 L,
1178 4978 1294 5031 excubiis
1311 4983 1452 5044 occupatus
1468 4976 1493 5027 Τ
1579 4974 1596 5028 6
1614 4977 1709 5028 scribta
1719 4974 1746 5027 Β
1836 4972 1852 5027 7
1870 4976 1939 5027 uinis

287 5063 366 5129 (aidis
379 5064 432 5129 Βῦ)
447 5065 478 5128 Β,
495 5064 551 5116 uini
568 5062 613 5114 Vb
716 5061 733 5115 8
749 5063 859 5115 sublatis
869 5062 895 5114 B
999 5062 1033 5115 10
1049 5065 1174 5118 medelam
1186 5063 1211 5114 V
1275 5065 1377 5115 animus
1390 5061 1415 5113 Β
1484 5080 1598 5131 negare·
1610 5062 1636 5113 Β

393 5164 590 5234 [CCLXXXLX]
629 5162 661 5216 13
677 5166 711 5216 ab
728 5166 866 5218 scribtione
878 5165 911 5230 B,
929 5184 945 5218 a
961 5166 1099 5234 scriptione
1115 5167 1193 5219 ceteri
1261 5184 1312 5218 non
1330 5167 1428 5234 patitur
1444 5184 1497 5218 uox
1508 5165 1534 5217 B
1639 5163 1673 5217 14
1689 5166 1775 5218 aelate
1791 5182 1840 5216 om.
1854 5164 1880 5215 Β

391 5268 502 5336 [CC-XC]
532 5267 565 5320 15
581 5267 725 5336 partinioB
812 5265 844 5320 17
856 5269 1001 5322 scribtionis
1011 5269 1037 5320 B
1123 5267 1157 5321 18
1174 5268 1373 5338 praemissistiB
1458 5267 1494 5322 20
1510 5268 1686 5322 scribemusB
1771 5265 1805 5320 21
1823 5266 1938 5335 rationis]

288 5358 393 5409 ssfiords
405 5356 500 5420 Sabou,
517 5356 639 5407 arationis
652 5354 755 5417 sarar,
772 5355 911 5407 mirationis
928 5357 981 5423 ipse
998 5357 1156 5409 conieceram
1267 5354 1302 5407 22
1319 5357 1463 5424 mstigsndi
1475 5355 1501 5407 Β
1575 5356 1686 5423 populos
1704 5353 1792 5407 Sabou
1808 5363 1832 5407 et
1850 5353 1940 5420 sim,

288 5444 400 5510 populus
417 5443 515 5494 codices
652 5437 688 5490 23
710 5440 921 5508 οἰιοΙοιιιιοιιιίιο
942 5439 978 5506 (el
994 5441 1023 5492 ia
1035 5439 1083 5505 lit)
1095 5440 1122 5492 Β
1259 5438 1294 5493 24
1316 5441 1453 5506 sermo,',¹l,·','l
1469 5442 1514 5494 sed
1532 5442 1593 5509 quid
1606 5437 1658 5504 3¹,
1681 5458 1733 5493 non
1756 5441 1869 5493 absonam
1887 5480 1893 5494 .
1910 5479 1938 5496 ..

287 5530 450 5597 ampliandus
472 5528 556 5594 mappa
579 5527 607 5577 s'a
629 5543 678 5593 mg.
702 5527 750 5593 ias.
765 5524 808 5577 Β2
944 5524 980 5579 26
1002 5527 1224 5580 concinnationem
1249 5528 1333 5595 operis
1356 5528 1395 5579 tui
1414 5526 1490 5579 VLT
1588 5527 1724 5595 resignasti
1748 5544 1826 5594 prop.
1843 5526 1941 5580 Has-tel

287 5614 322 5670 28
340 5616 454 5667 laborem
466 5614 492 5665 Β
560 5629 609 5682 ego
621 5610 701 5665 Sirm·
803 5608 839 5664 29
855 5611 1073 5683 inpendellleosB
1140 5628 1169 5665 se
1186 5630 1235 5666 osv.
1247 5612 1298 5678 ab,
1314 5620 1340 5665 te
1351 5611 1448 5666 ramat

391 5707 529 5766 annosos.
1698 5702 1734 5759 29
