4500 6232
323 255 385 320 218
736 250 868 307 CCLXXI
886 250 1010 318 (EPIST.
1027 253 1053 315 6,
1071 253 1099 319 6)
1119 281 1151 291 -
1170 247 1327 307 cccxxiv
1346 248 1468 317 (EPIS'P.
1486 251 1512 313 6,
1528 249 1565 316 9).

324 448 405 491 sum.
453 427 494 490 de
522 427 670 513 utrisque
703 426 789 490 enim
821 425 971 511 epistulis
1003 447 1069 490 una
1103 424 1295 510 obsequitur
1323 422 1450 502 debito,
1486 425 1592 487 altera
1621 429 1807 509 praestatur
1834 421 1985 488 aflectui.

323 530 457 611 credite,
480 530 572 595 nefas
594 529 707 617 putavi
732 550 797 594 non
821 551 894 595 cunr
918 530 1032 595 fenore
1057 550 1116 594 suo
1140 528 1314 593 restituere
1338 526 1424 611 quod
1447 547 1540 591 mens
1565 526 1760 592 venerabilis
1783 527 1888 615 prima
1902 547 1984 592 eon·

292 634 454 698 ttulerat.
501 633 649 698 dulciora
672 639 748 699 sunt
770 639 847 699 ante
871 634 1060 717 exemplum
1083 632 1168 696 bona
1190 631 1398 715 diligentiae,
1430 650 1490 694 nee
1513 635 1640 695 tantum
1662 630 1764 695 habet
1784 631 1901 695 virium
1925 635 1986 694 aut

324 736 412 820 genii
436 737 493 822 qui
515 737 731 802 amicitiarum
754 737 871 801 callem
895 735 1057 801 secundus
1082 734 1273 819 ingreditur.
1319 739 1514 797 summatem
1538 733 1601 798 sibi
1623 735 1760 819 gratiam
1784 754 1849 799 non
1871 739 1986 820 potest

326 839 501 919 vindicare,
525 840 577 904 oui
600 839 632 903 in
657 861 768 903 amore
792 839 897 903 forma
919 845 1115 924 praestatur.
1154 836 1365 923 inpudentiae
1382 845 1511 902 estnon
1528 836 1726 922 respondere
1744 837 1884 917 caritati,
1908 857 1985 902 eum

294 943 516 1007 3manifestet
539 965 591 1007 res
616 944 701 1008 bene
726 949 798 1007 orta
820 944 983 1008 virtutem.
1023 941 1105 1006 haec
1129 942 1161 1006 in
1185 939 1397 1006 festinatione
1422 941 1594 1026 perlatoris
1618 942 1706 1006 celer
1729 940 1860 1027 seripsi3
1884 939 1985 1005 latius

325 1046 462 1132 posthac
492 1047 593 1111 verba
624 1046 802 1110 diffundam
837 1067 897 1110 nec
926 1045 1065 1110 maciem
1094 1045 1217 1131 ingenii
1245 1045 1325 1123 mei,
1361 1043 1437 1107 dum
1467 1045 1586 1130 merita
1612 1050 1722 1109 vestra
1753 1043 1985 1130 respiciuntur,

325 1151 497 1236 aspiciam,
528 1150 553 1214 si
584 1158 694 1215 tamen
724 1149 896 1215 desideriis
924 1150 1004 1213 meis
1034 1150 1228 1214 tabellarum
1258 1149 1476 1233 frequentiam
1506 1146 1730 1212 commodetis.
1774 1147 1905 1211 dominc
1928 1146 1986 1225 mi,

327 1254 531 1319 salutationis
554 1254 740 1318 uberrimae
763 1252 898 1318 servitia
921 1252 1110 1339 dependens
1134 1275 1267 1339 quaeso,
1292 1261 1328 1317 ut
1344 1253 1534 1316 memoriam
1550 1251 1769 1337 proximitatis
1785 1271 1843 1314 vos
1859 1249 1985 1315 babere

326 1359 493 1443 resignent
516 1359 723 1444 promulgata
746 1357 816 1422 sine
839 1357 1080 1421 intermissione
1105 1355 1289 1442 conloquia.

943 1645 1135 1716 CCLXXII
1158 1649 1268 1734 (acrsr.
1285 1655 1315 1728 o,
1334 1648 1377 1728 7).

925 1843 1163 1918 ENNODIVS
1191 1842 1382 1917 AVlENO.

300 1999 310 2058 ¹
435 1988 516 2079 Diu
540 2017 699 2102 estquod
725 2016 895 2081 desideriis
920 2015 1091 2081 voracibus
1116 2037 1296 2100 suspensus
1321 2017 1392 2080 solo
1416 2017 1597 2081 litterarum
1622 2039 1740 2102 pascor
1762 2019 1882 2091 officim
1907 2018 1985 2083 dum

327 2121 412 2185 enim
438 2119 694 2205 magnitudinem
720 2128 859 2184 vestram
889 2121 1047 2205 alloquor,
1077 2119 1186 2184 votivo
1210 2141 1262 2184 me
1286 2121 1425 2185 aestimo
1449 2141 1513 2183 non
1537 2119 1654 2184 deesse
1679 2122 1881 2206 conspectui.
1926 2121 1987 2186 sed

327 2224 480 2289 remediis
511 2224 578 2287 suis
610 2227 737 2288 animus
769 2225 933 2310 aegrescit
964 2223 1100 2297 adflicta
1133 2231 1167 2287 ct
1194 2222 1279 2307 quod
1310 2223 1502 2307 diligentiae
1532 2224 1686 2309 pabulum
1718 2224 1891 2305 invenitur,
1922 2225 1987 2290 boc

327 2328 431 2412 magis
455 2334 600 2391 macerat
624 2326 664 2391 de
688 2327 809 2391 amoris
839 2328 933 2412 fruge
962 2328 1117 2391 ieiunum.
1164 2348 1255 2402 vere,
1286 2326 1419 2401 domne,
1450 2327 1497 2390 sic
1521 2348 1596 2406 vos,
1627 2327 1750 2391 lumina
1780 2350 1869 2408 mea,
1903 2326 1987 2393 deus
2058 2380 2063 2391 .

329 2437 440 2495 servet
456 2430 648 2509 incolumes,
672 2431 747 2515 quia
768 2431 794 2493 si
811 2438 868 2494 aut
884 2430 969 2495 vires
987 2429 1131 2516 eorporis
1147 2429 1212 2493 mei
1229 2429 1383 2493 sivissent
1398 2436 1455 2494 aut
1471 2430 1638 2495 festinatio
1653 2430 1773 2510 domni,
1796 2428 1989 2496 &vennam

298 2530 407 2597 atatis
431 2532 623 2597 intentionis
647 2554 741 2597 meae
766 2533 890 2598 viribus
914 2534 1126 2619 expetissem.
1171 2532 1230 2597 sed
1254 2533 1280 2595 si
1304 2532 1385 2597 deus
1410 2534 1560 2612 volucrit,
1588 2536 1680 2598 salva
1702 2534 1769 2598 vita
1790 2533 1900 2599 domni
1922 2534 1989 2597 mei

329 2638 431 2723 patris
455 2638 556 2702 vestri
584 2644 618 2701 et
646 2636 786 2702 domnae
816 2637 929 2700 matris
960 2642 1036 2722 post
1057 2636 1180 2721 pascha
1204 2658 1277 2700 cum
1302 2635 1463 2701 adiutorio
1489 2658 1631 2723 superno
1655 2637 1802 2715 veniam,
1832 2642 1869 2700 ut
1892 2635 1989 2699 vobis

330 2741 406 2804 visis
434 2739 476 2804 ad
506 2761 597 2824 spem
621 2740 709 2805 vitae
737 2741 949 2805 revalescam.
994 2740 1122 2804 domine
1146 2741 1205 2819 mi,
1238 2741 1468 2805 salutationem
1504 2740 1702 2806 uberrimam
1725 2741 1835 2805 dicens
1859 2760 1988 2826 precor,

330 2853 366 2909 ut
389 2864 502 2908 omnes
526 2850 658 2908 sanctos
682 2864 774 2908 orare
798 2864 856 2929 pro
881 2865 933 2908 me
957 2843 1191 2907 instantissime
1215 2845 1406 2928 procuretis.

931 3129 1145 3200 coexxm
1169 3134 1276 3213 (sarar.
1295 3140 1325 3216 6,
1343 3135 1388 3220 8).

917 3327 1154 3402 ENNODlVS
1181 3330 1400 3405 SENARIO.

302 3478 313 3537 ¹
439 3472 612 3583 Quamvis
635 3524 693 3588 pro
717 3503 863 3589 pcccatis
886 3504 969 3568 meis
993 3504 1091 3567 etiam
1114 3503 1296 3569 litterarum
1319 3513 1499 3570 vestrarum
1523 3510 1645 3573 solacia
1668 3511 1899 3589 subducantur,
1924 3533 1988 3597 ego

277 3689 281 3695 Ι
329 3616 440 3672 tamen
464 3629 589 3672 memor
612 3607 726 3686 debiti,
751 3629 814 3692 quo
839 3629 890 3672 me
915 3629 974 3692 per
995 3606 1135 3692 gratiam
1152 3615 1294 3672 vestram
1318 3616 1354 3671 ut
1376 3608 1429 3673 dei
1454 3632 1614 3676 memores
1637 3614 1819 3698 obligastis,
1842 3614 1988 3679 scribere

331 3733 394 3775 non
419 3711 543 3791 omitto,
573 3732 721 3797 sperans,
751 3710 869 3774 domne
894 3709 1020 3791 Seueri,
1044 3715 1080 3774 ut
1103 3708 1210 3790 deum,
1234 3732 1329 3795 quem
1354 3713 1387 3774 in
1410 3735 1462 3777 me
1486 3714 1648 3798 cogitasti,
1673 3739 1804 3804 semper
1827 3716 1988 3783 adtendas

300 3814 366 3880 tet
389 3815 580 3900 frequenter
602 3813 681 3877 mihi
703 3814 886 3877 litterarum
903 3820 1085 3876 vestrarum
1108 3834 1225 3876 munus
1247 3813 1416 3898 inpertias.
1455 3816 1584 3881 domine
1607 3818 1660 3897 mi,
1683 3819 1789 3882 saluto
1813 3820 1988 3906 plurimum
2043 3839 2065 3878 ε’.

332 3918 518 3982 reverentia
541 3924 699 3980 consueta
722 3924 756 3980 et
779 3916 921 4000 inploro,
953 3924 989 3979 ut
1013 3938 1073 4001 per
1095 3937 1209 3981 omues
1233 3924 1420 3982 sanctorum
1444 3919 1599 3985 basilicas
1622 3942 1680 4007 pro
1705 3922 1890 3988 adflictione
1912 3945 1989 3989 mea

332 4021 429 4087 deum
454 4043 569 4107 rogare
593 4043 657 4085 non
681 4020 821 4085 desinas.

946 4225 1147 4294 octxxlv
1163 4228 1273 4313 (setar.
1287 4234 1317 4309 6,
1331 4229 1376 4315 9).

927 4421 1164 4496 ENNODIVS
1191 4424 1219 4496 F
1221 4423 1392 4498 AVSTO.

305 4576 314 4632 1

444 4565 616 4676 Quamvis
646 4596 687 4661 ad
718 4601 865 4664 tutellam
895 4601 1058 4686 pontificis
1088 4601 1275 4666 innocentia
1303 4603 1401 4666 officii
1434 4605 1504 4668 eius
1528 4626 1638 4668 comes
1662 4603 1801 4669 adsistat
1823 4628 1882 4671 nec
1905 4627 1989 4692 opus

334 4701 376 4764 sit
400 4700 549 4763 humanis
573 4701 706 4767 solaciis
730 4703 772 4781 ei,
802 4705 855 4788 qui
879 4703 1115 4768 humanitatem
1139 4705 1341 4790 professione
1365 4708 1540 4792 superavit,
1565 4709 1627 4772 scit
1649 4715 1759 4774 tamen
1782 4710 1989 4796 omnipotens

438 4912 450 4961 l
471 4911 591 4963 affectui·
607 4910 632 4960 B
755 4909 772 4961 4
790 4919 941 4963 summatem
961 4913 1063 4963 lirratus
1080 4911 1126 4979 (cs.
1140 4933 1169 4980 p.
1191 4918 1245 4976 130,
1263 4914 1314 4979 16),
1331 4917 1478 4967 summatim
1497 4918 1556 4968 libri
1679 4916 1694 4968 7
1712 4915 1830 4986 posthae]
1851 4925 1990 4986 potestne

334 4998 411 5059 (eros.
429 4998 456 5057 b)
475 4997 507 5062 B,
532 4998 652 5064 posthaec
670 4999 745 5049 ceteri
883 4998 900 5050 8
919 4997 963 5066 mi]
982 5001 1044 5050 mibi
1062 4999 1139 5051 BVL
1278 4999 1311 5051 10
1328 5003 1460 5067 resignent
1475 5001 1509 5064 B,
1531 5003 1634 5069 signent
1650 5005 1726 5055 ceteri
1830 5005 1991 5071 promulgata

334 5088 370 5147 (m
390 5084 543 5139 ariditatem)
558 5083 584 5133 B

439 5183 600 5252 [ccaxxu]
639 5184 670 5236 la
687 5186 809 5237 desideria
820 5186 845 5235 B
911 5190 1049 5239 voracibus
1066 5189 1166 5254 scripsi,
1183 5191 1319 5241 ueracibus
1338 5191 1398 5241 libri
1505 5191 1535 5243 13
1553 5211 1592 5244 ma
1610 5194 1717 5244 aestimo
1731 5194 1764 5256 B,
1781 5212 1839 5247 mas
1856 5195 1962 5247 aestimo
1975 5195 1990 5245 b

333 5281 356 5323 ct
373 5290 406 5322 m.
425 5290 475 5323 rec.
494 5272 520 5322 in
533 5272 559 5321 B
667 5270 696 5323 14
715 5273 803 5322 afflicti
820 5271 844 5321 V
946 5272 978 5324 15
995 5275 1121 5325 ieiunium
1134 5273 1189 5325 ΒΤ
1199 5284 1222 5326 et
1239 5275 1317 5326 Sir-m.
1388 5278 1517 5329 douriucb
1586 5281 1624 5331 sic
1642 5277 1697 5346 vos}
1716 5281 1786 5332 siuos
1805 5298 1861 5347 rap.
1875 5281 1919 5332 tiu.
1938 5280 1991 5331 cB

337 5358 368 5409 16
390 5359 522 5410 incolomis
535 5358 560 5408 B
665 5357 697 5409 18
714 5359 833 5410 damulae
845 5359 870 5408 B
976 5358 1008 5410 19
1025 5377 1097 5428 spem
1110 5360 1143 5423 B,
1160 5377 1234 5428 ripam
1253 5363 1327 5413 ceteri
1397 5364 1549 5415 recalescam
1566 5364 1671 5417 ww
1741 5365 1785 5433 mil
1804 5368 1867 5419 mibi
1879 5365 1956 5418 BVL

439 5459 613 5528 [ceuxxffl]
649 5459 881 5528 230bligaras13
983 5460 1019 5513 25
1037 5460 1083 5528 mi]
1103 5464 1164 5514 mibi
1177 5463 1255 5515 BVL
1357 5462 1392 5516 ‘lb
1409 5467 1548 5519 afflictione
1564 5467 1588 5516 V

439 5560 611 5632 [COEXXIV]
646 5564 681 5616 29
699 5565 806 5618 tutelam
822 5564 847 5613 V
912 5565 1046 5635 pontifices
1060 5566 1086 5618 B
1154 5567 1272 5619 eomiaB
1340 5569 1481 5624 ussaw
