4500 6232
561 272 636 326 xxx
655 272 778 339 vurrs'r.
800 275 821 336 1,
840 275 893 341 aa),
913 274 1003 327 xxxv
1022 273 1145 340 (nurse.
1168 275 1187 333 v,
1207 274 1259 340 rr),
1280 273 1382 326 xxxu
1403 273 1525 335 varrsr.
1546 274 1568 335 1,
1586 276 1640 340 mv.
1888 278 1928 338 33

275 452 383 510 sentat
407 446 549 534 speeiem
581 468 645 511 non
676 450 826 517 amantis.
862 457 895 512 et
924 448 1072 513 odiorum
1104 449 1313 513 simulacrum
1348 457 1399 512 est
1435 470 1499 512 non
1532 449 1659 535 aperire
1689 449 1777 533 quod
1811 448 1928 532 diligas

275 549 514 614 contestatione
539 551 707 615 sermonis.
753 552 816 615 ista
839 552 1031 616 sublimitati
1054 562 1130 616 tuac
1154 574 1263 616 eoram
1287 553 1413 637 positus
1436 551 1593 630 intimavi,
1618 572 1691 614 enm
1712 551 1754 615 ad
1771 551 1928 616 solacium

275 650 444 718 absentiae
484 674 577 718 meae
611 655 739 719 litteras
774 657 998 743 promittebas.
1044 664 1077 721 at
1112 679 1197 720 nunc
1231 677 1314 741 quac
1354 657 1496 720 animum
1535 661 1680 719 vestrum
1716 656 1780 719 mei
1814 655 1963 719 iuvasit2

277 755 408 836 oblivio,
432 763 468 820 ut
489 758 596 821 nullas
619 780 679 845 per
701 766 792 823 tanta
816 767 997 847 temporum
1022 762 1136 847 spatia,
1166 782 1249 845 quac
1272 761 1391 824 bonam
1421 758 1631 822 valitudinem
1661 766 1802 822 vestram
1828 759 1928 842 signi-

208 895 213 905 ·
274 859 419 935 licerent,
443 861 569 925 litteras
584 864 821 948 suscepissem?
854 886 895 929 ne
912 864 952 929 dc
970 866 1090 929 amoris
1108 864 1205 928 credo
1224 865 1408 927 testimonio
1427 864 1607 927 animorum
1628 861 1753 925 indices
1770 861 1928 946 epistulas

276 964 493 1028 convenirem.
531 965 756 1049 inreligiosum
779 990 857 1053 ergo
883 969 968 1032 eirca
990 974 1152 1032 amantem
1175 968 1220 1030 tui
1243 969 1274 1030 in
1292 967 1459 1030 meliorem
1474 975 1601 1052 partem
1618 973 1709 1030 verte
1725 965 1928 1052 propositum

277 1073 309 1132 et
335 1067 374 1132 ad
405 1069 597 1133 memoriam
628 1071 807 1154 promissae
836 1071 913 1136 fidei
945 1072 1067 1156 scripta
1103 1071 1296 1134 transmitte.
1341 1069 1471 1133 domine
1499 1070 1553 1147 rui,
1584 1069 1789 1132 salutationis
1819 1067 1961 1133 debita3

277 1170 406 1235 solvens
442 1191 567 1256 precor,
604 1179 641 1236 ut
674 1174 700 1236 si
738 1195 794 1237 vos
829 1175 861 1238 in
895 1176 1048 1259 antiquae
1083 1174 1168 1238 circa
1202 1195 1253 1236 me
1293 1172 1493 1257 dignationis
1528 1177 1616 1235 statu
1652 1172 1775 1257 pagina
1807 1170 1932 1235 directa

278 1274 468 1361 reppererit,
492 1297 649 1361 responsa
673 1283 847 1356 mereatur,
870 1279 944 1363 quia
967 1285 1046 1363 puto
1070 1279 1154 1341 inter
1177 1276 1236 1341 nos
1260 1278 1391 1362 gemina
1411 1277 1540 1340 vincula
1564 1276 1722 1361 disrumpi
1745 1296 1810 1339 non
1833 1297 1930 1361 posse

278 1377 422 1442 caritatis
446 1384 479 1442 et
501 1380 679 1463 sanguinis.

909 1582 1034 1649 XXXI
1059 1586 1168 1668 (evisa.
1198 1583 1311 1668 1,·21).

864 1761 1101 1835 ENNODIVS
1129 1761 1351 1835 ASTVRIO.

389 1884 507 1997 Quae,
538 1920 668 1995 malum,
700 1921 781 1984 ratio
813 1928 873 2001 est,
905 1930 940 1985 ut
969 1923 1015 1984 ita
1045 1923 1089 1985 sis
1120 1942 1237 2007 parcus
1267 1920 1299 1982 in
1328 1920 1443 2004 gratia,
1475 1918 1629 2004 prodigus
1658 1921 1690 1982 in
1722 1919 1866 2003 querella
1897 1922 1959 1983 ctl

279 2021 392 2106 exigas
415 2021 634 2108 frequentiam
657 2024 838 2089 litterarum
863 2047 960 2111 quam
984 2027 1055 2113 ipse
1080 2047 1144 2089 non
1168 2025 1300 2102 tribuis,
1329 2022 1485 2109 viperinis
1510 2023 1613 2087 oculis
1636 2022 1716 2086 illud
1742 2023 1827 2108 quod
1851 2023 1935 2087 alter

278 2121 439 2210 delinquit
468 2127 661 2213 inspiciens,
697 2136 769 2193 tuas
801 2131 914 2216 culpas
945 2130 1035 2194 nulla
1063 2130 1147 2194 falce
1176 2127 1379 2192 resecando?
1426 2127 1503 2189 anni
1535 2127 1647 2211 plures
1678 2135 1766 2206 sunt,
1800 2148 1843 2191 ex
1871 2148 1935 2211 quo

214 2247 226 2285 a
279 2225 421 2313 Alpibus
449 2231 588 2296 vicinam
620 2231 858 2297 habitationem
890 2232 1060 2318 delegisti,
1092 2239 1223 2296 senator
1254 2240 1286 2296 et
1315 2230 1446 2310 doetus,
1483 2229 1537 2294 ubi
1566 2230 1639 2306 tibi,
1676 2229 1751 2294 dum
1780 2231 1936 2316 pruinosa

278 2331 416 2418 respicis
447 2334 539 2420 iuga,
572 2336 723 2423 adparuit
750 2338 954 2423 inauspicata
982 2338 1040 2401 nix
1069 2336 1200 2423 capitis,
1232 2335 1288 2400 ubi
1319 2336 1417 2398 etiam
1440 2333 1559 2419 glande
1588 2343 1621 2398 te
1645 2335 1734 2398 vesci
1759 2334 1934 2420 scriptione

280 2435 424 2520 signasti.
463 2439 555 2504 cuius
572 2441 620 2505 rei
635 2440 732 2505 fidem
748 2441 928 2533 litterarum
946 2448 1074 2505 tuarum
1091 2439 1210 2504 decora
1226 2440 1385 2518 fecerunt,
1411 2459 1483 2502 cum
1508 2438 1573 2502 cibi
1596 2438 1691 2501 huius
1716 2438 1933 2523 significantia

280 2539 312 2602 in
336 2547 430 2605 ructu
453 2542 574 2627 turgidi
597 2545 740 2630 pectoris
765 2551 797 2610 et
820 2545 932 2631 Alpini
961 2545 1121 2609 sermonis
1150 2542 1310 2628 adparuit.
1356 2543 1456 2606 miror
1485 2549 1611 2617 tamen,
1641 2540 1728 2626 quod
1758 2542 1843 2606 inter
1870 2541 1966 2605 lucit

280 2642 367 2708 illius
394 2644 523 2710 frenata
549 2648 655 2731 glacie
679 2649 812 2713 flumina
836 2657 868 2714 et
892 2650 961 2713 sine
986 2648 1194 2712 successione
1217 2647 1320 2731 frigus
1345 2647 1463 2711 iecoris
1487 2646 1534 2711 tui
1557 2646 1687 2710 flamma
1709 2647 1783 2732 plus
1806 2650 1936 2709 aestuat

202 2790 213 2803 .
281 2764 341 2809 nee
364 2746 506 2832 aliquam
530 2751 663 2814 sortitur
684 2758 801 2836 pectus
826 2751 865 2815 de
890 2752 1058 2815 mansione
1083 2751 1285 2836 temperiem.
1330 2756 1423 2814 aetas
1447 2749 1634 2814 deferviscit
1657 2749 1688 2812 in
1721 2749 1861 2815 senium:
1886 2756 1937 2814 est

280 2848 395 2914 domus
419 2871 503 2938 quae
526 2852 643 2938 lymlas
666 2855 699 2918 in
723 2855 856 2919 metalla
879 2861 1048 2919 convertat
1072 2861 1105 2918 et
1122 2861 1235 2918 eontra
1250 2861 1401 2918 naturam
1417 2853 1603 2940 gurgitibus
1621 2874 1680 2917 sua
1696 2854 1770 2939 lege
1788 2853 1935 2918 domine·
1997 2871 2004 2877 ·

280 2961 348 3017 tur:
380 2961 414 3019 tu
437 2962 547 3021 tamen
570 2957 655 3023 inter
678 2958 742 3022 ista
766 2958 812 3022 sic
835 2959 945 3024 vivere
969 2957 1103 3037 diceris,
1134 2958 1227 3044 quasi
1256 2959 1342 3042 ignis
1370 2965 1445 3022 tuus
1474 2959 1595 3042 algoris
1623 2956 1751 3043 pabulis
1776 2957 1936 3022 inritatur.

281 3076 343 3141 ego
375 3065 408 3122 te
438 3079 494 3123 ore
525 3061 670 3146 parentis
703 3062 851 3134 stimulo,
886 3062 963 3147 quia
994 3062 1053 3127 tibi
1083 3068 1116 3126 et
1148 3062 1317 3148 proposito
1346 3084 1419 3126 meo
1450 3083 1564 3126 vocem
1594 3061 1699 3126 debeo
1731 3057 1967 3146 castigantis.3

281 3170 426 3228 vestrum
455 3169 506 3228 est
535 3172 610 3251 post
637 3165 733 3245 haec,
762 3165 790 3230 si
818 3166 938 3250 eligitis
966 3166 1093 3231 litteras
1121 3186 1213 3230 meas
1243 3166 1433 3251 frequenter
1455 3167 1621 3251 accipere,
1649 3164 1689 3229 de
1717 3163 1938 3229 admonitione

203 3287 210 3303 ⁴
282 3267 448 3352 gratulari.
496 3289 557 3353 ego
581 3276 691 3334 antem
714 3276 847 3355 praeter
875 3270 939 3334 ista
967 3291 1040 3333 eum
1068 3269 1192 3334 honore
1226 3269 1359 3333 salutati
1387 3292 1471 3355 quac
1503 3269 1648 3334 seribere
1675 3269 1798 3355 possim
1826 3270 1858 3332 in
1882 3269 1939 3333 illa

283 3371 390 3436 carnis
413 3392 510 3459 quarn
534 3379 570 3437 tu
592 3372 702 3459 diligis
725 3374 838 3438 illuvie
861 3373 1050 3439 viventibus
1074 3394 1137 3438 non
1162 3374 1283 3438 inveni.

899 3661 1047 3729 XXXII
1070 3662 1180 3747 (snrsr.
1208 3669 1233 3738 l,
1258 3665 1322 3748 25).

690 3841 926 3916 ENNODIVS
954 3841 1166 3916 OLYBRIO
1195 3842 1255 3915 ΕΤ
1282 3841 1529 3915 EVGENETl.

393 3972 582 4066 Desiderio
605 4003 799 4087 paginarum
821 4009 1004 4067 vestrarum
1033 4004 1119 4067 facta
1149 4009 1200 4066 est
1228 4001 1305 4065 milri
1335 3999 1471 4086 prodiga
1501 3999 1591 4063 frons
1619 3998 1766 4084 pudoris,
1799 4003 1832 4061 et
1862 3996 1966 4061 duml

285 4106 408 4171 tabella
431 4107 590 4193 promittit
612 4107 820 4192 promulgata
843 4127 1046 4193 responsum,
1070 4107 1156 4170 intra
1171 4103 1391 4170 verecundum
1407 4103 1578 4190 penetrale
1595 4121 1752 4166 annosam
1769 4101 1937 4165 continere

286 4210 393 4275 nescit
408 4210 588 4277 infantiam.
626 4209 781 4276 deberem
804 4210 935 4295 quidem
960 4212 1112 4295 sanguini
1136 4217 1169 4275 et
1192 4209 1360 4296 proposito
1385 4207 1506 4272 silentii
1524 4211 1742 4284 venustatem,
1766 4211 1938 4290 postquam

287 4313 358 4399 spei
373 4335 468 4380 meae
484 4314 623 4378 fructum
639 4315 743 4400 prima
758 4336 922 4399 negavere
940 4315 1121 4399 conloquia.
1159 4312 1217 4378 sed
1235 4313 1344 4377 nescio
1361 4318 1468 4375 utrum
1492 4310 1577 4373 male
1602 4308 1754 4393 pertinax
1777 4304 1940 4371 iudicetur

286 4417 435 4498 intentio,
466 4438 550 4502 quae
579 4417 649 4481 sine
679 4419 814 4482 alterius
838 4417 1018 4504 dispendiis
1043 4418 1182 4481 sollicite
1207 4437 1265 4501 per
1288 4437 1431 4479 amorem
1457 4413 1683 4498 experientiae
1707 4411 1832 4498 pericla
1854 4410 1938 4473 mul-

287 4520 423 4607 tiplicat.
468 4522 576 4586 valete
603 4541 698 4605 ergo,
729 4521 773 4584 mi
798 4520 934 4596 domini,
966 4527 999 4585 et
1027 4520 1068 4584 ad
1099 4520 1285 4606 scriptionis
1317 4540 1444 4583 mecum
1468 4524 1614 4582 remeate
1639 4515 1859 4591 concordiam,
1894 4515 1968 4578 net

392 4780 407 4832 1
425 4783 587 4834 simolacrum
599 4782 624 4832 B
748 4780 766 4832 3
783 4779 818 4847 at]
837 4782 869 4832 ad
881 4780 905 4830 B
1027 4779 1042 4831 'l
1061 4781 1155 4832 scribta
1168 4779 1192 4829 B
1268 4777 1311 4842 mil
1330 4780 1391 4829 milri
1404 4777 1480 4829 BVL
1599 4778 1616 4827 8
1633 4773 1711 4842 statu]
1730 4784 1824 4828 statum
1837 4773 1862 4823 B
1870 4770 1944 4822 VL'I'

287 4868 469 4937 9rsppsritB

393 4969 501 5039 [XXXI]
538 4971 572 5023 l‘l
589 4971 694 5036 rnalum]
713 4974 773 5023 mali
785 4973 818 5035 B,
835 4975 869 5039 εχ.
884 4991 912 5037 p.
924 4977 979 5035 034
1050 4971 1154 5037 quarela
1171 4970 1194 5017 V
1260 4977 1285 5020 et
1302 4987 1349 5020 cvra
1363 4967 1388 5016 B
1502 4965 1535 5016 13
1554 4963 1734 5031 t'rsqusutiaB
1807 4960 1943 5012 tribncsB

288 5057 384 5110 illutB
490 5056 521 5108 14
540 5058 671 5124 deliuquid
684 5058 717 5121 B,
735 5059 869 5124 dsliquitb
978 5057 1009 5108 lb
1026 5059 1166 5108 uicinuam
1185 5055 1263 5120 (eras.
1283 5053 1330 5113 n‘l')
1343 5054 1369 5103 B
1438 5052 1549 5118 deligisti
1562 5051 1587 5100 B
1658 5051 1775 5116 proinosa
1792 5047 1902 5113 respices
1915 5042 1943 5096 B

290 5143 323 5195 16
340 5145 457 5212 apparuit
473 5143 497 5192 V
561 5145 706 5212 inauspicst
722 5162 779 5210 sup.
792 5145 837 5195 liu.
855 5145 908 5195 aB
1015 5143 1047 5195 18
1064 5145 1183 5212 apparuit
1198 5143 1222 5192 V
1323 5141 1356 5192 19
1375 5144 1413 5192 tui
1431 5139 1522 5192 iccoris
1536 5135 1596 5188 Gru
1699 5132 1948 5186 concrememur

288 5231 321 5284 21
341 5233 468 5284 convertit
482 5233 672 5284 —dominatur
684 5230 762 5283 Siras.
885 5229 919 5283 22
937 5241 996 5283 tuos
1009 5231 1035 5280 B
1112 5232 1225 5282 irritetur
1240 5229 1264 5279 l'
1382 5223 1416 5278 23
1434 5223 1488 5292 ors]
1507 5226 1578 5276 orob
1658 5221 1738 5272 debeo
1755 5237 1843 5272 vocem
1863 5219 1942 5271 Siras.

289 5317 323 5371 24
340 5319 478 5388 clegitisB
539 5321 686 5385 frequenter
696 5336 744 5371 om.
757 5316 819 5370 t'I’b
914 5317 949 5369 25
966 5335 1065 5386 possem
1076 5319 1165 5369 viratim
1261 5315 1295 5367 ‘Ze'
1309 5313 1435 5382 diligesB
1496 5312 1585 5363 illuvie
1597 5308 1696 5374 scripsi,
1713 5302 1943 5370 ellubieB'l'OPb,

289 5408 400 5460 ellubisa
415 5405 469 5469 Vn,
486 5406 571 5459 eluvie
584 5405 672 5458 Sebott

394 5507 516 5576 [XXXll]
552 5506 585 5560 29
604 5509 706 5576 tabella]
720 5512 808 5562 tabula
820 5512 899 5562 Siras
965 5507 1126 5576 psiduuloB
1223 5507 1256 5558 31
1274 5508 1402 5573 colloquia
1422 5505 1443 5553 l'
1537 5499 1571 5550 32
1589 5497 1738 5550 sollicitasb
1804 5498 1943 5564 pariculab

290 5594 325 5649 33
342 5594 449 5663 argoB,
465 5611 514 5646 orn.
533 5596 608 5647 ceteri
677 5593 724 5662 mi]
743 5596 820 5647 meib
890 5595 992 5645 domino
1008 5592 1048 5641 Vl
1060 5590 1123 5640 TPI
1195 5591 1377 5643 scribtiouisb'

393 5685 535 5742 Erxonrm.
1717 5675 1734 5727 5
