4500 6232
324 295 386 358 318
754 290 876 346 ODLVII
894 289 1017 360 OEPIST.
1035 291 1060 355 9,
1078 291 1132 359 99),
1151 290 1287 346 CDLVIII
1305 289 1428 359 (EPIS'f.
1446 290 1472 354 9,
1489 290 1544 359 30).

321 467 423 530 vestri
447 466 598 531 celeriter
621 464 898 550 subplementum,
927 468 964 527 ut
992 464 1130 545 litteras,
1161 465 1274 549 quales
1301 486 1360 551 per
1388 463 1560 529 sublimem
1590 462 1694 528 virum
1716 462 1980 548 Tranquillinum

324 590 395 632 sum
418 575 581 655 precatus,
605 569 773 654 accipiam.
813 568 863 631 his
885 573 995 632 tamen
1020 568 1118 632 aliam
1140 550 1234 632 vobis
1255 566 1434 633 miserendi
1447 568 1533 631 viam
1548 567 1634 632 bene
1650 587 1778 631 morum
1793 572 1980 633 vestrorum

292 674 475 738 loonscius
491 675 667 740 exhibebo.
707 670 854 737 (lamella
876 693 995 758 parens
1015 679 1089 736 insa
1105 673 1190 736 intra
1206 671 1331 737 Gallias
1354 677 1388 736 ct
1402 671 1568 736 viduitatis
1592 671 1745 735 miseriae
1769 676 1803 735 et
1825 672 1980 757 geminae

323 777 388 840 iam
412 777 611 863 captivitatis
634 777 850 841 subcubuisse
873 776 978 841 fertur
1000 777 1224 840 incommodis.
1263 797 1358 840 nemo
1375 782 1435 854 est,
1460 777 1597 861 quitum
1613 774 1813 862 multiplices
1829 772 1978 839 necessi-

323 887 407 943 tates
438 886 570 966 praeter
600 879 826 945 celsitudinem
859 886 1003 944 vestram
1028 881 1139 966 'possit
1171 886 1330 945 avertere.
1376 881 1507 965 generis
1540 881 1606 944 mei
1638 885 1793 964 patronus
1823 877 1910 963 quod
1945 878 1979 941 iu

323 983 421 1047 Italia
450 985 563 1070 positis
594 985 768 1070 praestitit,
798 1005 863 1047 non
887 989 987 1068 neget
1014 985 1046 1046 in
1078 982 1197 1063 Gallia,
1226 990 1262 1047 ut
1292 984 1344 1047 vel
1375 983 1415 1047 de
1445 983 1610 1048 casellulis
1641 983 1743 1068 ipsius
1775 981 1980 1047 ordinatione

292 1086 434 1151 brestra
457 1085 533 1149 dum
556 1086 597 1150 ab
622 1088 669 1151 eis
692 1087 763 1151 fisci
787 1108 888 1151 onera
908 1086 1107 1167 derivantur,
1130 1086 1171 1151 ad
1190 1086 1358 1173 praefatae
1383 1088 1538 1151 alimenta
1555 1086 1728 1151 sufficiant.
1768 1085 1899 1151 domine
1923 1086 1980 1163 mi,

324 1188 531 1254 salutationis
549 1191 683 1254 servitia
706 1189 896 1276 dependens
921 1211 1011 1275 rogo,
1034 1198 1071 1254 ut
1092 1191 1285 1276 portitorem
1307 1192 1529 1276 praesentium
1554 1190 1719 1255 hominem
1736 1212 1857 1273 meum,
1880 1210 1981 1275 quem

324 1293 471 1358 adhaec
505 1293 719 1379 exsequenda
750 1293 923 1374 destinavi,
958 1293 1020 1358 deo
1051 1294 1145 1358 vobis
1179 1295 1360 1379 inspirante
1392 1293 1434 1358 ad
1462 1315 1514 1359 me
1548 1315 1622 1358 cum
1651 1294 1770 1358 effectu
1800 1293 1981 1359 eminentia

324 1402 434 1461 vestra
456 1397 568 1461 iubeat
592 1418 788 1463 commeare.
830 1397 986 1482 numquid
1009 1397 1156 1462 dubitare
1180 1397 1221 1461 de
1244 1397 1518 1482 postulationibus
1543 1397 1612 1461 suis
1635 1417 1710 1461 eum
1734 1397 1898 1477 convenit,
1922 1396 1979 1481 qui

325 1521 361 1564 se
385 1501 474 1565 novit
497 1501 596 1564 etiam
619 1500 684 1580 illa,
709 1521 793 1584 quae
817 1521 883 1564 non
905 1507 1113 1587 poposcerat,
1136 1500 1344 1584 inpetrasse?

932 1806 1112 1875 ouuvln
1135 1808 1245 1895 (csrsr.
1262 1814 1292 1886 9,
1310 1808 1376 1895 30).

920 1987 969 2060 ΙΝ
1000 1986 1193 2061 CHRISTI
1227 1985 1382 2061 SIGNO.

294 2133 307 2191 ¹
433 2118 575 2212 Natura
598 2168 706 2213 rerum
731 2154 790 2225 est,
823 2153 859 2211 ut
883 2148 982 2212 etiam
1012 2146 1151 2211 idoneus
1180 2167 1237 2211 orc
1267 2147 1320 2211 vel
1349 2151 1480 2232 pectore
1510 2146 1615 2230 possit
1642 2145 1682 2210 de
1711 2146 1983 2233 praesumptione

321 2253 456 2338 culpari,
488 2252 564 2337 quia
595 2252 701 2315 omnis
733 2251 908 2315 verborum
939 2250 1151 2315 commoditas
1180 2250 1372 2314 humilitatis
1400 2248 1558 2313 terminos
1592 2270 1726 2335 egressa
1758 2250 1915 2331 calcatur,
1948 2258 1984 2316 et

320 2356 406 2419 sicut
429 2355 583 2420 habenda
606 2363 682 2418 sunt
705 2375 789 2441 quac
814 2354 992 2439 exiguntur
1014 2356 1047 2418 in
1071 2355 1189 2440 pretio,
1221 2354 1267 2418 ita
1295 2354 1424 2438 ingesta
1452 2353 1617 2417 viliscunt.
1663 2353 1881 2440 inportunitas
1905 2374 1981 2419 cum

320 2459 481 2524 facundos
505 2459 668 2545 opinionis
698 2458 870 2522 nobilitate
903 2457 1066 2544 dispoliet,
1098 2457 1261 2523 dedecore
1289 2458 1389 2520 vestit
1417 2455 1576 2523 indoctos.
1622 2457 1681 2522 sed
1709 2457 1772 2522 hac
1802 2479 1854 2522 me
1878 2458 1980 2522 ratio-

321 2560 485 2627 cinatione
510 2568 670 2642 sustento,
695 2563 771 2646 quia
788 2567 839 2625 est
855 2560 985 2647 quidem
1002 2560 1110 2626 audax
1126 2560 1184 2625 sed
1201 2561 1351 2641 amabile,
1376 2557 1546 2646 praevium
1561 2563 1765 2647 praestitisse
1782 2582 1983 2641 sermonem,

324 2673 358 2731 et
373 2667 458 2731 sicut
473 2667 615 2731 vicinum
630 2667 837 2747 temeritatis,
860 2667 906 2729 ita
930 2665 1115 2751 proximum
1135 2664 1314 2750 dilgentiae
1331 2664 1372 2728 ad
1389 2665 1558 2729 caritatem
1574 2665 1744 2751 pertinens
1760 2665 1823 2730 iter
1838 2666 1982 2753 aperire.

292 2767 410 2835 finiar
434 2771 646 2835 ecclesiarum
675 2770 825 2834 homines
854 2768 1012 2854 numquid
1042 2775 1154 2833 reatus
1184 2774 1245 2850 est,
1274 2770 1302 2832 si
1333 2769 1404 2855 pari
1432 2789 1543 2834 amore
1575 2769 1803 2834 contenderint
1832 2770 1983 2858 dispares

324 2872 507 2958 dignitate?
547 2880 604 2939 aut
632 2873 798 2939 excedunt
827 2873 945 2937 modici
973 2872 1104 2936 honoris
1140 2873 1325 2957 angustiam
1361 2872 1415 2956 qui
1449 2871 1637 2937 desiderant
1666 2874 1820 2959 suffragio
1853 2876 1982 2959 gratiae

324 2977 539 3042 summatibus
563 2978 754 3063 conparari?
785 2997 850 3041 non
880 2976 981 3042 habat
1004 2977 1137 3064 superbi
1171 2977 1403 3041 conscientiam
1432 2977 1486 3060 qui
1513 2998 1548 3040 se
1578 2984 1704 3041 tantum
1735 2979 1768 3041 in
1797 2979 1983 3045 affectionis

324 3081 442 3146 muniis
473 3102 538 3145 non
568 3082 711 3146 metitur.
758 3102 932 3167 praesumo
964 3080 1084 3157 dicero,
1116 3078 1260 3143 directus
1289 3078 1493 3143 subditorum
1523 3102 1612 3145 error
1641 3088 1693 3145 cst
1720 3083 1775 3166 qui
1806 3081 1984 3149 inhaere

293 3184 562 3270 3praocedentcs
587 3185 766 3249 antevenit.
815 3206 891 3249 occe
916 3186 963 3248 sic
985 3191 1097 3270 partes
1129 3204 1221 3248 meas
1252 3184 1347 3268 quasi
1374 3185 1576 3249 voluntariae
1607 3186 1812 3250 allocutionis
1840 3186 1985 3251 fuscatas

324 3287 410 3352 nube
434 3288 582 3373 purgavi.
623 3287 681 3352 scd
705 3288 778 3353 dico
803 3288 888 3374 quod
913 3288 953 3351 ad
976 3288 1203 3352 defensionem
1227 3293 1355 3372 spectat
1370 3288 1578 3353 uberrimam.
1617 3290 1703 3354 filius
1718 3297 1828 3354 vester
1843 3291 1983 3355 domnus

323 3391 493 3457 Rodauius
518 3392 630 3476 exegit
653 3414 672 3455 a
695 3414 747 3458 me
772 3393 804 3456 in
828 3414 923 3457 usum
946 3393 1012 3456 stili
1035 3392 1219 3477 praesentis
1243 3412 1427 3477 erumpere.
1466 3391 1572 3456 fateor
1587 3398 1697 3457 tamen
1722 3393 1754 3456 in
1776 3393 1883 3458 studio
1907 3416 1983 3460 meo

322 3496 424 3560 fuisse
448 3495 535 3581 quod
557 3496 663 3577 iussit,
691 3496 768 3581 quia
795 3496 851 3581 qui
879 3497 1042 3561 volentem
1066 3495 1213 3580 coegerit
1235 3516 1300 3558 non
1323 3496 1460 3560 laborat.
1506 3494 1569 3561 deo
1592 3498 1716 3581 gratiss
1740 3498 1887 3586 principe
1911 3500 1983 3563 loco

324 3606 358 3665 et
385 3606 455 3665 tota
483 3601 645 3687 epistulae
675 3601 925 3665 concinnatione
953 3599 1145 3680 referamus,
1179 3600 1255 3684 quia
1285 3600 1317 3663 in
1350 3599 1541 3664 societatem
1573 3600 1690 3686 capitis
1722 3601 1772 3665 sui
1803 3601 1981 3689 aliquando

292 3701 475 3768 4Romaua
504 3703 651 3768 membra
682 3704 840 3768 coierunt.
885 3704 1005 3767 iustum
1038 3709 1119 3783 erat,
1153 3710 1190 3766 ut
1224 3710 1257 3768 et
1291 3703 1408 3768 beatus
1436 3702 1555 3768 Petrus
1591 3706 1759 3790 apostolus
1796 3706 1867 3772 sedi
1902 3728 1982 3773 suae

325 3809 483 3873 ecclesias
507 3814 541 3873 et
564 3809 694 3872 senatui
716 3808 863 3873 liberiori
885 3830 946 3894 per
967 3808 1134 3872 dominum
1156 3813 1267 3893 partes
1291 3807 1420 3871 debitas
1437 3806 1641 3873 reformaret.
1680 3808 1798 3895 dignus
1813 3815 1981 3894 regnator,

324 3910 428 3996 digni,
470 3915 504 3976 in
542 3934 677 3998 quorum
715 3919 825 3977 aetate
859 3918 1007 3976 votorum
1041 3931 1167 3976 summa
1199 3911 1383 3995 contigerit.
1434 3932 1509 3975 nam
1545 3913 1609 3977 etsi
1642 3913 1729 3977 itura
1756 3912 1797 3977 ad
1830 3920 1981 4000 posteros

323 4013 464 4080 felicitas
487 4023 690 4101 perseveret,
714 4015 876 4080 litandum
898 4016 964 4080 illis
981 4022 1031 4080 est
1046 4014 1235 4081 laudatione
1251 4016 1439 4102 praecipua,
1463 4037 1483 4080 a
1505 4016 1624 4102 quibus
1641 4018 1780 4104 sumpsit
1798 4017 1982 4085 exordium.

323 4116 385 4184 deo
409 4118 588 4185 efficaciter
612 4121 833 4206 supplicastis,
856 4126 892 4183 ut
915 4120 1002 4183 illius
1026 4141 1085 4183 vos
1108 4119 1212 4184 virtus
1237 4125 1376 4198 erueret,
1401 4120 1492 4184 cuius
1514 4127 1624 4205 potest
1641 4143 1772 4187 servare
1795 4123 1982 4190 clementia.

324 4223 486 4288 didicistis
509 4225 581 4288 eius
605 4230 742 4288 eventus
765 4244 954 4310 prosperos,
982 4243 1080 4309 quem
1103 4222 1222 4288 videtis
1255 4229 1400 4288 secutam
1427 4222 1504 4288 dmn
1534 4225 1667 4290 mandat
1689 4224 1778 4290 bella
1799 4227 1981 4294 victoriam.

294 4329 441 4413 operum
476 4334 637 4413 superest,
672 4333 709 4391 ut
740 4325 1026 4391 mansuetudinem
1057 4326 1177 4391 mentis
1206 4326 1294 4391 illius
1322 4327 1368 4390 ita
1402 4326 1597 4412 profundam
1629 4331 1780 4409 teneatis,
1815 4331 1909 4417 quasi
1938 4332 1983 4396 sit

326 4430 441 4514 ignara
468 4431 705 4517 procinctuum.
750 4430 811 4495 deo
838 4431 1002 4495 tribuente
1031 4452 1091 4496 nec
1119 4452 1184 4516 pax
1213 4431 1284 4494 eius
1311 4429 1434 4495 turbari
1462 4430 1568 4496 dubiis
1595 4439 1705 4518 potest
1734 4455 1795 4499 nec
1824 4434 1982 4500 fortitudo

428 4723 442 4774 1
455 4726 658 4793 subplimentum
668 4726 701 4790 Β,
713 4726 920 4793 supplementum
934 4723 957 4773 V
1007 4725 1094 4775 literas
1104 4722 1129 4773 Β
1180 4724 1366 4790 tranquilinum
1376 4724 1422 4774 Ba
1507 4724 1525 4776 2
1541 4729 1672 4795 praefatus
1683 4727 1729 4778 Ba
1815 4727 1832 4780 3
1848 4730 1982 4782 Camillab

324 4811 441 4864 miseriae
459 4813 558 4879 scripsi,
583 4814 691 4864 mssaria
703 4812 735 4876 B,
763 4812 865 4863 miseria
883 4811 958 4862 ceteri
1088 4807 1105 4858 4
1123 4810 1294 4876 subcupuisse
1313 4827 1340 4861 se
1359 4814 1439 4862 fertur
1451 4811 1476 4860 B
1572 4813 1741 4867 succubuisse
1757 4814 1781 4863 V
1902 4815 1919 4867 5
1937 4832 1982 4883 pa·

323 4906 410 4949 tronos
423 4896 532 4962 BVLT,
550 4899 664 4965 patronis
679 4897 730 4961 ΟΡ,
748 4915 794 4949 em.
808 4896 887 4949 Sirra.
1000 4894 1016 4947 6
1033 4897 1150 4964 prostitet
1162 4896 1187 4946 Β
1261 4899 1332 4964 negit
1344 4897 1370 4947 Β
1444 4901 1486 4951 uel
1499 4899 1532 4962 B,
1550 4919 1598 4951 om.
1614 4903 1689 4954 ceteri
1804 4899 1820 4952 7
1838 4904 1984 4955 diriuantnr

323 4984 421 5035 codices
489 4986 522 5035 ad
540 4985 678 5036 ἅοίοιιάιιιη
696 5001 749 5035 csse
768 5001 855 5035 carseo
933 4982 976 5049 mi]
996 4985 1057 5034 mihi
1070 4983 1148 5033 BVL
1253 4982 1271 5033 8
1288 4985 1434 5050 dependens
1447 4985 1472 5035 Β
1583 4985 1600 5037 9
1618 5006 1718 5041 mecum
1736 4991 1829 5042 effectu
1842 4989 1875 5053 B,
1896 5007 1982 5043 meum

322 5070 443 5121 effectum
461 5072 536 5122 ceteri
642 5068 676 5120 10
693 5071 907 5137 postolaticnibus
920 5070 945 5120 B
1051 5068 1081 5121 11
1100 5069 1187 5137 etiam]
1206 5071 1258 5122 etb

429 5168 579 5239 [CDLVIII]
617 5171 650 5224 12
673 5175 825 5240 Symmacho
849 5191 931 5241 papae
953 5174 1029 5224 inser.
1048 5172 1126 5225 Sirm.
1251 5170 1283 5223 14
1305 5190 1393 5224 omnes
1406 5174 1430 5223 B
1553 5175 1733 5230 mollescunt
1751 5179 1774 5226 V
1897 5178 1929 5231 16
1948 5182 1984 5232 fa·

323 5259 424 5310 condus
438 5258 463 5308 B
553 5261 672 5311 indoctus
686 5259 711 5309 B
805 5261 976 5312 rationatiouc
992 5259 1037 5310 VL
1165 5257 1197 5310 18
1215 5259 1385 5310 timoritatatis
1397 5259 1422 5308 B
1556 5259 1589 5311 19
1606 5272 1692 5314 roatur
1704 5263 1730 5313 Β
1860 5263 1896 5316 ’23
1913 5283 1984 5332 prae

323 5343 473 5396 oidentesB
587 5343 621 5395 24
639 5344 748 5414 spectat]
768 5354 888 5413 expectat
900 5346 924 5395 B
1040 5342 1241 5396 convocamus
1259 5345 1317 5395 edit.
1397 5345 1529 5412 exigctB,
1546 5349 1631 5416 coegit
1643 5347 1722 5400 Sim.
1839 5346 1873 5402 26
1891 5352 1985 5403 uolun-

323 5437 403 5481 tatem
427 5432 561 5498 quoogerit
578 5431 604 5481 Β
747 5428 781 5482 27
805 5432 930 5499 epistulae
952 5430 1008 5494 VL,
1032 5432 1154 5498 epistolae
1172 5430 1197 5480 B
1300 5432 1368 5494 Quia
1391 5429 1427 5497 in]
1454 5432 1514 5484 hiric
1537 5434 1662 5501 inoptam
1687 5437 1782 5487 bacam
1809 5445 1837 5487 ct
1859 5437 1887 5488 in
1905 5444 1986 5504 porte

324 5533 392 5568 noro
407 5516 451 5567 VL
457 5517 538 5569 ToPc
684 5518 718 5572 28
740 5521 878 5585 quoierunt
895 5518 920 5568 B
1065 5515 1100 5568 30
1121 5518 1194 5585 digni
1206 5516 1313 5580 Hortcl,
1335 5518 1429 5584 dignus
1446 5519 1519 5583 libri,
1541 5519 1613 5587 digni
1631 5538 1678 5573 vos
1688 5523 1755 5588 sort.
1859 5520 1984 5593 quorum]

324 5619 375 5668 quo
393 5618 452 5654 curn
465 5602 543 5655 Sim.
634 5602 666 5655 31
687 5605 725 5656 illi
736 5604 814 5656 Sirm.
906 5601 940 5657 32
957 5604 1127 5671 supplicastes
1140 5603 1166 5654 B
1258 5601 1291 5653 33
1309 5604 1444 5656 dedicistes
1455 5604 1481 5655 B
1532 5605 1595 5657 dum
1613 5607 1717 5660 mundat
1734 5616 1850 5663 aeonum
1866 5608 1989 5663 nvo?
