4500 6232
909 273 1016 329 CCXIX
1036 271 1157 341 (arist.
1177 273 1202 333 5,
1220 273 1256 340 7),
1274 272 1368 327 CCXX
1387 271 1490 340 (utcu.
1507 272 1561 331 25).

1105 479 1366 547 EPITAFIVM.

775 619 830 684 Nil
854 640 954 684 sexus
977 639 1038 683 nec
1060 619 1157 683 busta
1179 625 1309 700 nocent,
1331 620 1378 684 nil
1400 619 1456 683 fila
1479 638 1626 684 sororum

822 723 956 802 Vltima,
980 723 1090 787 fallaci
1114 723 1233 808 pollice
1257 744 1341 809 quae
1363 728 1510 787 tenuant.

777 826 883 891 Mixta
906 827 968 891 deo
992 827 1107 892 mulier
1130 827 1210 891 vivit
1231 832 1307 913 post
1328 826 1445 891 funera
1466 825 1572 902 factis,

824 932 974 997 Mascula
996 931 1139 997 femineo
1163 931 1293 996 tramite
1316 938 1412 1015 gesta
1434 930 1555 994 ferens.

779 1036 921 1121 Sanguis
944 1035 1048 1100 honor
1070 1034 1187 1120 genius
1210 1034 1356 1121 probitas
1381 1033 1567 1098 constantia
1588 1034 1698 1097 vultus

824 1140 984 1205 Vicemnt
1006 1139 1106 1202 tantis
1130 1138 1268 1203 exitium
1290 1137 1415 1222 pretiis.
1594 1139 1596 1143 '

780 1245 925 1308 Moribus
950 1244 1096 1308 adseruit
1118 1260 1310 1327 magnorum
1335 1248 1474 1305 stemma
1496 1246 1678 1325 parentum,

824 1347 985 1411 Indicium
1008 1347 1141 1432 generis
1164 1366 1258 1411 mens
1282 1345 1334 1410 cui
1358 1346 1445 1409 clara
1466 1344 1538 1408 tuit.

780 1451 924 1516 Instituit
948 1458 1043 1515 natos
1067 1451 1168 1515 vitam
1191 1469 1323 1514 servare
1347 1468 1508 1523 serenam,

827 1554 912 1619 Dum
936 1554 1033 1619 docet
1057 1554 1215 1639 exemplis
1240 1573 1369 1638 semper
1392 1572 1502 1616 amare
1525 1550 1633 1615 deum.

1082 1842 1204 1913 CCXX
1226 1847 1319 1925 (ures.
1335 1843 1401 1929 25).

560 2043 723 2116 VERBA
749 2041 971 2115 THETIDIS
998 2041 1097 2115 CVM
1124 2038 1368 2113 ACHILLEM
1394 2037 1603 2112 VIDERET
1630 2036 1920 2115 EXTINCTVM.

384 2205 397 2263 l
526 2189 723 2305 Intercepta
746 2226 795 2282 est
818 2219 873 2305 pio
897 2222 1049 2306 quaesita
1070 2220 1161 2284 fraus
1178 2227 1326 2284 materna
1343 2218 1490 2284 consilio.
1529 2217 1726 2282 invenerunt
1742 2217 1905 2282 Achillem
1921 2228 2070 2285 nostmm

413 2321 481 2384 fata
504 2327 537 2384 et
560 2320 602 2384 ab
632 2322 697 2385 alia
725 2328 840 2386 natura
872 2322 1077 2410 subreptum,
1110 2344 1171 2388 nec
1201 2322 1324 2408 profuit
1352 2321 1438 2407 quod
1470 2341 1601 2400 sexum,
1635 2341 1731 2406 quem
1756 2321 1785 2385 ei
1809 2322 1900 2407 origo
1923 2321 2070 2404 dederat,

413 2424 536 2488 astutia
558 2427 765 2490 conmutavit.
803 2426 959 2491 feminam
983 2427 1196 2491 diuturnitate
1220 2447 1284 2489 non
1308 2424 1421 2489 didicit
1444 2430 1477 2488 et
1499 2423 1560 2487 viri
1583 2423 1674 2488 fortis
1697 2425 1839 2489 animum
1862 2427 1968 2490 mollis
1991 2447 2069 2491 cou-
2125 2466 2150 2503 ,5

415 2527 554 2592 suetudo
583 2529 735 2594 servavit.
782 2530 853 2615 quis
882 2530 995 2595 credat
1023 2531 1223 2596 inefficacem
1254 2530 1356 2593 luisse
1385 2528 1616 2614 provisionem,
1649 2548 1746 2613 quam
1770 2535 1803 2594 et
1826 2528 1888 2594 dea
1911 2538 1944 2595 et
1968 2538 2073 2595 mater

384 2631 559 2695 2invenit?
604 2652 667 2696 uon
696 2640 746 2697 est
776 2635 956 2720 praemium
987 2635 1219 2713 inmortalitas,
1250 2654 1346 2718 quam
1370 2653 1431 2696 nec
1454 2630 1605 2716 genetrix
1628 2632 1820 2697 transmittit
1844 2633 1885 2697 ad
1909 2634 2071 2709 subolem,

415 2755 476 2799 nec
499 2755 558 2820 per
581 2755 664 2815 cam,
689 2736 774 2820 quod
798 2737 900 2801 lilium
920 2738 1048 2802 casibus
1063 2737 1201 2815 furetur,
1225 2737 1375 2800 occurrit.
1413 2742 1450 2798 ut
1465 2755 1642 2820 numquam
1658 2734 1825 2800 doloribus
1842 2736 2072 2815 subducamur,

415 2840 549 2903 numina
579 2861 699 2903 sumus.
745 2860 829 2925 quse
860 2849 910 2905 cst
938 2843 1001 2906 ista
1029 2840 1191 2915 condicio,
1223 2839 1352 2925 quando
1380 2837 1420 2901 de
1449 2837 1674 2923 penetralibus
1696 2839 1857 2903 viscerum
1887 2847 2073 2905 nostrorum

384 2941 502 3027 equod
531 2944 598 3007 leto
629 2944 750 3008 serviat
783 2944 998 3008 exhibemus?
1045 2945 1237 3009 caelicolum
1267 2942 1446 3029 potentiam
1477 2949 1534 3005 aut
1560 2943 1674 3007 liceret
1705 2944 1889 3028 posteritati
1921 2945 2070 3010 conterre
2125 2983 2153 3022 ρο

416 3045 503 3131 quod
533 3046 694 3132 possidet,
725 3055 781 3112 aut
810 3049 894 3112 caris
925 3047 1162 3112 decedentibus
1190 3069 1248 3133 pro
1272 3045 1516 3110 lamentationis
1548 3046 1687 3110 termino
1711 3046 1844 3111 daretur
1867 3048 2072 3113 occumbere.

416 3148 588 3213 inferiores
612 3149 797 3215 hominibus
821 3172 931 3216 sumus
954 3152 1070 3237 quibus
1095 3151 1218 3216 similes
1240 3151 1394 3236 parimus,
1424 3150 1456 3212 in
1480 3148 1542 3214 hoc
1566 3149 1709 3214 deterius
1733 3151 1909 3215 Parcarum
1934 3152 2073 3217 ludibrio

384 3252 641 3334 leubiacentes,
671 3256 747 3339 quia
769 3256 934 3319 nescimus
958 3257 1060 3320 exitia
1084 3255 1276 3341 pignoribus
1300 3253 1477 3338 obligatae.
1523 3274 1713 3340 superorum
1737 3255 1894 3333 maxime,
1918 3262 1974 3319 aut
1996 3278 2072 3341 pro-

414 3356 539 3440 sapiem
562 3363 704 3422 nostram
730 3358 855 3423 subduc
878 3359 1021 3423 fortuitis
1045 3365 1102 3422 aut
1125 3379 1182 3422 nos
1206 3379 1263 3443 pro
1288 3357 1441 3421 beneficii
1464 3356 1648 3421 conlatione
1673 3359 1848 3423 summitte.
1894 3361 1991 3423 liccat
2013 3381 2073 3445 pro

415 3477 506 3533 caro,
537 3459 564 3522 si
593 3480 658 3523 non
681 3461 840 3524 vincimus
869 3461 1050 3539 interitum,
1081 3461 1133 3525 vel
1165 3459 1284 3524 subirc.
1331 3464 1396 3523 stat
1425 3465 1502 3523 ante
1534 3461 1645 3524 oculos
1669 3481 1760 3525 meos
1784 3462 1922 3535 orbitas,
1953 3460 2073 3526 idcirco
2126 3507 2153 3545 ,5

415 3559 569 3641 deterior,
593 3564 669 3647 quia
691 3564 781 3628 illam
804 3585 862 3648 pro
885 3565 1090 3628 aeternitatis
1113 3584 1207 3627 meac
1232 3562 1432 3626 sublimitate
1456 3564 1630 3648 praescivi.
1669 3563 1880 3648 cingendam
1904 3566 2073 3629 numinum

414 3664 620 3747 felicitatem,
655 3689 728 3732 cum
765 3669 844 3733 illud
878 3669 962 3754 quod
995 3669 1035 3733 dc
1066 3669 1213 3733 adversis
1245 3667 1388 3752 ignorari
1417 3688 1481 3730 uon
1512 3667 1604 3747 licet,
1638 3688 1701 3731 non
1735 3667 1876 3732 donatur
1907 3674 2074 3733 avertere!

384 3768 569 3834 brecordor
591 3773 760 3856 praeteriti
784 3772 1037 3837 sollicitudinem
1061 3773 1218 3858 temporis
1242 3778 1275 3836 et
1298 3792 1393 3835 curas
1416 3792 1518 3848 meas,
1542 3770 1659 3856 quibus
1682 3770 1878 3855 nequiquam
1894 3772 2063 3856 invigilavi

417 3872 614 3939 reminiscor.
653 3875 730 3960 quid
754 3876 875 3962 profuit
891 3875 1027 3961 Stygiae
1051 3876 1179 3962 paludis
1202 3876 1325 3940 auxilio
1349 3876 1417 3939 nati
1439 3894 1559 3960 corpus
1583 3881 1754 3955 armatum,
1778 3874 1854 3939 dum
1873 3875 1963 3957 illud,
1988 3876 2075 3961 quod

416 3997 435 4039 a
457 3976 552 4041 nobis
577 4000 706 4042 sumere
731 3979 854 4059 debuit,
878 3999 1112 4063 quaereremus
1136 4000 1155 4043 a
1178 3979 1326 4064 gurgite?
1363 3979 1395 4042 in
1419 3977 1575 4041 membris
1598 3977 1699 4062 prolis
1723 3984 1865 4049 nostrae,
1890 4000 1986 4064 quem
2011 3979 2074 4043 dea
2128 4024 2155 4062 3,

415 4080 535 4160 tenuit,
567 4081 659 4144 locus
689 4089 739 4146 ost
764 4083 919 4147 vulneris.
965 4104 1023 4146 cur
1053 4103 1117 4146 nou
1146 4082 1326 4146 laxioribus
1357 4080 1467 4164 digitis
1490 4081 1624 4167 lympha
1648 4102 1683 4144 se
1707 4081 1851 4155 miscuit,
1882 4089 1918 4146 ut
1941 4102 1982 4145 ex
2006 4090 2075 4147 toto

385 4181 405 4240 ti
419 4184 614 4246 exclusisset
629 4186 713 4249 ictus
730 4186 858 4272 superis
875 4185 963 4249 unda
979 4187 1168 4250 sublimior?
1205 4185 1281 4271 quid
1298 4187 1397 4249 ctiam
1416 4186 1496 4249 iuvit
1513 4184 1664 4249 Chironis
1681 4183 1823 4268 elegisse
1839 4187 2075 4269 magisterium,

421 4287 476 4370 qui
502 4287 621 4350 aetatis
645 4289 803 4355 lubricum
827 4289 976 4354 doctrina
991 4289 1165 4353 solidaret?
1203 4288 1301 4354 credo
1317 4288 1455 4352 diversis
1471 4289 1711 4352 institutionum
1730 4290 1877 4365 callibus,
1899 4297 1936 4354 ut
1952 4290 2075 4354 bellurn

418 4389 485 4453 filio
516 4390 677 4475 placeret,
714 4393 906 4458 invenimus.
958 4393 1044 4479 apud
1077 4395 1267 4458 monitorem
1303 4394 1510 4457 fortissimum
1544 4399 1651 4456 actum
1683 4400 1749 4469 cst,
1784 4402 1821 4457 ut
1851 4395 1953 4472 vires,
1989 4414 2075 4480 quse

419 4492 651 4577 sequebantur,
676 4497 811 4560 consilia
834 4518 897 4560 non
922 4498 1094 4561 haberent.
1133 4498 1205 4582 quis
1222 4497 1421 4561 miscendum
1437 4497 1633 4561 feminarum
1649 4497 1785 4562 latebris
1802 4499 1905 4562 virum
1924 4520 2074 4584 saporem

418 4597 498 4660 velit
525 4597 655 4661 haurire
685 4601 870 4663 certaminis
898 4606 931 4664 et
958 4601 1033 4665 indo
1063 4603 1234 4689 provideat
1262 4602 1404 4687 pignori,
1435 4601 1521 4666 unde
1551 4601 1629 4664 lacit
1658 4603 1763 4687 perire
1794 4602 1878 4687 quod
1901 4602 2074 4689 providet?

425 4753 438 4760 μ
449 4754 632 4762 ——.--·-.
653 4757 692 4763 ...-

523 4875 537 4926 1
560 4878 701 4944 epytafium
718 4878 755 4941 Β,
772 4878 928 4946 epitaphium
946 4879 970 4929 V
1104 4875 1121 4928 4
1143 4879 1213 4930 urina
1226 4876 1267 4929 Β1
1405 4876 1422 4927 b
1444 4878 1553 4928 feminae
1575 4879 1691 4931 otrsmlte
1704 4878 1729 4929 B
1868 4880 1885 4932 8
1907 4883 2009 4935 stimma
2026 4880 2077 4948 31,

418 4969 498 5013 stema
514 4961 538 5012 V
638 4963 654 5015 9
673 4961 726 5030 cui}
744 4973 790 5015 tua
804 4964 884 5015 (11'212
990 4964 1024 5016 10
1041 4962 1123 5029 namsi
1141 4973 1225 5016 tanttrs
1238 4965 1262 5014 Β
1279 4963 1325 5028 (cf.
1340 4963 1540 5015 deutrum
1552 4963 1579 5026 8)

524 5065 638 5135 [CCXX]
676 5066 708 5117 12
723 5067 808 5118 tctidis
823 5067 848 5116 Β
917 5069 1016 5120 ncillam
1032 5066 1057 5117 B
1169 5066 1201 5118 13
1218 5068 1358 5119 acillemB
1469 5067 1502 5119 lb
1519 5069 1697 5122 consetndoB
1803 5071 1835 5124 16
1853 5075 2038 5126 insollicaccm
2052 5073 2078 5125 Β

420 5173 516 5222 squam
529 5154 555 5205 Β
660 5151 692 5204 17
709 5155 824 5205 sahulem
838 5154 870 5216 B,
888 5156 1000 5206 sobolem
1017 5155 1041 5204 V
1149 5152 1180 5203 ts
1198 5163 1315 5206 occurret
1326 5154 1351 5204 B
1465 5154 1497 5206 19
1514 5158 1564 5207 ista
1582 5174 1637 5223 arcp.
1651 5159 1696 5208 lin.
1710 5157 1735 5208 B
1844 5158 1879 5210 ab
1896 5162 2041 5213 exiribimus
2054 5161 2079 5212 Β

419 5243 479 5293 licet
500 5251 526 5293 et
548 5243 689 5309 posteritati
704 5242 729 5291 B
849 5238 880 5291 21
901 5241 1082 5292 decedentibus
1099 5240 1128 5304 T,
1150 5241 1326 5292 decidentibus
1339 5240 1364 5291 B
1371 5241 1469 5303 Vada,
1493 5244 1693 5296 descendentibus
1712 5243 1790 5298 sirm.
1913 5246 1948 5298 td
1966 5250 2078 5314 parimus

420 5329 520 5394 scripsi,
537 5345 655 5395 parsurus
668 5329 728 5378 libri
812 5325 847 5378 23
864 5328 1014 5378 sitiriacante
1027 5327 1051 5376 Β
1103 5328 1232 5379 nescimus
1245 5325 1361 5393 exitiali.
1374 5346 1395 5380 c.
1409 5346 1460 5379 non
1478 5331 1607 5394 necamur,
1626 5349 1660 5382 on
1674 5348 1725 5382 non
1738 5334 1868 5383 nescimus
1882 5334 1914 5398 (r.
1927 5335 1969 5397 27)
1983 5334 2079 5386 exitia?

420 5413 533 5479 obligata
549 5415 638 5464 aialim
776 5411 810 5464 24
834 5414 934 5463 subduc
947 5412 980 5476 Β,
1003 5414 1094 5463 subtus
1110 5412 1250 5476 vad'tcP,
1272 5415 1361 5467 subter
1379 5416 1426 5467 hcc
1444 5415 1483 5466 T?
1591 5420 1737 5471 summittere
1749 5419 1782 5484 Β,
1803 5422 1928 5472 summittl
1945 5418 2082 5473 nuto?

420 5496 454 5550 26
472 5500 611 5566 lugendam
630 5500 656 5565 (a
672 5501 750 5566 corr.)
762 5500 789 5550 Β
921 5499 953 5551 31
974 5500 1092 5568 lymphas
1109 5517 1136 5551 sc
1154 5501 1257 5552 miscuit
1268 5501 1345 5552 BVL
1478 5502 1513 5556 3⁸2
1531 5507 1599 5558 iuuit
1612 5505 1700 5569 Sirm,
1722 5508 1795 5558 iubet
1812 5506 1919 5571 codices,
1941 5509 2016 5559 inunt
2031 5502 2080 5573 T’,

420 5585 493 5635 iuuet
506 5584 593 5636 Sedete
660 5586 783 5652 chyronis
800 5587 825 5636 Γ
924 5584 959 5638 34
977 5587 1132 5639 munitorcm
1144 5586 1170 5637 B
1273 5587 1307 5640 36
1326 5590 1389 5641 velit
1406 5592 1505 5657 scripsi,
1523 5593 1602 5644 uellet
1618 5593 1679 5644 libri
