4500 6232
292 257 333 321 38
787 251 904 306 XXXIX
922 251 1044 319 (EPIST.
1062 254 1087 313 2,
1106 253 1141 315 tt,
1160 253 1208 306 XL
1227 251 1350 323 (EPIST.
1369 253 1394 315 2,
1414 251 1449 319 1).

291 426 462 512 pervenire
490 424 638 511 perfecti.
684 424 757 488 volo
791 446 864 489 osse
892 428 1086 511 paginarum
1115 428 1264 513 praevius
1294 426 1484 503 destinator,
1514 431 1551 488 ut
1569 424 1763 490 ‚Galliarum
1789 424 1878 490 bena
1905 422 1949 490 ad

290 528 422 594 Italiam
444 529 585 613 migrent
608 527 678 592 siue
702 529 768 592 ullo
793 529 917 595 formae
941 552 1020 596 suae
1043 531 1201 595 translata
1229 531 1411 617 dispendio.
1456 551 1498 594 an
1527 529 1664 594 forsitan
1691 528 1889 616 putubasto
1913 528 1947 593 in

292 653 496 719 quocumque
519 631 583 696 loci
606 631 803 713 delitiscere,
827 655 923 718 quem
947 633 1104 698 scientiae
1133 635 1189 698 lux
1217 636 1315 719 longe
1342 635 1521 721 positorum
1549 631 1753 698 monstrabat
1775 633 1947 720 aspectui?

260 739 326 803 tet
348 737 410 801 nisi
433 757 485 801 me
510 736 543 799 in
566 735 718 800 laudibus
741 737 805 800 tuis
830 737 1009 803 domesticu
1038 738 1169 823 quidem
1200 739 1326 818 relatio,
1355 737 1413 803 sed
1441 758 1500 823 per
1529 736 1715 822 inperitiam
1742 736 1793 801 sui
1820 756 1949 822 pauper

292 845 447 925 angustet
471 848 504 904 et
526 839 726 926 amplissima
748 840 937 904 meritorum
960 845 1089 904 tuorum
1118 840 1293 925 praeconia
1321 837 1470 904 relatoris
1494 844 1578 903 artet
1600 838 1745 902 exilitas:
1777 839 1948 923 utriusque
2012 853 2023 889 ⁵

292 943 522 1029 bybliothecae
546 942 655 1020 fibula,
688 943 900 1028 perfectionis
924 963 965 1006 ex
994 944 1125 1028 gemino
1156 944 1259 1008 latere
1290 943 1450 1008 venientis
1478 947 1588 1028 partes
1618 942 1776 1006 maximas
1804 962 1949 1009 momor-

291 1046 376 1127 disti,
392 1045 596 1132 procurando
608 1052 644 1110 ut
655 1047 713 1110 tali
730 1046 897 1131 ingenium
913 1053 1004 1110 tuum
1021 1047 1192 1112 saturitate
1209 1048 1439 1132 pinguisceret.
1475 1051 1568 1111 taceo
1587 1067 1715 1110 summa
1727 1045 1760 1110 in
1773 1046 1949 1113 eeclesiam

292 1150 445 1216 caelestis
478 1151 642 1215 conlatum
673 1149 824 1214 beneficii
859 1156 893 1214 et
924 1149 1054 1214 dotibus
1087 1151 1156 1216 sine
1191 1150 1333 1215 humano
1367 1150 1529 1215 adiutorio
1562 1149 1712 1237 supernis
1741 1149 1950 1219 instructum.

291 1260 381 1321 recte
406 1254 490 1318 enim
514 1253 575 1318 hoc
598 1254 787 1317 aestimatur
809 1254 922 1318 venire
945 1252 986 1317 de
1009 1254 1144 1339 superis,
1169 1254 1256 1338 quod
1275 1255 1360 1318 inter
1374 1253 1520 1318 homiues
1536 1251 1626 1318 nullo
1641 1259 1767 1319 constat
1781 1254 1947 1342 exemplo.

261 1355 351 1424 3sed
374 1359 457 1423 haec
480 1358 594 1422 melius
623 1358 781 1421 secuturis
810 1358 877 1420 vita
905 1356 1021 1422 comite
1050 1378 1167 1422 censeo
1193 1357 1391 1423 reservanda
1418 1356 1627 1442 temporibus.
1673 1356 1715 1422 ad
1736 1356 1817 1422 illud
1839 1359 1947 1440 venio,
2000 1371 2023 1408 ¹⁰

290 1463 323 1526 in
356 1482 418 1547 quo
446 1482 498 1525 me
533 1461 791 1525 seiunctissimus
825 1459 1017 1526 instruxisti.
1062 1468 1216 1546 quantum
1248 1460 1361 1526 habuit
1397 1461 1618 1547 praesentium
1649 1461 1813 1547 portitoris
1841 1463 1949 1527 saneti

290 1565 409 1630 Felicis
432 1565 583 1645 adsertio,
608 1565 640 1628 in
664 1564 811 1651 epistulis
835 1565 915 1628 meis
940 1565 1009 1627 sine
1033 1584 1111 1628 cura
1134 1563 1265 1629 dictatis
1289 1563 1470 1629 Romanam
1493 1564 1726 1649 aequalitatem
1749 1569 1782 1629 et
1804 1563 1947 1631 Latiaris

290 1667 406 1734 undae.
421 1690 538 1733 venam
561 1669 711 1733 alumnus
735 1666 887 1731 Rhodani
909 1667 1134 1753 perquirebas.
1171 1669 1327 1732 sollicitus
1350 1668 1445 1734 credo
1469 1674 1630 1732 scrutator
1652 1673 1686 1731 et
1708 1666 1846 1753 diligens
1870 1668 1948 1754 qnid

259 1772 369 1837 tlima
392 1773 511 1859 poliret
534 1772 667 1851 invenit,
694 1771 771 1835 dum
793 1792 853 1856 per
875 1771 1068 1836 infabricata
1091 1770 1192 1836 verba
1214 1772 1419 1838 discurreret.
1463 1771 1626 1836 nescimus
1650 1791 1714 1856 qua
1735 1770 1813 1855 quid
1835 1777 1948 1838 mento

292 1874 389 1941 homo
413 1876 529 1961 legerit
551 1875 637 1961 quod
660 1875 721 1939 hac
743 1875 866 1960 profert
887 1874 1122 1940 deliberatione
1146 1877 1365 1942 sententiam?
1389 1876 1531 1940 maxime
1554 1896 1627 1940 cum
1649 1875 1805 1961 scriptum
1828 1875 1871 1940 sit
1999 1889 2020 1928 ¹⁵

155 1989 269 2086 mig?
649 1997 718 2082 ipse
742 2016 860 2080 parcns
882 2002 1004 2077 vatum,
1028 1997 1178 2083 princeps
1200 1997 1380 2080 Heliconis,
1403 1996 1567 2061 Homerus

161 2096 267 2145 Μ’·
720 2097 834 2163 iudicis
858 2100 989 2185 excepit
1010 2101 1077 2164 tela
1099 2121 1214 2166 severa
1236 2107 1343 2165 notae.

293 2238 369 2303 ergo
395 2219 456 2283 etsi
479 2219 648 2304 indigenas
672 2226 705 2283 et
728 2219 814 2283 inter
836 2218 1017 2282 studiorum
1040 2240 1169 2284 suorum
1194 2220 1339 2304 palestra
1366 2224 1514 2284 versatos
1537 2218 1630 2282 fulcit
1652 2218 1808 2299 latinitas,
1831 2220 1950 2285 mirum

291 2320 389 2397 dictu,
421 2322 507 2406 quod
530 2331 618 2388 amat
648 2330 833 2389 extraneos.
879 2323 1037 2408 periclum
1066 2323 1174 2388 facore
1204 2322 1244 2388 de
1277 2323 1483 2408 eloquentiae
1512 2343 1633 2408 pompa
1662 2344 1726 2387 non
1753 2322 1859 2388 debeo
1887 2343 1949 2388 uec

259 2430 465 2509 5praesumo
498 2426 638 2511 qualiter
672 2428 743 2510 quis
777 2426 887 2491 valeat
921 2427 1077 2511 experiri,
1113 2447 1185 2489 oum
1218 2426 1457 2511 professionem
1490 2446 1598 2490 meam
1631 2426 1769 2511 simplici
1805 2426 1950 2492 sufficiat
1999 2438 2023 2476 ²⁰

292 2528 424 2594 studere
448 2529 625 2594 doctrinae.
671 2531 698 2592 si
731 2551 783 2593 rnc
811 2536 920 2592 tamen
949 2528 1112 2614 quondam
1139 2528 1318 2593 studiorum
1346 2528 1530 2593 liberalium
1563 2529 1668 2594 adhuc
1697 2530 1842 2594 novitate
1866 2551 1949 2617 gau·

291 2631 422 2696 dentem
447 2633 561 2718 aliquis
584 2633 641 2696 tali
665 2632 764 2697 dente
788 2633 961 2717 tetigisset,
986 2654 1151 2717 parassem
1174 2633 1226 2696 vel
1249 2632 1335 2716 quod
1358 2631 1398 2696 ad
1423 2634 1669 2699 excusationem
1691 2641 1781 2699 esset
1795 2634 1949 2701 idoneum

259 2735 343 2798 bvel
372 2735 458 2820 quod
486 2757 549 2799 non
578 2734 717 2819 puderet
747 2734 920 2799 obiectum.
967 2756 1053 2799 nunc
1083 2735 1166 2813 vale,
1202 2735 1245 2797 mi
1274 2734 1413 2809 domiuo,
1445 2743 1477 2799 et
1508 2737 1593 2801 eirca
1622 2758 1675 2802 me
1704 2737 1949 2803 ecclesiasticae

295 2839 398 2922 magis
431 2838 623 2924 disciplinae
653 2858 771 2901 exerce
802 2838 972 2905 fautorem.
1017 2839 1123 2902 scribe
1152 2838 1205 2903 vel
1233 2837 1368 2917 manda,
1402 2837 1646 2904 Melchisedech
1679 2846 1834 2926 parentes
1867 2861 1947 2926 quos

293 2942 460 3023 habuerit,
495 2943 759 3028 explanationem
790 2962 901 3020 arcae,
936 2942 1190 3006 circumcisionis
1219 2949 1381 3006 secretum
1409 2950 1442 3005 et
1471 2963 1556 3026 quae
1585 2943 1755 3026 profctieis
1783 2944 1949 3030 mysteriis
1999 2954 2023 2993 ²⁵

293 3045 512 3111 includuntur.
556 3046 617 3108 ista
646 3066 729 3130 quae
759 3052 834 3109 sunt
870 3046 1086 3110 saecularium
1120 3045 1288 3109 schemata
1315 3052 1520 3131 respuantur,
1555 3045 1686 3110 caducis
1713 3047 1842 3113 intenta
1869 3069 1945 3135 per-

293 3151 511 3221 suasionibus,
535 3148 622 3212 telae
646 3149 762 3212 similis
786 3149 1004 3234 Penelopoae.

963 3439 1026 3506 XL
1048 3439 1158 3526 (setar.
1183 3445 1212 3519 2,
1238 3440 1282 3526 7).

879 3632 1115 3709 ENNODIVS
1143 3635 1356 3711 FIRMINO.

258 3790 271 3848 ¹
403 3779 539 3895 Erigat
561 3810 639 3874 lieet
660 3830 752 3874 amor
775 3810 859 3895 quod
883 3832 947 3876 non
977 3818 1085 3899 potest
1112 3813 1249 3898 implere
1272 3812 1432 3899 perfectio
1457 3820 1490 3876 et
1512 3813 1655 3900 inpetrat
1671 3814 1803 3895 caritas,
1827 3822 1865 3880 ut
1885 3836 1948 3904 per

290 3914 453 3999 loquellae
478 3914 648 3978 audaciam
672 3936 756 4000 quac
779 3936 896 3981 ornare
920 3923 1050 4003 poterut
1072 3925 1187 4005 pereat
1210 3939 1285 4002 spes
1309 3916 1448 3998 tacendi,
1478 3918 1620 3983 maxime
1644 3938 1717 3982 eum
1739 3918 1781 3982 sit
1803 3917 1945 4000 dicendi,
1997 3936 2022 3974 ιι

144 4014 326 4115 {ig-,lqlgf-ut
354 4017 477 4080 Tullius
506 4018 616 4093 refert,
648 4019 707 4081 nisi
739 4040 812 4083 cum
844 4023 1029 4084 necessaria
1058 4021 1152 4084 nimis
1179 4022 1290 4106 inepta
1318 4019 1479 4086 condicio:
1518 4018 1576 4085 sed
1606 4021 1689 4084 inter
1721 4021 1945 4087 narrationum

289 4119 358 4182 vias
383 4127 417 4183 et
439 4120 558 4184 itinera
583 4122 762 4206 aperienda
793 4123 876 4189 falce
907 4123 1074 4188 doctrinae
1104 4125 1209 4188 teneri
1237 4125 1366 4188 nescius
1397 4125 1512 4188 virium
1542 4123 1800 4190 consideratione
1829 4133 1947 4212 regnat

259 4220 448 4287 tadfectus.
493 4224 689 4309 inperatoris
713 4226 782 4289 loco
807 4226 989 4319 dominatur
1012 4226 1112 4291 semel
1136 4227 1360 4314 penetralibus
1384 4228 1489 4292 cordis
1511 4227 1612 4292 infixa
1634 4227 1776 4310 dilectio,
1807 4228 1945 4295 credens

392 4496 597 4552 3dilitiscireB
718 4499 868 4570 bangustit
886 4500 913 4553 Β
920 4504 931 4541 ¹
1001 4504 1116 4556 relatoris
1131 4501 1170 4567 B,
1193 4504 1324 4570 perlatoris
1342 4505 1417 4555 ceteri
1536 4502 1749 4572 bbybliotbccae
1767 4503 1796 4573 (y
1813 4506 1842 4557 ia
1860 4503 1950 4572 teht!

289 4585 369 4651 partis
382 4582 426 4635 B¹
531 4583 743 4655 ipinguaacarst
761 4587 785 4636 V
850 4607 950 4641 sumrua
967 4590 994 4641 in
1011 4590 1111 4656 scripti,
1128 4607 1254 4642 summam
1272 4591 1331 4641 libri
1400 4590 1533 4642 ecclesiam
1546 4588 1581 4655 B,
1599 4609 1648 4644 om.
1666 4592 1742 4644 caari
1850 4588 1945 4643 Seou-

289 4670 370 4722 latum
393 4672 484 4738 scripsi
505 4690 558 4723 nou
578 4674 632 4725 rius
653 4674 820 4739 dubitatione,
843 4677 970 4728 conlatam
989 4677 1049 4729 libri
1190 4674 1223 4726 10
1245 4677 1292 4729 bac
1316 4692 1372 4743 arcp.
1392 4677 1437 4727 lin.
1456 4694 1471 4728 c
1488 4677 1516 4742 l',
1538 4677 1622 4729 hueL
1762 4675 1795 4729 12
1816 4675 1946 4731 folioosB

291 4754 324 4808 13
341 4758 429 4810 rodani
451 4759 549 4811 codices
663 4758 696 4811 14
714 4763 851 4814 iufabicata
868 4761 916 4814 Ba
1002 4782 1053 4830 qun
1076 4765 1137 4831 quid
1158 4763 1213 4819 ΤΒ,
1236 4765 1297 4830 quia
1317 4763 1379 4829 quid
1394 4758 1549 4826 VlfflOP,
1573 4765 1634 4830 quia
1655 4764 1717 4830 quid
1740 4781 1792 4831 qua
1808 4759 1851 4815 Bb
1874 4772 1941 4816 recta

283 4844 349 4908 sort.
362 4845 614 4910 etquoddclendum
704 4845 736 4896 15
754 4848 965 4901 diliberationeB
1016 4850 1175 4901 scribtumB
1263 4848 1295 4899 16
1307 4846 1443 4913 Homerus]
1456 4867 1561 4901 umerus
1575 4847 1603 4900 Β
1684 4848 1717 4901 17
1733 4847 1844 4917 excepit]
1856 4852 1942 4918 excipi

289 4929 310 4991 (t
327 4946 384 4995 sup.
402 4929 462 4995 ser.)
477 4928 504 4982 Β
610 4929 642 4980 18
659 4949 720 4999 ergo
740 4933 819 4986 latret.
837 4936 907 4987 misc.
926 4936 962 4986 ad
980 4935 1076 5001 symm.
1093 4955 1120 5001 p.
1136 4940 1197 4998 246,
1215 4954 1276 5003 rogo
1295 4933 1354 4986 libri
1423 4936 1550 5002 indigenis
1568 4934 1664 4985 Her-td
1733 4944 1852 4989 uersatus
1863 4934 1945 5001 31⁷¹,

290 5017 397 5067 uersutis
415 5015 439 5067 L
456 5025 480 5069 ct
497 5017 593 5069 Hertel
679 5019 754 5071 fulcit
776 5020 879 5085 scripsi,
904 5022 980 5088 fulgit
996 5022 1021 5071 B
1028 5021 1056 5084 V,
1080 5023 1140 5073 fulit
1157 5021 1193 5081 L,
1217 5023 1299 5089 fulget
1313 5022 1359 5073 rel.
1496 5019 1526 5071 19
1544 5023 1612 5087 quod
1626 5018 1690 5086 BG,
1713 5023 1833 5089 Igsquodfjl
1850 5022 1945 5087 (nelei

288 5118 358 5151 mart.
377 5107 393 5152 2
411 5120 467 5169 sup.
486 5103 543 5163 lin.)
562 5103 590 5168 V,
611 5105 652 5156 uol
672 5106 693 5156 si
712 5105 744 5168 L,
765 5108 873 5172 quodsi
892 5107 918 5169 T,
940 5109 1001 5174 quid
1014 5106 1054 5158 Pb
1179 5107 1214 5159 ‘20
1231 5109 1420 5175 professicmom
1435 5104 1482 5158 Β1
1604 5106 1637 5158 21
1657 5107 1782 5177 novitate]
1807 5111 1940 5164 nobilitato

290 5185 369 5237 Sirm.
496 5188 530 5240 24
556 5193 679 5244 fautorem
699 5190 754 5240 BV
760 5189 770 5226 ¹
776 5229 782 5251 ‚
810 5195 922 5245 fauorem
941 5192 1047 5251 mr,
1073 5197 1186 5246 fouersm
1209 5191 1259 5245 ΟΡ
1341 5192 1442 5261 manda]
1471 5196 1589 5246 mandata
1611 5192 1651 5244 Vl
1735 5197 1902 5250 moleisodoch
1919 5196 1944 5248 B

289 5269 323 5322 25
340 5272 502 5413 alrchaoqu
593 5276 627 5328 26
644 5285 770 5330 mensu
784 5275 811 5328 Β
932 5278 965 5331 27
984 5282 1142 5348 Penelopaeo
1160 5282 1259 5346 scripsi,
1277 5282 1440 5348 ponaelopaci
1455 5278 1490 5343 Β,
1509 5282 1679 5349 pocuaslopae
1695 5281 1723 5346 1⁷,
1741 5283 1897 5350 poenolopae
1910 5281 1944 5345 L,

290 5374 355 5424 pene
365 5376 413 5426 opo

395 5467 462 5537 [XL]
498 5471 532 5524 ‘28
551 5472 674 5541 firmino]
692 5493 717 5525 m
735 5491 791 5540 cap.
805 5473 832 5525 B
923 5475 1132 5542 3010qnelast⁷
1213 5475 1247 5527 32
1265 5476 1400 5528 itsncraB
1452 5480 1567 5530 docmina
1584 5490 1610 5532 et
1628 5497 1704 5532 errore
1717 5476 1766 5532 Ba
1852 5477 1889 5533 88
1905 5482 1943 5533 af·

290 5558 372 5608 lbctus
388 5557 412 5606 V
477 5560 619 5613 dominator
633 5559 660 5612 Β
729 5563 931 5628 penetrabilibus
951 5563 994 5613 1⁷11
