4500 6232
262 286 324 347 2⁰6
917 276 1050 331 CClell
1069 274 1203 339 (OPUSC.
1223 276 1258 335 l).

260 453 462 518 didicerunt?
506 449 780 538 quemadmodum
802 449 854 530 dt,
883 455 920 514 ut
944 449 1073 513 ieiunae
1097 445 1280 532 cornipedis
1304 466 1414 510 sessor
1436 445 1617 511 visceribus
1640 447 1731 512 cibos
1753 446 1920 523 extrahet,

262 577 344 643 quos
368 557 426 620 illa
448 577 489 620 ne
513 554 686 633 conderet,
715 551 886 637 diligentia
908 552 1091 616 instruente
1114 551 1305 636 prospexit?
1349 547 1400 611 his
1423 555 1499 613 ante
1523 548 1662 614 mundus
1685 550 1819 636 pervius
1841 570 1921 617 esse

262 661 471 726 credebatur:
495 679 581 723 nune
604 658 694 722 illam
718 657 780 720 sibi
804 662 931 719 tantum
947 654 1035 719 orbis
1052 660 1179 739 partem
1195 654 1408 718 interclusam
1424 653 1609 735 aestimant,
1632 674 1729 737 quam
1745 654 1860 720 tueris.
1878 690 1920 702 -

262 764 392 829 Oursim
406 764 517 827 multa
539 759 746 840 transcendo,
771 781 813 824 ne
835 759 987 845 pigrioris
1010 758 1076 822 stili
1095 758 1171 822 vitio
1189 778 1282 822 serus
1298 755 1465 829 advenias,
1489 778 1531 821 ne
1547 754 1718 822 Romanae
1734 757 1791 823 fax
1807 756 1921 823 curiae

264 868 320 932 diu
344 868 376 930 in
399 866 549 930 umbram
573 871 687 929 coacta
711 862 835 927 tardius
859 862 1038 927 elucescat.
1985 892 1997 927 ⁵

119 1032 138 1068 ο
211 968 253 1031 23
373 968 433 1034 VI.
468 969 559 1033 luter
574 969 661 1032 vitae
684 966 834 1031 tirocinia
857 971 891 1030 et
905 963 1142 1049 triumphorum
1157 962 1379 1026 maturitatem
1395 963 1521 1048 pectori
1537 984 1629 1029 sacro
1645 962 1799 1030 affectum
1815 962 1922 1029 nostri

264 1074 417 1139 caelestis
445 1072 539 1136 favor
568 1071 696 1136 infudit.
741 1071 806 1133 iam
836 1069 1009 1133 diuturnae
1040 1067 1161 1152 quietis
1193 1063 1364 1152 dispondio
1391 1087 1451 1152 per
1478 1065 1732 1151 gubernantium
1759 1066 2010 1139 vilitatemsns

264 1184 382 1264 potens
404 1186 492 1241 terra
515 1182 741 1252 consenuerat,
765 1174 828 1236 iam
853 1172 1009 1236 attulerat
1030 1171 1172 1256 publicis
1197 1170 1314 1255 opibus
1337 1189 1405 1254 pax
1428 1171 1623 1235 intemerata
1646 1170 1823 1243 defectum.
1846 1193 1922 1237 curn

265 1280 352 1366 opud
374 1301 434 1343 nos
457 1279 654 1344 cottidianae
679 1275 945 1362 depraedationis
968 1281 1084 1339 auctus
1107 1272 1314 1338 successibus
1338 1274 1512 1337 intestinus
1528 1276 1703 1360 populator
1718 1284 1843 1361 egeret,
1865 1276 1923 1363 qui

266 1404 398 1448 suorum
431 1382 588 1469 prodigus
620 1382 821 1445 incremento
855 1380 973 1443 aerarii
1008 1398 1071 1442 non
1105 1386 1172 1442 tem
1207 1377 1366 1463 poscebat
1401 1398 1537 1461 surgere
1569 1379 1786 1464 vectigalibus
1824 1402 1924 1466 quam
1979 1414 2005 1451 so

267 1488 400 1573 rapinis.
439 1487 608 1551 saeviente
624 1485 750 1549 ambitu
769 1505 895 1571 pauper
910 1482 1060 1547 dominus
1077 1481 1152 1545 odia
1168 1482 1328 1545 effusione
1346 1487 1564 1560 contraxerat,
1589 1480 1648 1545 sed
1663 1502 1725 1546 uec
1741 1484 1925 1551 defrudatis

215 1595 254 1654 24
267 1591 390 1664 viribus
421 1590 505 1675 quod
536 1588 704 1653 minuebat
735 1588 922 1674 opulentiae
954 1586 1153 1671 iungebatur
1182 1585 1324 1651 affectui.
1370 1594 1447 1649 tunc
1476 1586 1563 1649 enim
1591 1587 1685 1652 aulae
1715 1590 1868 1675 angustia
1892 1591 1927 1656 in

268 1701 373 1760 artum
397 1715 450 1759 res
473 1693 619 1779 privatas
642 1693 799 1777 agitabat,
823 1713 885 1755 neo
908 1692 1028 1754 micare
1052 1709 1189 1773 usquam
1206 1688 1365 1752 scintillas
1381 1689 1596 1755 famulantum
1613 1692 1778 1757 extinctus
1795 1696 1927 1779 tyranni

267 1798 370 1862 fornes
386 1797 575 1862 indulserat.
610 1796 780 1861 metuebat
796 1801 951 1881 parentes
968 1792 1144 1869 exercitus,
1162 1812 1257 1877 quem
1275 1792 1463 1857 meminisse
1482 1793 1617 1878 originis
1635 1815 1715 1859 suae
1727 1794 1928 1862 admonebat

267 1901 371 1966 honor
393 1903 536 1973 alienum
561 1922 635 1965 nam
659 1902 706 1965 ire
729 1900 770 1964 ad
794 1908 908 1963 nutum
933 1917 1027 1960 suum
1051 1897 1197 1981 legiones
1222 1903 1255 1959 ct
1277 1916 1425 1959 remeare
1448 1916 1569 1980 pavore
1586 1898 1714 1982 algidus
1731 1899 1926 1986 imperabat.
1982 1933 2007 1971 e.

268 2014 423 2091 suspecto
445 2006 533 2069 enim
557 2012 609 2068 est
632 2003 842 2069 oboedientia
865 2023 950 2087 quoe
973 2000 1151 2064 famulatur
1172 1999 1325 2084 indignis,
1350 2006 1383 2063 ct
1407 2000 1559 2083 quotiens
1582 2002 1749 2086 praelatos
1773 2004 1928 2069 convenit

216 2110 470 2176 naconscientis
495 2109 603 2194 stirpis
627 2108 771 2177 ultimae.
795 2117 829 2171 ct
852 2104 931 2170 illud
953 2111 1112 2175 metuunt,
1137 2102 1223 2188 quod
1246 2104 1411 2167 timentur.
1457 2110 1535 2167 nata
1557 2111 1608 2167 cst
1630 2105 1735 2170 felicis
1759 2106 1845 2170 inter
1868 2128 1928 2173 ves

271 2234 371 2283 causo
401 2211 601 2285 discordiae,
638 2211 714 2274 ‹lum
751 2210 938 2297 perduelles
971 2209 1096 2271 animos
1119 2208 1160 2271 .in
1189 2207 1445 2291 propinquorum
1475 2214 1603 2271 tuorum
1633 2229 1749 2274 necem
1778 2210 1930 2276 Itomana

272 2316 471 2402 prosperitas
498 2315 656 2378 invitavit.
702 2322 861 2398 generato
887 2319 939 2375 est
967 2311 1008 2374 ab
1038 2309 1189 2373 invalidis
1221 2330 1321 2372 causa
1350 2310 1511 2379 certandi.
1543 2319 1575 2376 et
1603 2333 1644 2377 ne
1668 2314 1720 2377 vel
1747 2336 1767 2377 a
1794 2316 1929 2399 negotio

219 2419 426 2505 reperireris
450 2418 577 2483 veniret
600 2417 728 2497 fiducia,
753 2438 827 2502 pars
851 2416 1016 2499 fugacium
1040 2415 1165 2500 proelia
1189 2413 1374 2478 concitavit.
1414 2419 1491 2476 tunc
1514 2437 1532 2478 a
1556 2422 1589 2480 tc
1612 2418 1806 2482 conmonitis
1829 2419 1930 2504 longe
1983 2454 2012 2485 -..

273 2525 402 2608 lateque
427 2521 549 2585 viribus
577 2521 765 2585 innumeros
795 2520 913 2584 diffusa
942 2539 1001 2603 por
1024 2519 1164 2604 populos
1186 2538 1268 2600 gens
1291 2537 1357 2579 una
1381 2517 1590 2582 contrahitur.
1636 2522 1796 2603 migrante
1819 2528 1930 2587 tecum

273 2625 312 2690 ad
329 2624 512 2688 Ausoniam
537 2623 655 2688 mundo
679 2624 786 2687 nullus
809 2632 941 2709 praeter
963 2628 1134 2708 parentem
1159 2621 1221 2684 iter
1243 2620 1395 2706 adripuit.
1436 2627 1565 2706 sumpto
1589 2631 1664 2687 sunt
1687 2625 1835 2709 plaustra
1856 2625 1930 2693 vice

272 2734 449 2805 tectorum,
478 2734 511 2791 et
534 2727 566 2789 in
590 2726 704 2791 domos
728 2726 901 2790 instabiles
925 2726 1153 2790 confluxerunt
1177 2723 1284 2785 omnia
1308 2724 1470 2788 servitura
1493 2727 1693 2791 necessitati.
1738 2735 1816 2792 tunc
1839 2751 2023 2805 armasse

131 2834 265 2931 ige-¹22⁰·
277 2831 408 2895 Cereris
432 2837 465 2894 ct
487 2830 647 2893 solventia
668 2830 867 2893 frumentum
892 2828 999 2892 bubus
1023 2846 1103 2889 saxa
1126 2825 1349 2888 trahebantur.
1388 2833 1544 2892 oneratae
1567 2828 1689 2893 fetibus
1710 2838 1829 2896 matres
1845 2833 1934 2899 inter

178 2919 183 2939 ¹
220 2935 415 3003 flfamilias
439 2940 511 2997 tuas
535 2935 657 2999 oblitae
681 2954 781 2998 sexus
805 2940 838 2997 et
861 2931 1014 3019 ponderis
1038 2928 1175 3016 parandi
1197 2929 1302 2993 victus
1327 2950 1404 2992 euro
1428 2929 1628 2996 laborabant.
1668 2940 1744 2998 tunc
1761 2936 1792 2998 in
1815 2957 1934 3023 campo
1988 2966 2015 3003 n.

120 3039 381 3137 ‘'waeffijfsshiems
405 3044 438 3101 et
461 3036 528 3121 iugi
553 3038 741 3121 pruinarum
766 3035 905 3101 candore
922 3035 1029 3098 velata
1052 3033 1212 3097 caesaries
1229 3031 1364 3094 barbam
1381 3031 1482 3095 stiriis
1498 3032 1646 3117 inplicuit
1663 3038 1752 3101 crine
1768 3057 1933 3121 possesso.

174 3125 179 3135 ⁵
277 3163 352 3206 nam
375 3140 460 3224 quod
484 3139 675 3225 diligentius
699 3139 927 3204 indumentum
950 3143 1100 3200 matrona
1123 3140 1268 3209 neverat,
1292 3132 1430 3197 durante
1446 3136 1523 3219 gclu
1539 3143 1576 3200 ut
1593 3136 1788 3206 adhaereret
1805 3142 1934 3227 corpori

274 3244 498 3329 frangebatur.
543 3248 671 3328 pastum
702 3242 889 3325 agminibus
920 3241 986 3303 tuis
1018 3246 1075 3302 aut
1105 3236 1280 3301 indevotae
1309 3238 1458 3303 notiones
1488 3248 1545 3303 out
1568 3240 1707 3307 educata
1731 3244 1841 3309 lustris
1863 3246 1933 3311 forn

277 3350 454 3433 suggessit.

225 3456 265 3519 28
384 3448 462 3513 VII.
496 3449 588 3513 Inter
610 3447 703 3526 baec,
727 3468 811 3531 quae
835 3447 893 3510 tibi
917 3468 990 3510 cum
1011 3447 1117 3531 glacie
1139 3455 1195 3509 aut
1216 3446 1331 3510 ardore
1356 3454 1535 3526 cesserunt,
1559 3469 1657 3513 unam
1678 3454 1863 3518 certaminis
1886 3454 1934 3519 tui

277 3555 397 3618 lineam
413 3560 635 3617 summotenus
654 3552 735 3616 libet
748 3550 928 3634 adtingere.
958 3550 1041 3613 Vlca
1053 3550 1169 3613 fluvius
1186 3558 1236 3612 eet
1251 3549 1355 3613 tutela
1368 3548 1577 3635 (lepidorum,
1594 3574 1677 3637 quae
1693 3556 1763 3619 vice
1777 3578 1933 3643 aggerum

278 3657 382 3721 munit
416 3655 558 3722 audaces
595 3662 628 3720 et
661 3655 694 3718 in
723 3655 873 3738 iugorum
911 3674 1000 3717 more
1039 3653 1123 3717 latus
1154 3653 1342 3738 provinciae
1371 3652 1565 3738 quibusdam
1597 3658 1695 3721 muris
1727 3661 1936 3745 amplectitur

278 3762 368 3826 nullo
391 3760 495 3825 ariete
518 3758 723 3823 frustrandis.
761 3757 801 3821 ad
825 3758 911 3820 huuc
933 3765 967 3820 te
992 3757 1083 3819 callis
1106 3757 1153 3819 tui
1177 3757 1266 3841 rigor
1288 3755 1436 3829 adduxit,
1459 3757 1515 3820 ubi
1539 3780 1595 3844 pro
1617 3760 1737 3845 legatis
1755 3770 1788 3827 et
1809 3764 1936 3848 gratiae

237 3934 240 3939 ,
280 3864 502 3952 postulatione
525 3860 706 3927 obsistendi
737 3863 844 3925 animo
873 3881 955 3945 gens
985 3859 1040 3923 diu
1068 3860 1189 3923 invicta
1218 3860 1421 3945 properavit,
1453 3881 1526 3923 cum
1554 3883 1661 3947 paene
1688 3864 1839 3930 cohortes
1862 3874 1937 3932 tuas

227 3968 268 4029 29
280 3973 357 4033 ante
385 3966 534 4029 inimicos
564 3965 658 4029 fumis
688 3965 870 4029 necessitas
900 3962 1077 4028 obsideret.
1122 3960 1188 4039 dic,
1222 3983 1360 4047 quaeso,
1394 3963 1648 4030 clementissimo
1676 3965 1821 4049 dominc,
1858 3970 1936 4056 quid
1992 3994 2019 4031 a.

280 4077 411 4155 praeter
434 4077 467 4133 te
491 4069 562 4154 spei
585 4075 658 4132 crst
680 4067 847 4131 residuum
868 4068 901 4130 in
918 4067 1038 4152 populo
1056 4067 1199 4130 harenae
1215 4072 1271 4129 aut
1287 4065 1450 4130 sideribus
1467 4069 1698 4152 conparando?
1736 4071 1936 4137 instantibus

280 4171 419 4257 (lepidis
442 4192 538 4236 omne
562 4170 752 4257 pestilentie
775 4171 848 4243 iter,
871 4168 958 4254 quod
981 4169 1180 4233 declinasset
1203 4169 1343 4253 fugiens.
1367 4176 1481 4234 contra
1504 4171 1643 4237 nudatos
1667 4175 1786 4258 vagina
1808 4168 1943 4261 gladios

121 4264 504 4369 ,tffilhllngtransvolesti.
549 4274 671 4338 nullius
698 4273 791 4337 inscii
823 4293 931 4338 mersa
954 4292 1057 4336 caeno
1082 4271 1219 4336 haesere
1242 4272 1397 4357 vestigia,
1430 4273 1538 4338 nullus
1561 4276 1650 4341 vitae
1672 4277 1828 4364 prodigus
1850 4281 1938 4367 peri-

286 4379 395 4443 culum
425 4380 559 4463 ignarus
589 4378 732 4442 insumit.
778 4377 918 4441 vincitur
948 4376 1110 4439 humanae
1140 4376 1258 4439 urentis
1290 4376 1465 4441 auctoritas
1497 4380 1704 4463 praevisione
1732 4381 1940 4465 discriminis,

283 4481 422 4546 labascit
436 4481 569 4544 fortium
585 4481 795 4559 conscientia,
813 4479 962 4563 quotiens
978 4476 1184 4542 formidanda
1196 4478 1296 4542 oculis
1314 4479 1515 4562 ingeruntur.
1551 4484 1642 4547 stetit
1658 4491 1733 4548 ante
1746 4485 1938 4552 indomitam
1992 4509 2022 4546 so

387 4791 573 4844 ‘dconderitB
670 4791 789 4844 3tueres
802 4791 827 4841 Β
887 4800 916 4841 lu
934 4791 1113 4842 tuerismolim
1126 4791 1313 4857 seleucianis
1411 4791 1492 4844 deur
1509 4794 1531 4845 ei
1549 4795 1631 4845 multa
1643 4794 1668 4843 B
1728 4796 1779 4847 suli
1792 4798 1815 4859 Β,
1831 4797 1894 4848 atilli
1907 4797 1941 4862 B,

283 4879 372 4931 stellae
383 4879 464 4929 ceteri
569 4895 601 4928 ne
620 4916 646 4928 ..
666 4879 730 4929 uitio
747 4896 780 4930 no
801 4894 874 4930 serus
890 4876 916 4926 Β
1052 4874 1070 4925 ἶ)
1092 4878 1208 4929 umbram
1225 4878 1313 4941 Siron,
1335 4879 1426 4929 umbra
1442 4879 1502 4929 libri
1641 4877 1656 4929 7
1679 4881 1872 4947 gubernantum
1889 4882 1946 4933 Tr!

283 4963 492 5015 ddell'ectumB
605 4961 780 5015 ilcotidianue
795 4963 820 5012 V
891 4963 1012 5029 populato
1035 4971 1135 5029 regeret
1147 4962 1182 5026 Β,
1206 4965 1287 5030 egerit
1311 4964 1446 5031 populator
1463 4966 1538 5015 celeri
1649 4964 1678 5015 ll
1699 4968 1854 5018 saeuientem
1873 4968 1943 5027 libri,

284 5050 381 5102 ernost.
394 5050 490 5114 llbrths,
508 5049 638 5100 saeuiente
657 5049 682 5098 in
701 5047 797 5100 Harlcl
865 5065 1008 5116 pauperum
1020 5049 1087 5114 sort.
1163 5048 1281 5100 dominus
1294 5047 1327 5111 B,
1344 5050 1475 5101 dominum
1491 5050 1568 5101 ceferi
1679 5050 1711 5101 1⁴2
1729 5054 1833 5103 effuant
1846 5052 1943 5105 Ilortel

289 5136 334 5201 (cs.
354 5135 536 5195 cll'n'nln'e,
556 5134 712 5187 cc'cn'nrl
721 5140 737 5183 :1
754 5134 811 5199 ol),
827 5136 920 5186 affectu
939 5134 999 5185 libri
1104 5132 1136 5184 13
1154 5135 1323 5186 exaruisses
1432 5134 1465 5187 lb
1483 5136 1592 5203 legionis
1605 5136 1631 5186 Β
1638 5136 1712 5187 VLT
1819 5136 1852 5189 lli
1870 5156 1942 5206 prse-

286 5223 355 5273 latus
368 5222 474 5285 codices,
497 5221 595 5272 casaur.
604 5239 625 5286 p
757 5216 788 5270 l'f
812 5221 899 5271 felices
915 5220 1021 5282 codices,
1044 5220 1141 5272 orere
1159 5216 1218 5286 Tlp
1351 5220 1383 5271 18
1405 5222 1543 5289 perduellis
1564 5225 1664 5274 urrinrus
1682 5224 1788 5285 codices,
1811 5226 1908 5275 mamad.
1922 5244 1943 5293 p

286 5324 416 5359 ronmrarn
442 5308 554 5369 codices,
583 5307 680 5358 mered.
697 5325 717 5373 p
857 5304 890 5356 19
917 5307 960 5358 uel
984 5324 1017 5357 un
1036 5308 1041 5373 l
1061 5308 1163 5374 rragotio
1180 5306 1205 5356 B
1342 5306 1374 5358 21
1403 5309 1554 5361 innnmerus
1572 5309 1597 5359 Β
1734 5310 1769 5361 ‘2⁴2
1794 5312 1901 5379 arripuit
1923 5311 1949 5361 l*

286 5392 321 5444 ‘23
342 5396 433 5445 domus
457 5392 620 5446 instabillsll
741 5389 774 5442 24
793 5392 880 5443 bubus
896 5391 930 5456 B,
953 5393 1036 5444 bobus
1054 5394 1129 5445 cruri
1248 5392 1283 5445 *25
1304 5395 1424 5446 laborant
1440 5394 1518 5447 sim.
1641 5394 1674 5447 ’21
1694 5394 1761 5461 surm}
1787 5398 1837 5447 irrrn
1854 5399 1942 5449 modim

288 5479 466 5547 transegere
487 5480 509 5527 Γ
627 5477 662 5530 32
679 5488 768 5531 munet
784 5478 809 5528 Β
888 5480 915 5529 in
933 5478 1069 5530 ‹lelcrrdum
1084 5488 1147 5545 pitto
1225 5498 1321 5533 morem
1335 5500 1354 5547 p
1479 5481 1514 5533 33
1530 5484 1616 5551 ligatis
1629 5483 1653 5533 Β
1774 5481 1808 5533 35
1827 5484 1945 5535 furuesB

287 5566 421 5617 obsederet
433 5566 457 5615 Β
560 5563 594 5616 37
612 5566 763 5618 nudatusB
831 5564 973 5632 gladiusB
1076 5562 1110 5615 39
1128 5567 1241 5618 incurret
1256 5568 1281 5616 Β
1383 5566 1418 5620 40
1435 5571 1616 5622 convenientiam
1629 5568 1668 5618 151
