4500 6232
557 289 614 344 CIL
633 289 756 359 (EPlST.
774 293 799 354 4,
819 293 870 358 17),
889 291 932 346 CL
951 292 1078 377 (EPIS'P,
1092 293 1117 355 4,
1139 295 1189 359 18),
1208 293 1266 347 eni
1284 293 1407 353 cuplae.
1426 295 1451 355 l,
1474 293 1523 353 un.

870 581 944 650 clu
966 584 1077 670 (misr.
1093 594 1123 665 4,
1143 587 1207 670 17).

770 778 1007 852 ENNODIVS
1034 780 1308 854 DECORATO.

323 924 442 1016 Recte
466 950 608 1015 creditur
630 954 829 1017 enuntiatrix
854 975 928 1018 csse
951 955 1065 1040 lingua
1088 957 1314 1042 penetralium,
1339 977 1422 1041 quae
1443 955 1576 1019 latentis
1594 961 1723 1018 secreta
1739 954 1893 1016 animae!

215 1056 256 1120 ad
272 1057 378 1120 lucem
394 1062 489 1119 vocat
505 1056 645 1140 eloquio.
682 1059 860 1121 nesciretur
884 1080 975 1122 amor
997 1069 1177 1145 pectorum,
1202 1062 1262 1124 uisi
1287 1061 1377 1123 illum
1402 1081 1507 1123 sermo
1532 1058 1677 1144 proditor
1700 1056 1868 1120 indicaret.

214 1162 284 1224 iure
302 1168 449 1224 veterum
472 1159 634 1245 sapientia
658 1161 805 1244 epistolis
827 1184 887 1225 usa
910 1164 1003 1247 quasi
1027 1163 1172 1227 clavibus
1197 1157 1376 1249 repositum
1396 1186 1454 1248 per
1471 1186 1526 1226 cus
1542 1162 1688 1246 vulgavit
1704 1162 1869 1224 allectum.

152 1310 156 1319 .
216 1269 322 1327 tracta
344 1268 394 1326 est
417 1263 449 1325 iu
474 1263 695 1326 testimouium
721 1264 907 1350 scriptionis
934 1286 1027 1329 ruens
1057 1273 1176 1331 testata
1207 1265 1427 1349 diligentiam:
1459 1265 1576 1329 mutari
1607 1265 1775 1328 caritatem
1806 1284 1870 1326 non

139 2796 163 2834 15·

215 1366 316 1430 licuit.
361 1387 456 1450 quam
490 1364 680 1430 desiderans
709 1368 829 1452 pagina
862 1369 1099 1433 interveniente
1128 1371 1346 1455 promisisset,
1376 1370 1451 1433 huic
1481 1390 1533 1432 me
1557 1390 1618 1453 ego
1642 1365 1902 1432 eonsuetudini2

215 1470 265 1533 vel
294 1470 359 1554 legi
389 1469 498 1554 potius
527 1470 726 1555 mancipari,
756 1471 911 1537 adserens
935 1474 1115 1537 litterarum
1139 1474 1203 1539 fide
1227 1473 1302 1558 quid
1326 1473 1367 1538 de
1391 1472 1614 1556 magnitudine
1638 1480 1696 1535 tua
1719 1471 1869 1534 sensibus

215 1572 360 1637 inolevit.
400 1594 458 1636 vos
476 1573 502 1635 si
523 1594 651 1636 mecum
675 1575 744 1659 pari
768 1597 846 1638 cura
869 1577 901 1639 in
925 1575 1165 1641 devinctionem
1190 1576 1382 1655 convenitis,
1407 1577 1433 1639 si
1456 1575 1521 1639 lida
1543 1577 1703 1661 interpres
1727 1574 1869 1639 amicitia

216 1698 251 1741 se
274 1677 452 1741 aestimans
474 1681 584 1739 votum
608 1676 698 1741 videt
720 1679 870 1753 alterius,
895 1701 1087 1764 responsum
1110 1680 1262 1744 deterens
1287 1679 1410 1743 tabella
1432 1678 1603 1763 significet.
1650 1699 1711 1762 ego
1733 1699 1869 1742 munera

217 1780 422 1844 salutationis
445 1780 625 1865 inpertieus
649 1781 917 1847 deliberationem
942 1804 1138 1849 meamvnon
1162 1789 1326 1867 tamquam
1351 1781 1522 1846 verborum
1546 1803 1664 1846 avarus
1688 1781 1825 1846 occului.

883 2089 936 2156 Gla
958 2090 1068 2176 (srrsr.
1084 2096 1114 2169 4,
1135 2090 1198 2175 18).

810 2285 1046 2358 unnenlvs
1074 2285 1275 2358 FAVSTO.

323 2430 369 2523 In
393 2458 586 2523 adserendis
609 2460 726 2544 quibus
750 2482 843 2524 suum
867 2483 929 2524 non
954 2461 1096 2546 denegat
1119 2463 1274 2525 honestas
1296 2463 1395 2545 plena
1412 2461 1613 2545 suffragium.
1635 2460 1898 2544 multiplicibusl

215 2584 280 2627 uon
304 2573 378 2627 utor
407 2562 583 2646 adloquiis,
612 2585 653 2626 ne
677 2564 821 2648 prolixus
846 2585 953 2628 sermo
978 2573 1142 2650 tamquam
1168 2587 1186 2628 a
1211 2571 1369 2649 negaturo
1394 2564 1543 2628 videatur
1567 2564 1745 2648 inpetrasse
1769 2562 1870 2627 bene-

215 2667 332 2730 ficium.
379 2667 491 2730 soletis
515 2668 613 2746 enim,
636 2687 720 2751 quae
745 2668 910 2754 poscenda
933 2676 1018 2745 sunt,
1042 2669 1196 2755 precibus
1213 2668 1387 2731 anteferre.
1434 2666 1474 2730 ad
1499 2667 1670 2730 sublimem
1695 2673 1729 2729 et
1747 2667 1870 2750 magni-

217 2768 312 2831 ficum
329 2769 432 2832 virum
450 2769 633 2855 Opilionem
652 2776 805 2853 parentes
822 2771 892 2834 eius
916 2772 947 2835 iu
965 2771 1077 2835 Africa
1100 2772 1316 2835 consistentes
1340 2770 1531 2835 direxerunt
1554 2776 1677 2832 certam
1701 2768 1872 2853 diligentia

215 2870 395 2954 inspirante
427 2892 618 2957 personam;
655 2891 718 2954 qua
745 2869 786 2933 ad
818 2873 960 2956 patrium
994 2875 1097 2938 solum
1133 2883 1300 2938 remeante
1329 2873 1389 2937 hoc
1422 2874 1501 2936 mibi
1532 2873 1675 2936 muueris
1705 2874 1871 2957 praefatus

218 2972 366 3045 iniunxit,
390 2980 425 3036 ut
448 2973 490 3038 ad
513 2974 721 3058 magnificum
739 2975 841 3037 virum
859 2975 1037 3060 Agnellum
1062 2999 1120 3062 pro
1145 2977 1426 3041 commendatione
1450 2998 1581 3040 suorum
1603 2976 1730 3040 euobis
1753 2976 1872 3061 scripta

216 3083 388 3139 mereatur.
426 3098 523 3161 quam
539 3098 619 3157 reru,
643 3076 898 3142 emendatissimi
915 3079 1092 3155 hominum,
1116 3101 1180 3143 non
1197 3079 1369 3165 negabitis,
1394 3100 1457 3143 non
1475 3080 1619 3143 contenti
1636 3079 1902 3163 benignitatem

217 3185 358 3243 vestram
383 3180 470 3244 solos
494 3180 527 3244 in
551 3179 647 3243 Italia
670 3181 795 3266 positos
819 3182 1002 3265 agnovisse.
1048 3204 1132 3247 nune
1157 3183 1315 3267 obsequia
1337 3205 1410 3246 mea
1433 3184 1550 3247 litteris
1574 3182 1713 3246 reddens
1738 3204 1869 3246 causam

140 3310 147 3328 ⁶
220 3282 405 3368 scriptionis
427 3284 600 3348 verberum
625 3285 815 3369 conpendiis
838 3286 988 3350 indicavi.
1034 3308 1090 3349 ros
1114 3286 1233 3350 dicenti
1257 3308 1363 3372 pauca
1386 3292 1552 3372 praestate
1575 3287 1762 3370 praecipua.

876 3592 949 3660 cul
974 3595 1082 3678 (sersr.
1101 3598 1130 3671 4,
1152 3594 1213 3677 19).

761 3788 998 3862 ENNODlVS
1025 3787 1331 3862 APOLLINARI.

330 3934 559 4028 producendo
597 3964 684 4027 circa
716 3972 880 4029 amantem
910 3967 1009 4031 vestri
1041 3966 1171 4030 silentia
1202 3965 1243 4028 ad
1275 3966 1457 4030 absentiam
1494 3964 1696 4049 corporalem
1731 3964 1901 4027 animuml

219 4067 459 4139 transmisistis;
488 4065 660 4130 retinendo
685 4068 823 4152 paginas
847 4069 879 4132 in
904 4069 1085 4133 inmensum
1110 4070 1214 4133 crevit
1236 4090 1319 4154 quae
1343 4068 1501 4133 haetenus
1525 4067 1640 4131 divisio
1663 4067 1707 4130 nil
1731 4065 1872 4131 valebat.

221 4194 272 4236 res
304 4192 343 4236 co
375 4171 470 4235 rediit
503 4192 563 4257 per
592 4171 824 4235 abstinentiam
855 4174 1069 4254 tabellarum,
1102 4180 1138 4237 ut
1164 4175 1284 4239 veteris
1315 4173 1387 4236 aevi
1419 4170 1624 4257 providentia
1653 4170 1799 4234 conferat
1828 4170 1872 4233 nil

221 4274 332 4339 amori.
378 4275 531 4339 ranciscit
560 4275 695 4350 caritas,
730 4297 827 4359 quarn
856 4276 1027 4341 verborum
1059 4298 1175 4340 avarus
1206 4276 1343 4361 despicit
1365 4274 1539 4344 ventilare:
1570 4275 1640 4338 sine
1669 4272 1796 4336 cultura
1823 4280 1874 4336 est

220 4378 392 4464 diligentia
419 4378 451 4441 iu
480 4399 572 4441 usum
605 4399 668 4441 non
701 4378 836 4443 reducta
865 4401 924 4465 per
953 4381 1099 4465 paginas.
1151 4381 1217 4443 stili
1246 4379 1431 4464 frequentia
1459 4378 1561 4441 vivaci
1587 4377 1708 4462 pabulo
1742 4377 1872 4440 insitam

220 4482 408 4567 pectoribus
435 4482 537 4545 nutrit
566 4482 751 4546 amicitiam.
796 4481 940 4554 facilius,
967 4484 1078 4554 frater,
1105 4483 1211 4546 fuerat
1240 4482 1408 4547 desideriis
1439 4482 1519 4545 meis
1547 4488 1580 4545 te
1611 4481 1700 4545 nullo
1728 4483 1906 4566 tempore2

221 4586 330 4672 cupita
352 4585 507 4650 tribuisse
530 4607 626 4669 quam
651 4606 751 4671 saepe
775 4585 900 4649 indulta
923 4587 1128 4665 subtrahere,
1153 4588 1228 4671 quia
1251 4587 1353 4649 etium
1377 4583 1476 4648 corda
1499 4584 1663 4653 nesciunt,
1685 4605 1769 4668 quae
1793 4583 1873 4647 cibis

221 4688 369 4752 dulcibus
403 4695 516 4774 pastor
548 4690 667 4753 artifex
702 4689 852 4754 inritesti.
910 4691 1077 4774 aliquanto
1112 4692 1198 4755 enim
1232 4698 1379 4774 tempore
1414 4688 1631 4752 continuando
1665 4688 1872 4772 scriptionem

224 4792 437 4856 inmemorem
460 4813 511 4856 mo
536 4792 802 4875 sequestrationis
825 4792 999 4871 effeceras,
1030 4792 1106 4856 dum
1131 4793 1274 4878 effigiem
1298 4791 1520 4857 venerabilem
1548 4790 1677 4877 placido
1704 4790 1872 4855 inserebas

326 5029 403 5099 [CIL]
447 5031 572 5100 ‘llingua
589 5051 645 5086 esse
659 5034 717 5086 OPb
853 5031 870 5084 5
888 5035 1032 5086 scribtiouis
1047 5035 1073 5086 B
1205 5033 1222 5086 6
1241 5037 1364 5102 promisit
1383 5036 1427 5087 sad
1446 5034 1473 5097 0,
1491 5033 1612 5099 promisit.
1632 5041 1658 5084 ct
1676 5050 1751 5098 prop.
1770 5032 1874 5097 Hartcl,

221 5119 291 5185 qnod
310 5119 370 5170 libri
391 5119 550 5170 mundonem
571 5119 706 5170 retulissem
730 5121 798 5179 salso
822 5137 878 5171 cum
903 5121 1060 5173 caesenate
1077 5121 1232 5187 connrrrqnnt
1356 5116 1371 5169 7
1391 5117 1461 5185 quid]
1480 5119 1548 5185 quod
1569 5118 1627 5169 ePt
1748 5118 1805 5168 llsi
1823 5118 1873 5169 dcl.

224 5205 370 5270 Petacberrr’q
439 5206 622 5256 diuinetionem
640 5206 737 5257 codices
806 5209 950 5259 conuenitis
963 5207 1065 5270 llartcl,
1082 5208 1265 5259 conuenientes
1283 5207 1343 5258 libri
1450 5207 1483 5257 10
1501 5206 1602 5257 occului
1621 5204 1714 5257 finitB

326 5306 390 5375 [CL]
434 5306 468 5360 12
486 5310 628 5361 asserendis
647 5308 670 5357 V
809 5307 841 5360 13
858 5310 978 5375 alloquiis
995 5309 1018 5358 V
1113 5310 1231 5361 uideatur
1249 5312 1274 5372 (a
1291 5327 1348 5375 usp.
1366 5310 1412 5361 lin.
1430 5327 1462 5360 rn.
1478 5316 1501 5373 ll
1514 5309 1539 5359 Β
1677 5307 1710 5359 14
1726 5309 1813 5359 solitas
1830 5307 1874 5358 Β4

223 5391 256 5445 15
273 5395 417 5446 dirixerunt
429 5394 454 5444 Β
549 5393 581 5445 17
599 5395 727 5445 iuiunexit
739 5394 765 5445 B
825 5396 920 5447 scribta
932 5395 957 5445 Β
1048 5394 1255 5447 resolutum
1349 5393 1384 5445 ‘20
1401 5395 1544 5447 scribtienis
1556 5393 1582 5444 Β
1634 5395 1777 5461 praecipua.
1788 5394 1875 5447 fiuitB

324 5494 404 5566 [clu]
447 5496 482 5550 22
499 5499 579 5551 uerbi
604 5495 715 5562 silantia]
744 5500 837 5552 uestis
863 5499 960 5551 laetitia
976 5498 1002 5549 B
1130 5498 1165 5551 25
1182 5500 1307 5550 ranciscat
1324 5499 1357 5562 B,
1389 5498 1514 5550 rancescit
1538 5495 1634 5561 Vffie,
1665 5498 1789 5549 raucessit
1809 5494 1878 5548 L¹T

221 5582 358 5655 dispicitB
461 5581 496 5637 29
515 5583 679 5638 scribtionam
694 5582 720 5635 Β
822 5582 858 5636 30
874 5585 1033 5638 unenbilam
1044 5586 1070 5636 B
