4500 6232
329 289 387 354 126
663 279 724 336 clx
742 278 864 347 (EPIST.
882 279 908 338 3.
926 279 979 346 28),
998 277 1044 331 CX
1063 275 1185 343 [EPIS'I'.
1203 276 1228 338 3,
1246 275 1301 342 29),
1320 274 1381 329 cxl
1400 273 1523 340 (urlsu.
1541 275 1567 338 3,
1584 273 1639 342 80).

326 479 386 543 per
421 456 484 518 stili
521 450 764 516 similitudinem
800 450 1029 536 peregrinante
1063 448 1232 532 diligentia
1270 444 1470 531 respondere
1509 447 1704 530 conloquiis,
1743 467 1785 511 ne
1821 446 1981 511 subtracti

327 559 486 622 sermonis
505 555 646 619 officium
664 575 728 617 non
746 558 888 617 vestram
905 552 1085 615 innotuisse
1102 550 1181 613 mihi
1197 550 1361 628 astutiam,
1386 549 1445 612 scd
1461 555 1605 613 nostram
1622 550 1784 614 revelaret
1798 548 1979 613 infantiam.

293 663 418 728 2nolo.
451 681 542 723 soror
565 657 747 742 Euprcpia,
779 655 953 741 quidquam
985 653 1025 717 de
1053 653 1292 738 provinciarum
1322 653 1419 715 malis
1443 653 1511 732 vel,
1543 652 1626 717 sicut
1654 651 1780 731 dixisti,
1811 651 1978 716 hominum

324 765 513 829 inmissione
538 761 694 826 causeris.
734 779 940 844 quocumque
964 757 1176 829 abscesseris,
1199 762 1353 841 quantum
1379 778 1431 820 res
1455 755 1563 833 docet,
1585 763 1728 820 mentem
1751 758 1838 820 male
1863 754 1978 820 eredu-

324 870 387 933 lam
412 889 474 931 non
500 865 633 929 omittis.
672 865 751 927 vitis.
774 869 886 926 nostra
907 861 1076 944 regionum
1101 861 1279 925 mutatione
1303 880 1367 922 non
1391 859 1545 943 fugimus.
1590 859 1677 922 circa
1698 859 1897 946 propinquqs
1922 858 1980 922 tibi
2039 904 2042 913 «

323 973 384 1035 fuit
414 973 480 1034 tale
512 967 731 1054 propositum,
766 973 802 1028 ut
833 986 894 1029 nec
923 963 1099 1028 benefacta
1130 964 1272 1049 ipsorum
1308 963 1394 1025 iusta
1428 963 1697 1048 interpretatione
1730 982 1890 1048 pensares
1920 984 1980 1026 nee

325 1095 479 1137 excessus
503 1071 615 1135 debita
637 1076 764 1133 tantum
787 1068 1043 1153 reprehensione
1067 1067 1259 1153 corriperes.
1298 1064 1357 1129 sed
1378 1065 1456 1150 quid
1481 1086 1563 1150 opus
1587 1072 1637 1131 est
1659 1065 1782 1130 doloris
1804 1066 1981 1153 epistulam

294 1177 392 1239 3fieri
416 1177 619 1258 longiorem?
656 1173 822 1255 ingenium
846 1179 991 1236 vestrum
1015 1172 1105 1235 nulla
1129 1172 1250 1257 eloquii
1271 1170 1390 1256 poterit
1406 1175 1533 1233 mutare
1549 1168 1728 1235 affluentia.
1764 1168 1853 1255 quod
1869 1176 1982 1249 restat,

324 1280 408 1353 vale,
430 1281 475 1342 mi
498 1278 639 1351 domina.
663 1282 696 1338 et
718 1281 814 1360 prout
838 1275 973 1360 expedit
995 1273 1141 1337 ordinem
1165 1273 1251 1337 vitae
1275 1279 1350 1336 tuae
1374 1273 1567 1358 animaeque
1590 1293 1749 1358 conpone.
1793 1294 1847 1336 me
1869 1280 1981 1338 tamen

325 1381 485 1466 Lupicino
510 1379 639 1444 noveris
662 1400 726 1441 non
751 1376 838 1461 quod
861 1377 919 1439 tibi
944 1377 1066 1445 debeo.
1097 1376 1154 1441 sed
1179 1375 1256 1462 quid
1281 1378 1409 1440 animae
1432 1397 1527 1440 meae
1556 1378 1729 1441 conveniat
1756 1378 1980 1462 inpensumm
2031 1402 2053 1437 a

324 1485 400 1570 quia
433 1485 501 1547 sola
535 1489 602 1559 cst,
644 1502 728 1567 quae
763 1481 918 1544 maiorem
952 1502 971 1542 a
1002 1481 1065 1544 deo
1100 1481 1346 1545 retributionem
1388 1485 1541 1559 meretur,
1582 1479 1728 1543 affectio.
1771 1501 1845 1543 eum
1881 1481 1980 1545 nullis

324 1588 489 1650 hominum
513 1585 645 1649 dotibus
670 1591 844 1671 provocata
869 1582 1067 1649 conceditur.

994 1905 1055 1974 CX
1078 1908 1187 1995 (nnrsr.
1203 1912 1233 1990 3,
1248 1911 1313 1992 29).

896 2101 1106 2176 ENNODIV
1107 2104 1133 2177 S
1159 2102 1408 2178 EVGENETI.

294 2270 306 2329 ¹
434 2248 610 2361 Quotiens
634 2301 788 2344 sensuum
811 2278 1004 2365 pignoribus
1027 2277 1130 2341 verba
1154 2277 1362 2357 famulantur,
1386 2280 1479 2363 quasi
1501 2280 1534 2343 in
1557 2279 1698 2365 quodam
1721 2282 1856 2366 speculo
1879 2282 1927 2346 ita
1948 2283 1981 2346 in

324 2385 450 2470 paginis
474 2405 580 2449 sermo
605 2384 665 2447 sibi
697 2384 834 2448 amicam
863 2382 968 2468 pingit
998 2380 1160 2464 effigiem,
1193 2402 1265 2445 eum
1297 2402 1361 2466 qua
1384 2383 1457 2445 vina
1481 2382 1552 2446 vice
1581 2384 1796 2468 conloquitur,
1829 2391 1863 2450 et
1894 2384 1982 2450 dulci
2035 2406 2058 2444 ια

326 2488 500 2552 simulacro
523 2487 692 2551 desideriis
716 2487 918 2571 obsequente
943 2485 1137 2570 gratulatur.
1175 2485 1265 2548 nulla
1289 2485 1419 2570 quidem
1443 2493 1636 2572 conceptum
1660 2486 1819 2552 foederati
1837 2490 1983 2574 pectoris

325 2591 488 2675 eloquitur
512 2591 577 2655 oris
594 2590 770 2667 affluentia,
794 2596 828 2654 et
844 2609 916 2652 cum
934 2587 999 2650 sint
1014 2585 1160 2650 faciliora
1176 2587 1277 2650 verba
1300 2587 1468 2652 beneficiis
1492 2611 1552 2654 neo
1576 2592 1698 2655 existat
1721 2591 1807 2677 quod
1830 2612 1982 2658 creseere

293 2702 470 2779 2nequeat
504 2693 681 2758 ambitione
717 2691 857 2756 dicendi.
908 2711 970 2773 ego
1002 2691 1034 2754 in
1063 2690 1260 2775 explicanda
1292 2693 1379 2755 eirea
1407 2714 1465 2756 nos
1497 2692 1668 2777 diligentia
1698 2701 1846 2761 arentem
1880 2702 1986 2760 testor

326 2798 506 2864 infantiam.
545 2797 804 2862 unianimitatem
827 2803 935 2858 tamen
954 2801 1096 2858 vestram
1120 2795 1350 2858 taciturnitatis
1374 2796 1513 2869 incesso,
1537 2797 1624 2880 quod
1647 2798 1779 2881 gemina
1802 2799 1981 2886 scriptione

324 2901 464 2965 donatus
489 2901 568 2964 nihil
593 2898 779 2963 deviceris
805 2899 962 2963 relatione
988 2898 1151 2982 cogitasti.
1189 2918 1266 2961 ecee
1288 2899 1406 2963 iterum
1429 2901 1565 2984 paginas
1589 2901 1680 2964 mitto
1704 2903 1811 2965 sciens
1834 2903 1982 2968 tribuere
2034 2924 2060 2958 ss

324 3004 411 3089 quod
435 3010 583 3089 expecto.
629 3005 713 3080 vale,
738 3004 779 3066 mi
804 3002 944 3077 domine,
969 3009 1002 3065 et
1025 3009 1189 3065 amantem
1213 3003 1258 3065 tui
1283 3001 1460 3088 adloquere
1484 3004 1590 3068 nitore
1613 3026 1676 3089 quo
1700 3006 1807 3068 clarus
1829 3025 1876 3084 es,
1906 3008 1982 3071 fove

324 3108 514 3192 integritate
539 3127 603 3191 qua
626 3107 809 3191 praevales.

984 3339 1064 3407 cxl
1087 3340 1197 3426 (uersa.
1215 3345 1244 3421 3,
1260 3343 1327 3428 30).

923 3536 1160 3611 ENNODIVS
1186 3538 1377 3612 AVIENO.

295 3705 308 3764 1
424 3682 543 3776 Miror
575 3712 656 3777 favis
686 3713 917 3797 magnitudinis
956 3723 1033 3780 tusc
1067 3716 1243 3780 iniucunda
1274 3717 1417 3802 copulari
1449 3726 1483 3781 et
1514 3718 1725 3783 serenitatem
1759 3720 1982 3785 conscientiae

323 3814 498 3880 verborum
536 3818 729 3880 austeritate
769 3819 982 3889 maculatam,
1024 3820 1100 3882 dum
1137 3821 1252 3885 scribis
1288 3822 1449 3906 imperare
1484 3842 1536 3885 me
1570 3822 1678 3906 potius
1712 3823 1849 3907 paginas
1882 3844 1981 3909 quam
2032 3855 2058 3894 a

323 3915 492 4001 diligentia
524 3920 688 3983 exactrice
719 3922 907 4003 promereri.
956 3928 1053 4006 putas
1089 3924 1191 3987 ullum
1220 3945 1325 4008 genus
1362 3924 1550 3987 dominandi
1580 3944 1653 3988 esse
1684 3924 1856 3989 sublimius
1883 3947 1981 4012 quam

324 4017 404 4081 illud
432 4019 517 4104 quod
548 4041 658 4084 amore
687 4042 747 4083 nos
777 4022 921 4086 subicit?
966 4024 1055 4087 nulla
1083 4032 1172 4097 sunt.
1200 4025 1317 4089 domne
1341 4027 1483 4106 Avieno,
1514 4028 1657 4091 culmina
1680 4048 1700 4090 a
1723 4029 1801 4113 iugo
1831 4030 1981 4094 caritatis

293 4122 484 4193 2iumunia;
513 4123 667 4208 quidquid
692 4125 723 4186 in
747 4124 825 4187 orbe
848 4125 1012 4191 libertatis
1037 4136 1096 4208 est,
1121 4130 1176 4193 tali
1200 4151 1264 4193 non
1289 4131 1491 4195 subtrahitur
1514 4132 1674 4196 servituti.
1720 4153 1798 4196 eece
1821 4154 1885 4218 ego
1909 4133 1981 4198 loco

326 4229 469 4306 humilis,
502 4231 633 4314 ignotus
667 4230 843 4294 honoribus
868 4233 984 4295 vestris
1016 4232 1159 4296 fascibus
1191 4235 1237 4296 sic
1261 4232 1397 4307 iubebo,
1430 4235 1523 4319 parili
1554 4242 1728 4300 contentus
1757 4235 1872 4300 ordine
1903 4237 1980 4302 sub·

327 4333 445 4397 iacere.
489 4354 575 4397 nunc
598 4333 681 4412 vale,
706 4339 739 4396 et
762 4340 919 4418 quantum
942 4335 1041 4397 tribui
1065 4335 1122 4399 tibi
1147 4337 1303 4414 senseris,
1327 4344 1454 4401 tantum
1478 4338 1555 4401 mihi
1578 4339 1662 4401 sicut
1685 4338 1791 4402 fidelis
1815 4341 1983 4404 restitutor
2032 4372 2057 4410 ω

325 4435 508 4501 affectionis
532 4435 683 4520 inpende.

329 4589 408 4597 —.
624 4594 697 4600 —-

427 4689 445 4742 2
463 4693 525 4744 mihi
543 4694 685 4746 innotuisse
703 4694 782 4747 dmm.
841 4696 963 4747 reuelatio
976 4695 1028 4759 Be,
1045 4698 1096 4747 atio
1114 4715 1170 4763 esp.
1188 4707 1212 4750 et
1229 4708 1268 4750 ret
1285 4717 1411 4765 uipereor.
1424 4700 1470 4751 13⁶
1565 4698 1582 4751 3
1599 4701 1737 4766 quicquam
1753 4699 1774 4749 V
1865 4699 1883 4751 fr
1901 4710 1982 4753 muta·

324 4780 393 4830 tione
409 4776 477 4844 (sup.
491 4796 505 4829 a
518 4779 565 4835 lit.)
579 4779 605 4830 B
735 4778 750 4830 l
769 4782 903 4847 corriperis
915 4780 941 4830 B
1069 4780 1086 4832 8
1103 4785 1224 4835 alluentia
1237 4784 1263 4834 B
1392 4786 1408 4837 9
1421 4798 1479 4839 tuae
1492 4805 1540 4838 oar.
1558 4786 1676 4839 VLwP
1769 4789 1922 4854 animeque
1934 4786 1984 4847 Ba.

324 4866 453 4931 animique
471 4867 546 4917 cereri
650 4866 685 4918 10
702 4868 746 4919 sed
764 4868 826 4934 quid
839 4867 915 4917 BVL
922 4866 966 4930 T¹‚
984 4869 1028 4919 aad
1046 4870 1114 4934 quod
1132 4871 1179 4920 rel.
1284 4870 1317 4921 12
1334 4874 1522 4924 corrcrsditurb

429 4966 494 5035 [CX]
541 4967 573 5018 13
595 4971 709 5035 eugeniti
727 4970 751 5019 B
901 4968 933 5020 14
955 4971 1033 5021 uerba
1059 4972 1087 5033 (u
1106 4973 1132 5021 ia
1151 4972 1198 5031 lit.)
1215 4972 1241 5022 B
1350 4977 1459 5041 quadam
1476 4976 1520 5025 Be
1672 4974 1704 5026 15
1725 4973 1794 5043 laice]
1819 4993 1884 5029 uoce
1901 4976 1983 5029 Tele

316 5040 359 5104 '18
376 5055 596 5121 inexemplicanda
613 5054 650 5120 (m
669 5056 718 5107 dcl.
737 5066 759 5107 et
779 5074 795 5106 x
814 5073 870 5122 cup.
888 5073 937 5106 aer.
955 5074 988 5106 m.
1006 5060 1026 5121 1)
1040 5057 1064 5106 B
1175 5056 1206 5108 19
1224 5061 1415 5113 unanimitatem
1432 5061 1550 5114 VLTOP
1621 5061 1762 5115 inocsauB
1869 5062 1901 5114 21
1921 5065 1983 5115 allo

324 5157 403 5205 querc
428 5140 451 5189 V

430 5241 506 5308 [cxl]
542 5240 576 5293 24
595 5244 733 5294 iniucunda
745 5243 843 5294 nuel>
966 5242 1001 5294 26
1019 5247 1156 5311 promereri
1175 5245 1226 5311 (iri
1245 5265 1312 5299 corr.
1331 5258 1354 5300 et
1371 5267 1463 5300 marma
1480 5250 1542 5307 deti
1555 5249 1581 5300 B
1669 5259 1745 5319 putas
1761 5250 1866 5315 Horret,
1888 5261 1983 5319 putans

325 5327 393 5387 libri,
411 5338 519 5394 putasne
536 5330 577 5380 cel
594 5347 627 5379 au
645 5338 722 5396 putas
734 5332 801 5396 sort.
905 5328 938 5380 ‘ll
951 5332 1058 5381 amorib
1128 5334 1214 5384 rnrllac
1227 5334 1252 5384 B
1322 5337 1459 5399 domuoB,
1476 5338 1578 5388 dominc
1594 5337 1670 5388 retem
1773 5335 1809 5388 28
1825 5338 1948 5404 quioquid
1964 5336 1988 5385 1⁷
