4500 6232
263 293 283 359 g
834 286 874 340 111
892 287 995 356 (uror.
1014 286 1051 356 r).
1074 286 1110 339 rv
1129 285 1251 353 (uersu.
1271 288 1294 349 1,
1314 287 1347 349 ι).

264 463 382 549 operis.
428 463 598 547 proximus
621 463 777 548 magistro
801 467 861 540 est,
885 461 940 546 qui
962 460 1071 546 diligit
1095 466 1288 524 ornamenta
1311 459 1491 523 doctrinae.
1538 459 1620 523 deus
1645 465 1755 523 tamon
1772 456 1919 546 rotissgse

265 565 416 630 comitam
439 567 563 650 iungat,
588 573 621 631 et
645 565 731 652 quod
754 565 891 630 novellis
915 571 1110 650 praeceptor
1133 562 1325 630 commendo
1351 562 1543 649 cespitibus,
1567 563 1600 627 in
1623 563 1729 649 pomis
1751 569 1919 648 tamquam

266 670 307 735 de
330 668 528 735 hereditaria
551 669 763 756 possessione
787 668 974 757 decerpam.

940 943 1124 1030 IV(sr1sr.
1148 951 1175 1030 t,
1203 946 1246 1032 l).

858 1121 1096 1197 ENNODIVS
1123 1115 1344 1199 IOHANNI.

237 1280 249 1337 l
375 1253 477 1346 Dum
508 1284 613 1347 salum
645 1284 774 1368 quaeris
803 1285 914 1348 verbis
944 1284 977 1348 in
1011 1284 1152 1349 statione
1176 1285 1356 1372 conpositis
1380 1290 1414 1350 et
1436 1285 1563 1350 incerta
1584 1283 1737 1369 liquentis
1760 1283 1917 1348 elementi

268 1387 398 1474 placida
428 1387 576 1452 oratione
608 1387 785 1468 describis,
814 1387 892 1451 dum
921 1408 1109 1452 sermonum
1143 1389 1293 1473 cymbam
1326 1388 1413 1453 inter
1440 1387 1607 1474 loquellas
1636 1388 1788 1474 scopulos
1812 1393 1921 1454 rector

268 1491 407 1576 diligens
430 1490 540 1555 frenas
564 1498 598 1555 et
620 1512 751 1555 cursum
775 1491 934 1556 artificem
956 1491 1136 1557 fabricatus
1160 1493 1336 1556 trutinator
1359 1492 1528 1579 expendis,
1552 1492 1691 1577 pelagus
1715 1491 1818 1556 oculis
1835 1490 1919 1556 meis

238 1594 355 1680 2quod
387 1616 544 1680 aquarum
573 1594 751 1659 simulabas
776 1595 897 1679 eloquii
921 1595 1164 1660 demonstrasti.
1212 1596 1292 1661 deus
1314 1597 1414 1673 bone,
1443 1597 1477 1661 in
1501 1601 1641 1681 quantos
1665 1616 1701 1660 se
1723 1615 1803 1660 usus
1827 1593 1920 1659 dives

267 1700 381 1784 lingua
403 1698 579 1783 dispergit!
616 1719 689 1763 cum
706 1700 857 1780 voluerit,
883 1701 988 1765 saevit
1003 1707 1040 1764 ut
1056 1700 1173 1779 bestia,
1197 1702 1297 1765 currit
1312 1715 1349 1764 ut
1366 1701 1494 1780 fluvius,
1518 1700 1655 1764 fluctuat
1670 1706 1706 1763 ut
1721 1697 1918 1785 profundum

266 1811 313 1884 ct,
349 1822 586 1889 quamcumque
622 1802 739 1867 fucatis
774 1803 951 1868 verborum
987 1804 1185 1890 imaginibus
1223 1805 1328 1890 pingit
1363 1805 1523 1894 speeiem,
1557 1804 1627 1868 veri
1663 1800 1917 1888 adstipulatione

266 1912 501 1994 repraesentat.
549 1906 665 1970 timere
696 1912 730 1970 te
753 1906 964 1991 scriptionem
988 1908 1081 1992 quasi
1104 1908 1211 1973 fronte
1235 1917 1329 1974 tener
1351 1908 1515 1989 insinuas,
1543 1906 1621 1971 dum
1643 1905 1919 1972 declamationum

267 2031 420 2097 pompam
450 2009 566 2094 refuga
595 2008 702 2074 laudis
731 2009 838 2095 poscit
867 2009 1009 2074 adsertio
1041 2019 1074 2076 et
1103 2013 1139 2076 fit
1169 2034 1268 2077 avara
1297 2012 1440 2098 gloriae,
1472 2011 1548 2075 dum
1576 2011 1693 2097 pudori
1721 2028 1858 2095 parcere
1882 2030 1918 2074 se

236 2113 421 2191 3ostendit,
445 2113 651 2199 peregrinam
675 2113 812 2177 mentita
835 2113 1055 2179 formidinem.
1090 2137 1151 2201 ago
1175 2123 1273 2201 atque
1296 2114 1402 2179 habeo
1426 2115 1558 2200 gratias,
1582 2113 1668 2199 quod
1691 2112 1814 2178 nobilia
1829 2111 1919 2177 rudi-

267 2223 379 2282 menta
401 2215 574 2281 facundiae
598 2222 673 2280 tuae
697 2217 731 2280 in
754 2217 861 2295 amici,
885 2226 1041 2302 quantum
1064 2220 1231 2297 aestimas,
1254 2222 1439 2306 praeconiis
1463 2219 1675 2284 consecrasti.
1711 2222 1745 2281 et
1759 2217 1837 2281 licet
1852 2236 1919 2281 non

267 2341 443 2407 agnoscam
466 2340 541 2385 mea
564 2340 638 2384 esse
661 2340 745 2404 quac
769 2320 932 2405 loqueris,
956 2321 1148 2406 religionem
1172 2329 1282 2388 tamen
1307 2323 1471 2387 narrantis
1496 2322 1688 2407 amplector,
1713 2319 1918 2405 diligentiam

266 2425 411 2513 pectoris
434 2424 543 2504 laudo,
568 2444 664 2508 quarn
688 2425 815 2508 gratiae
838 2445 900 2509 per
922 2423 1038 2488 sudum
1062 2425 1226 2492 rutilantis
1243 2429 1316 2493 luce
1332 2426 1503 2492 dedicasti.
1538 2425 1597 2491 tibi
1614 2425 1671 2489 fax
1686 2425 1750 2489 ista
1765 2429 1920 2510 praeten-

266 2529 363 2610 ditur,
386 2549 484 2614 quam
508 2527 540 2591 in
565 2528 718 2613 opinione
743 2549 818 2593 mea
834 2528 974 2593 blandus
991 2531 1140 2595 elocutor
1155 2532 1322 2597 accendis:
1347 2554 1409 2617 ego
1427 2538 1556 2597 noctem
1575 2529 1799 2596 conscientiae
1815 2547 1921 2609 meae,

237 2634 333 2701 tetsi
356 2655 421 2699 uon
444 2633 545 2718 fugio,
569 2633 644 2696 novi
668 2640 778 2697 tamen
802 2633 987 2700 aestimare.
1022 2655 1140 2719 graves
1162 2634 1272 2700 hiatus
1296 2636 1420 2721 patitur
1443 2636 1572 2701 alienae
1596 2635 1722 2720 gratiae
1747 2633 1923 2699 commissa

268 2738 457 2816 credulitas,
485 2757 681 2821 quamquam
710 2758 806 2800 omne
830 2738 951 2802 crimen
975 2746 1122 2803 transeat
1147 2741 1214 2825 <qui
1238 2740 1320 2822 vult>
1345 2741 1499 2828 decipere
1524 2739 1753 2806 confidentem.
1798 2737 1920 2824 gaudia

267 2850 377 2908 tamen
410 2841 452 2906 de
486 2849 519 2906 te
554 2862 629 2905 mea
663 2841 850 2927 epistularis
883 2842 1015 2927 alloquii
1047 2842 1178 2908 dotibus
1210 2844 1412 2930 adimplesti,
1446 2844 1521 2909 dum
1558 2845 1737 2909 novitatem
1767 2862 1920 2909 sensuum

268 2953 430 3011 monstras
459 2946 640 3010 serenitate
667 2965 855 3009 sermonum
889 2951 922 3008 et
951 2947 1070 3011 veteris
1102 2946 1220 3012 decora
1243 2949 1417 3034 prosapiae
1441 2948 1562 3013 novelli
1585 2948 1690 3012 vincis
1713 2947 1818 3011 nitore
1842 2966 1921 3011 con·

268 3052 381 3138 loquii.
417 3055 469 3115 sat
491 3049 599 3115 fuerat
621 3055 793 3134 parentum
817 3058 948 3113 tuorum
971 3049 1152 3130 desideriis,
1177 3053 1308 3116 seniora
1331 3059 1363 3117 tc
1380 3053 1523 3117 familiae
1540 3058 1732 3116 ornamenta
1747 3050 1920 3116 aemulari:

236 3153 399 3221 5vincere
422 3174 532 3240 posse,
555 3153 640 3218 sicut
662 3175 758 3218 nemo
782 3153 933 3232 credidit,
957 3155 1003 3219 ita
1018 3156 1128 3220 nullus
1144 3157 1280 3241 optavit.
1316 3156 1407 3222 vides
1424 3162 1582 3241 quantum
1599 3155 1640 3220 ad
1656 3175 1801 3240 unguem
1818 3154 1921 3241 polita

268 3258 472 3326 conversatio
496 3258 613 3342 pretiis
636 3258 722 3322 bene
745 3259 909 3323 nascentis
933 3257 1104 3343 adiungat!
1141 3259 1228 3345 quod
1251 3260 1344 3325 iubar
1368 3259 1539 3345 sauguinis
1555 3258 1730 3346 praestitit,
1754 3258 1921 3345 superavit

266 3362 429 3430 industria
458 3361 661 3446 castigantis.
708 3360 832 3425 credidi
860 3369 1010 3427 votorum
1037 3384 1198 3428 summam
1228 3363 1373 3450 fatigari,
1404 3365 1431 3427 si
1464 3369 1497 3428 te
1528 3363 1694 3429 natalibus
1725 3362 1919 3437 reddideris,

267 3467 347 3534 illud
375 3487 439 3530 non
467 3464 676 3550 expendens,
705 3464 781 3549 quid
810 3464 950 3529 claritati
980 3472 1056 3530 tuae
1085 3466 1294 3531 cohabitator
1323 3466 1525 3532 infunderat.
1571 3467 1615 3532 sit
1640 3468 1726 3533 forte
1756 3467 1792 3531 in
1819 3467 1921 3531 aesti-

267 3573 408 3639 matione
433 3570 556 3636 arbitrii
578 3571 643 3636 mei
666 3570 838 3635 defrudata
860 3571 1015 3656 cognitio:
1040 3572 1203 3636 neminem
1227 3572 1350 3637 credidi
1365 3573 1406 3637 ad
1423 3572 1596 3658 Olybrium
1613 3571 1797 3657 pervenire,
1822 3591 1920 3656 quem

113 3667 384 3772 ,ffitfflatvieinis
412 3674 559 3739 calcibus
588 3674 704 3759 pernix
729 3674 892 3739 insecutor
915 3674 1073 3760 adurges,
1105 3675 1238 3741 beatum
1262 3677 1408 3742 facturus
1432 3697 1566 3762 nempe,
1596 3676 1625 3740 si
1647 3675 1777 3741 viceris.
1823 3671 1921 3739 deum

267 3802 399 3872 precor,
430 3785 467 3844 ut
496 3778 722 3845 adulescentia
749 3778 782 3842 in
805 3784 853 3858 te,
883 3799 967 3864 quae
990 3778 1227 3864 perfectionem
1251 3780 1435 3866 primordiis
1461 3786 1656 3860 monstrant,
1687 3779 1793 3845 bonae
1815 3777 1921 3863 frugis

269 3887 416 3975 germina
439 3882 681 3948 convalescant.
725 3881 814 3946 domi
837 3882 940 3947 habes
963 3882 1050 3947 unde
1074 3884 1312 3950 exhortationis
1336 3907 1430 3950 meae
1453 3886 1528 3949 viva
1550 3905 1660 3949 sumas
1683 3883 1848 3970 exempla.
1886 3888 1921 3948 te

123 3974 364 4079 viiibin'pater
386 4008 512 4053 morum
535 3986 780 4070 tranquillitate,
805 4006 901 4051 socer
924 3987 1113 4072 eloquentia
1137 3987 1276 4054 similam
1300 3988 1469 4074 producat.
1506 3989 1534 4052 si
1551 3988 1685 4053 maroti
1703 3987 1921 4053 reumfaeere

267 4093 426 4161 caelestia
456 4111 558 4175 regna
579 4089 765 4173 dignantur,
788 4109 1043 4176 unumprecor,
1074 4097 1110 4154 ut
1133 4092 1198 4156 mei
1223 4092 1338 4157 scdulo
1362 4093 1550 4158 meminisse
1573 4092 1737 4178 digneris,
1760 4111 1802 4155 ne
1824 4090 1922 4170 illius,

371 4353 596 4422 lmagiatroaB“
672 4353 738 4403 votis
756 4352 848 4418 scripsi
865 4353 898 4419 cf.
911 4351 1010 4402 LXIX
1022 4357 1062 4417 15,
1082 4352 1234 4405 CLXVIII
1243 4359 1266 4418 2,
1287 4353 1458 4407 cumve
1537 4351 1574 4421 se]
1593 4353 1688 4406 sicB<⁸
1802 4350 1874 4420 tet]
1893 4362 1923 4406 ut

267 4445 356 4496 saalim
373 4447 406 4511 cj.
420 4440 519 4493 LXIX
528 4445 560 4492 15

373 4543 430 4612 [IV]
467 4541 594 4608 bsalum]
612 4545 691 4595 salam
704 4543 750 4593 Βα
804 4542 890 4595 uerbis
902 4560 958 4609 sup.
972 4543 1055 4594 tem
1106 4544 1209 4596 stitione
1222 4544 1247 4595 Β
1333 4542 1484 4597 lidescribis
1497 4545 1520 4607 b,
1536 4545 1654 4596 discribsi
1666 4543 1699 4608 B,
1716 4543 1923 4596 discribiseetsri

269 4635 388 4700 loquelae
409 4631 433 4680 V
542 4627 666 4682 ‘lfrenas
690 4648 738 4680 om.
758 4628 806 4694 13¹,
828 4629 911 4680 fredus
934 4647 989 4695 sup.
1009 4631 1052 4681 lin.
1071 4629 1112 4680 Β2
1190 4630 1343 4698 fabricatus]
1366 4633 1478 4685 fabricae
1499 4640 1572 4684 catus
1591 4631 1676 4682 Bura
1697 4631 1799 4685 advers
1819 4649 1849 4697 p.
1868 4633 1921 4681 945

270 4721 399 4788 expendas
412 4718 445 4781 B,
462 4719 575 4769 ostendis
590 4717 648 4768 oPa
736 4715 895 4783 8aquarum
910 4717 915 4780 1
931 4719 1017 4768 frenas
1034 4718 1175 4768 simulabas
1188 4717 1213 4767 Β
1264 4717 1368 4769 baneB
1420 4727 1532 4785 quantus
1545 4718 1585 4769 Bb
1638 4714 1752 4784 seusus]
1768 4733 1861 4768 seusus
1877 4716 1923 4781 Ob,

269 4824 297 4859 sc
321 4807 394 4857 uisus
412 4803 498 4854 Bos-tls
517 4804 532 4853 l.
546 4822 565 4853 c.
654 4804 721 4854 diuis
734 4802 759 4852 Β
878 4799 953 4869 {luti
977 4801 1041 4852 inB
1128 4804 1205 4854 bistia
1217 4803 1261 4854 Ba
1348 4804 1470 4856 curretB
1599 4802 1631 4856 10
1654 4804 1878 4871 adstipulationem
1896 4800 1923 4853 B

271 4892 301 4943 ll
321 4893 454 4944 timeretur
472 4891 634 4942 scribtionem
649 4889 674 4939 Β
725 4889 935 4940 declamationem
948 4887 992 4937 Β(ι
1085 4887 1116 4938 12
1135 4898 1222 4956 poscet
1235 4889 1267 4954 Β,
1287 4891 1402 4957 deposcit
1415 4891 1491 4942 ceteri
1542 4893 1647 4943 assertio
1663 4890 1689 4940 V
1740 4890 1832 4958 pudori
1842 4888 1922 4954 BCP,

270 4980 366 5046 pudore
382 4978 477 5029 VLTO
583 4973 615 5026 14
637 4973 772 5042 quantum]
797 4991 874 5040 quem
897 4983 970 5026 tuum
988 4974 1074 5025 Barsa
1092 4976 1109 5024 l.
1122 4992 1143 5026 e.
1253 4973 1287 5027 18
1303 4978 1391 5043 grauis
1404 4976 1453 5026 BL
1568 4976 1600 5028 lu
1618 4995 1765 5044 quanquam
1782 4976 1806 5025 V
1876 4977 1922 5043 qui

270 5075 328 5126 uult
351 5092 399 5124 ons.
417 5072 442 5123 Β
556 5069 591 5123 20
613 5073 644 5122 de
667 5081 692 5122 te
715 5067 782 5136 mea]
807 5087 863 5121 mea
884 5070 916 5121 de
939 5079 963 5120 te
983 5068 1041 5120 0Ρὸ
1126 5071 1224 5136 epistol.
1243 5072 1283 5122 cel
1304 5045 1344 5140 {pl
1363 5071 1387 5120 V
1409 5073 1525 5122 omaibru
1548 5073 1609 5123 locis
1630 5072 1674 5123 abi
1696 5071 1763 5123 nibil
1780 5070 1923 5121 aduam·

269 5159 413 5225 adimplesti
432 5157 468 5230 (m
487 5159 514 5207 in
533 5155 619 5223 tuna
681 5153 814 5222 sensuum]
834 5172 959 5207 censuum
974 5157 1008 5207 Cb
1026 5166 1049 5206 et
1065 5155 1150 5206 Barth
1168 5157 1268 5207 misera.
1286 5176 1315 5223 p.
1328 5163 1378 5209 900
1473 5155 1508 5208 22
1526 5159 1629 5209 emolari
1641 5157 1668 5208 Β
1760 5154 1794 5208 23
1812 5156 1880 5209 nidis
1897 5155 1924 5207 B

269 5244 304 5296 ‘25
325 5242 439 5311 fatigari]
462 5245 575 5310 fustigari
599 5244 620 5293 0
642 5251 666 5294 st
687 5242 783 5293 Hartel
870 5243 1009 5293 reddideris
1031 5242 1123 5308 scripsi
1144 5241 1190 5309 (cs.
1211 5242 1316 5294 CXXV
1328 5246 1368 5309 2),
1392 5245 1489 5296 reddidi
1513 5261 1544 5295 su
1559 5246 1564 5305 Ι
1580 5245 1602 5296 is
1624 5243 1658 5307 B,
1683 5244 1827 5296 reddidistis
1847 5242 1923 5306 VLO,

270 5330 400 5381 reddidisti
418 5329 487 5392 TOb,
504 5329 657 5380 reddidisses
670 5328 757 5391 Sirra,
775 5329 846 5379 reddi
858 5329 980 5380 uidissem
990 5328 1030 5378 rel
1042 5345 1068 5379 re
1081 5328 1221 5381 addidisses
1230 5329 1316 5381 Barsa
1328 5331 1346 5380 l.
1356 5349 1386 5395 a,
1406 5331 1545 5383 reddideris
1559 5330 1611 5381 tuis
1623 5329 1718 5381 Harrei
1799 5326 1834 5380 26
1846 5327 1922 5396 fona]

270 5417 323 5467 fero
341 5414 426 5466 Bartlr
445 5416 463 5465 l.
476 5435 497 5465 c.
567 5417 594 5466 iu
612 5411 798 5480 aestimatione]
817 5414 989 5466 instimatione
1011 5414 1033 5463 Β
1137 5411 1170 5465 27
1189 5417 1317 5467 defrutare
1333 5416 1378 5466 B⁰
1481 5414 1517 5467 28
1533 5417 1644 5482 adurges
1662 5415 1800 5482 proponat
1819 5413 1924 5478 Hartel,

270 5510 297 5551 at
316 5501 412 5567 Synaos.
431 5502 448 5552 l.
461 5521 481 5551 c.
505 5499 636 5568 ‘proximis
654 5500 789 5553 facundiae
806 5500 921 5552 calcibus
938 5510 1014 5567 urget
1032 5510 1162 5567 parentem
1178 5541 1184 5553 .
1199 5521 1214 5553 o
1232 5511 1257 5554 ta
1275 5503 1388 5568 beatum,
1406 5504 1494 5568 amice,
1513 5502 1535 5554 si
1553 5499 1698 5569 vincerisl']
1720 5502 1845 5570 adiunges
1863 5501 1925 5554 libri

269 5584 304 5638 29
322 5587 490 5641 aduliscentia
501 5587 527 5638 B
604 5589 788 5656 perfectionem
800 5586 825 5638 Β
843 5586 931 5640 Sabou
947 5588 976 5639 ic
992 5605 1051 5656 asp,
1074 5587 1154 5641 Sires.
1171 5588 1199 5640 in
1216 5589 1297 5655 um,
1319 5606 1368 5642 om.
1387 5589 1463 5642 eam
1490 5607 1495 5616 ·
1575 5586 1611 5640 32
1627 5588 1718 5642 sedulo
1729 5586 1764 5654 B,
1780 5605 1831 5642 css.
1848 5588 1925 5642 atari
