4500 6232
628 306 814 368 causamn
831 305 935 383 (orer.
953 308 1008 382 ao),
1024 304 1182 367 ocnxxm
1201 303 1324 382 (serat.
1343 311 1368 377 c,
1387 306 1440 382 ta).
1799 308 1858 378 att

209 491 370 548 monstret
403 484 522 550 iniuria
551 506 611 550 nec
643 487 860 551 reverentiam
893 492 926 550 te
959 486 1116 551 exhibere
1145 486 1311 551 Veneriae
1342 486 1515 573 pollutioni
1548 487 1668 552 clamat
1696 488 1863 574 publicata

213 589 390 673 corruptio.
437 590 587 653 nesciunt
620 590 777 674 peccandi
812 590 985 667 terminos,
1017 590 1072 675 qui
1104 588 1145 653 ad
1177 590 1468 673 transgressionem
1497 589 1633 655 sceleris
1666 592 1895 656 excessuum3

212 712 321 754 amore
346 699 576 776 provocantur:
600 692 732 756 modum
755 693 786 756 in
804 693 965 757 erroribus
986 694 1148 777 ignorant,
1172 693 1225 777 qui
1245 694 1382 757 crimina
1398 695 1533 758 excelsa
1546 695 1650 758 moliti
1667 701 1754 761 sunt.
1787 695 1863 760 dum

211 794 351 859 Dionem
368 801 402 859 et
418 796 596 877 Palladem,
620 797 841 861 diversissima
857 798 990 861 numina
1006 796 1290 882 peregrinantibus
1307 797 1491 881 mancipata
1507 798 1689 877 sententiis,
1714 799 1747 862 in
1764 820 1863 863 unum

146 913 157 946 f·
211 897 371 962 fabricata
394 898 547 963 deridens
576 907 646 965 arte
678 901 865 986 coniungis,
896 901 1005 965 iecisti
1035 901 1193 985 religione
1223 907 1279 964 tua
1308 899 1460 964 acerbius
1485 899 1570 985 quod
1594 899 1766 987 delinquis.
1811 923 1864 966 res

211 1022 337 1064 summo
362 1002 462 1086 digna
486 1004 626 1089 piaculo,
650 1005 790 1068 miseere
814 1003 1032 1068 discordantia
1055 1011 1090 1068 et
1112 1004 1144 1067 in
1167 1024 1267 1066 unum
1292 1003 1459 1087 colligere,
1482 1001 1598 1088 quibus
1620 1003 1682 1067 nisi
1699 1012 1862 1069 secretum

212 1105 432 1188 praestiteris,
464 1107 676 1171 contumelias
707 1108 872 1192 inrogasti.
918 1107 1049 1171 creditis
1080 1107 1215 1172 inveniri
1247 1106 1412 1171 bominem
1442 1105 1482 1170 de
1512 1106 1573 1170 hac
1596 1107 1708 1172 mundi
1732 1109 1895 1192 geminat

211 1209 456 1274 conversatione
487 1217 636 1274 neutram
660 1217 906 1284 tenentem,'et
934 1232 996 1275 nec
1018 1211 1160 1275 amicum
1184 1209 1358 1274 virtutibus
1388 1210 1532 1274 existere
1563 1231 1623 1275 nec
1654 1210 1753 1274 lidum
1777 1211 1864 1274 vitiis

212 1311 374 1376 inveniri?
410 1313 517 1377 solent
539 1314 665 1400 aliquos
690 1315 816 1398 erigere
840 1313 881 1378 ad
905 1312 1093 1398 despectum
1116 1312 1193 1377 boni
1210 1313 1319 1398 operis
1343 1313 1526 1398 patrocinia
1549 1312 1718 1400 culparum
1743 1320 1786 1394 et,
1809 1313 1864 1398 qui

211 1413 252 1475 de
276 1435 392 1499 sapore
417 1414 523 1479 laudis
546 1416 647 1481 alieni
671 1426 760 1487 sunt,
792 1415 832 1479 de
862 1415 1014 1479 licentiae
1044 1414 1137 1500 irugc
1161 1416 1328 1500 gratulari.
1374 1424 1463 1481 atta
1488 1436 1571 1500 quae
1595 1417 1733 1481 istarum
1756 1438 1864 1481 rerum

211 1517 355 1581 inveniet
379 1524 597 1583 sectatorem?
633 1519 760 1584 meliori
792 1517 895 1582 ordini
924 1539 1040 1583 manus
1065 1519 1244 1582 contrarias
1268 1518 1415 1583 adtulisti
1440 1539 1500 1584 nec
1523 1519 1667 1604 inprobis
1691 1520 1865 1585 sinceriter

211 1620 387 1685 obsecutus
411 1622 495 1686 colla
519 1623 705 1688 summittis.
751 1622 815 1697 odi,
840 1622 1004 1708 principes
1030 1622 1101 1697 viri,
1130 1643 1254 1686 morum
1279 1642 1412 1685 suorum
1437 1623 1591 1687 remissos
1614 1622 1750 1701 iudices,
1783 1629 1893 1688 eon-5

211 1724 328 1787 domno
361 1725 416 1809 qui
448 1747 509 1810 per
539 1726 781 1811 neglegentiam
811 1744 1002 1790 serenorum
1035 1732 1165 1789 actuum
1200 1725 1232 1789 in
1262 1723 1397 1789 dubium
1427 1725 1613 1790 trahuntur:
1646 1726 1864 1791 execrabilius

211 1833 320 1891 tamen
345 1826 491 1892 detestor
513 1829 568 1913 qni
593 1830 624 1892 in
649 1835 786 1915 utroque
809 1827 1008 1913 deprehensi
1031 1829 1112 1892 nulli
1137 1828 1296 1892 exhibent
1320 1828 1472 1893 stabilem
1489 1829 1734 1894 conscientiam,
1768 1828 1864 1915 polli-

147 1966 151 1977 ·
212 1937 327 1994 centur
358 1931 443 1995 enim
476 1932 699 2017 paenitentiae
731 1941 879 2018 tempore
912 1933 1078 1997 honestati
1109 1932 1278 2007 affectum,
1312 1953 1393 2018 quos
1426 1932 1523 1997 fidem
1555 1933 1674 1997 videris
1706 1932 1864 1998 exhibere

211 2036 366 2120 peccatis.
424 2036 450 2099 si
480 2044 529 2116 te,
565 2037 797 2101 scelestissime
828 2036 1010 2115 hominum,
1045 2042 1121 2101 ante
1150 2035 1291 2100 Veneris
1324 2034 1461 2099 delubra
1492 2036 1634 2121 positum
1665 2035 1895 2101 stimulassetb

210 2138 376 2203 Minervae
400 2138 592 2217 recordatio,
616 2145 790 2224 utramque
814 2145 1012 2224 potestatem
1036 2138 1121 2202 male
1146 2137 1288 2223 diligens
1311 2137 1434 2221 ingenii
1457 2137 1505 2202 tui
1519 2139 1679 2203 memoria
1694 2138 1863 2202 laesisset:

211 2243 353 2327 fugisses
377 2242 465 2306 illius
488 2242 703 2314 domicilium,
728 2242 820 2307 cuius
844 2241 1066 2307 adversariam
1090 2249 1199 2306 mente
1223 2241 1400 2306 retinebas.
1446 2242 1500 2326 qui
1524 2240 1628 2306 honor
1651 2247 1703 2306 est
1725 2241 1771 2306 ibi
1795 2240 1865 2305 eius

211 2351 353 2410 statuam
377 2346 579 2426 conlocasse,
604 2346 659 2412 ubi
684 2346 746 2412 dea
771 2347 949 2433 pudicitiae
973 2346 1134 2433 potuisset
1157 2346 1465 2412 commemoratione
1496 2346 1631 2411 violari?
1677 2344 1864 2421 nesciendo,

133 2468 138 2481 ·
211 2450 454 2523 infaustissime,
478 2448 633 2533 gradibus
658 2449 698 2514 ad
721 2451 855 2536 fastigia
877 2451 1054 2516 execrandi
1078 2451 1198 2515 erroris
1222 2449 1392 2527 accedere,
1415 2471 1500 2535 pene
1524 2449 1721 2536 postliminio
1741 2448 1865 2514 bellum

210 2553 295 2616 inter
323 2553 496 2617 caelicolas
525 2553 688 2617 excitasti.
735 2554 845 2618 vident
874 2555 921 2618 illi
950 2555 1037 2618 oculi
1066 2575 1197 2639 semper
1228 2553 1351 2639 turpia,
1384 2552 1538 2618 detestati
1568 2553 1695 2617 iunctos
1725 2551 1896 2637 quadam7

210 2655 424 2719 obscenitatis
449 2656 521 2742 lege
546 2657 736 2742 conplexus.
774 2658 850 2722 dum
875 2666 1070 2744 procurante
1094 2665 1127 2722 te
1151 2659 1290 2722 interest
1312 2657 1523 2743 lupanaribus
1546 2657 1710 2742 captivum
1734 2676 1865 2736 numen,

210 2757 298 2821 solus
322 2781 359 2824 es
383 2760 439 2845 qui
462 2759 633 2824 ostendisti
657 2760 782 2825 servire
807 2762 970 2826 humanae
993 2761 1119 2825 libidini
1144 2781 1336 2847 superorum
1360 2761 1537 2845 potentiam
1562 2760 1684 2825 stillis
1707 2780 1864 2824 eoscon-

211 2863 326 2947 stringi
358 2863 452 2943 locis,
484 2864 601 2948 quibus
631 2863 753 2928 fuerint
783 2886 803 2929 a
831 2865 1021 2929 mortalibus
1053 2864 1212 2951 deputati.
1258 2885 1354 2948 quam
1385 2864 1516 2929 dissona
1544 2863 1606 2928 erit
1633 2864 1665 2927 in
1695 2860 1897 2928 adolendistl

132 2984 157 3018 ··'›
214 2966 350 3052 inpensa
373 2967 563 3031 sacrificiis?
597 2968 692 3032 unius
715 2967 836 3032 oblatio
866 2968 1007 3033 numinis
1036 2968 1131 3033 alteri
1157 2967 1247 3031 dabit
1271 2967 1431 3032 iniuriam.
1476 2989 1550 3031 narn
1575 2966 1650 3031 dum
1674 2988 1734 3052 per
1756 2967 1865 3052 provi-

211 3067 354 3133 dentiam
377 3078 465 3132 tuam
490 3069 630 3154 simplex
653 3070 804 3155 pulvinar
832 3071 963 3155 gemina
989 3091 1181 3156 superorum
1214 3076 1361 3155 potestas
1392 3070 1533 3135 obtinuit
1564 3076 1597 3135 et
1627 3071 1659 3134 in
1690 3090 1754 3134 una
1782 3065 1865 3134 aede

210 3171 315 3256 pudor
338 3181 370 3236 ct
393 3172 524 3236 luxuria
548 3173 715 3253 convenit,
748 3181 865 3238 neuter
887 3173 1095 3240 devotionem
1120 3180 1263 3239 nostram
1287 3174 1378 3239 lavor
1406 3175 1553 3259 aspiciet.
1597 3194 1678 3260 quas
1707 3179 1741 3237 tu
1770 3171 1865 3236 habi·

211 3276 335 3340 tatione
365 3275 540 3355 miscuisti,
571 3296 631 3339 nos
662 3277 800 3362 propriis
830 3277 1024 3342 habebimus
1052 3277 1195 3342 oiiensas
1226 3277 1407 3342 sacrificiis.
1457 3277 1566 3362 qualia
1596 3284 1691 3341 erunt
1718 3274 1897 3354 munera,9

211 3399 295 3463 quae
327 3379 488 3464 gregatim
519 3378 679 3464 portanda
705 3388 780 3445 sunt
808 3403 869 3466 per
896 3380 1037 3445 incestas
1061 3388 1095 3446 ct
1117 3381 1284 3465 virgines?
1318 3401 1385 3445 una
1407 3380 1603 3446 offendenda
1627 3387 1679 3446 est
1700 3380 1864 3444 hilaritate

211 3489 245 3547 ct
267 3483 402 3547 lascivia
426 3482 587 3568 placanda
609 3484 723 3550 altera.
769 3484 854 3549 inter
876 3485 1037 3550 verbenas
1061 3492 1093 3549 et
1116 3494 1189 3548 tura
1212 3484 1390 3550 hostiarum
1415 3485 1476 3549 crit
1498 3503 1599 3548 causa
1621 3487 1807 3561 certamen,
1832 3488 1865 3545 et

209 3586 284 3651 inde
314 3586 489 3653 efficienda
520 3595 595 3652 sunt
625 3588 708 3652 irata
736 3589 885 3668 numina,
917 3587 1003 3654 unde
1035 3588 1229 3654 mulcentur.
1282 3589 1460 3653 submoveo
1491 3587 1672 3671 sacrilegiis
1701 3587 1864 3672 prolixam

209 3692 430 3757 narrationem
454 3729 496 3740 -
519 3713 641 3771 moras,
672 3712 752 3776 quas
775 3692 807 3756 in
830 3693 903 3758 luce
932 3715 1008 3759 reus
1031 3694 1186 3779 accipiet,
1218 3693 1304 3758 inter
1326 3693 1487 3778 supplicia
1510 3696 1694 3758 consumat!
1726 3689 1866 3774 -quia

209 3795 407 3860 devenustat
430 3795 627 3860 referentem
651 3803 685 3860 et
706 3795 888 3861 alienorum
911 3802 1044 3862 actuum
1067 3794 1246 3883 turpitudo.

804 4085 1009 4157 ccuxm
1032 4090 1140 4175 (rerer.
1158 4094 1188 4171 6,
1207 4090 1272 4174 12).

459 4284 652 4359 LIBERIO
679 4285 917 4360 EVGENETI
944 4284 1158 4360 AGAPITO
1187 4282 1394 4358 SENARIO
1423 4282 1612 4356 ALBINO.

319 4427 551 4523 Vberioribus
575 4480 656 4545 opus
680 4466 732 4525 est
754 4460 898 4547 paginis,
928 4460 984 4525 ubi
1012 4459 1094 4524 tides
1125 4458 1287 4523 claudicat
1312 4458 1499 4544 perlatoris:
1530 4478 1591 4544 per
1613 4464 1777 4522 amantem
1800 4454 1893 4521 meit

212 4563 371 4626 cultorem
403 4568 545 4626 vestrum
581 4560 784 4649 Stephanum
814 4563 986 4628 diaconum
1017 4561 1139 4627 sufficit
1170 4582 1269 4647 parca
1301 4562 1501 4640 conlocutio,
1534 4561 1589 4646 qui
1620 4559 1865 4646 transgrediens

210 4665 367 4751 epistulas
391 4665 423 4728 in
448 4665 551 4729 multa
571 4666 672 4732 verba
688 4665 823 4732 diffusas
842 4666 987 4753 praefert
1006 4664 1217 4730 affluentibus
1237 4666 1434 4747 necessaria,
1457 4664 1533 4730 dum
1558 4663 1739 4750 conpendio
1762 4660 1867 4727 tidelis

313 4923 327 4976 1
346 4935 371 4979 te
389 4933 513 4978 monstrat
529 4925 619 4976 rtatim
671 4924 827 4992 pollutioni·
842 4924 868 4977 B
957 4923 975 4977 5
992 4925 1153 4994 coniungens
1165 4923 1191 4976 B
1196 4934 1211 4963 ⁰
1262 4924 1381 4976 acerbius
1398 4922 1441 4989 (us
1458 4924 1486 4975 ia
1499 4923 1547 4991 lit.)
1560 4923 1586 4974 B
1673 4922 1690 4974 6
1707 4939 1808 4975 summa
1824 4920 1866 4971 V⁰

208 5012 335 5079 collegere
354 5012 380 5062 B
517 5009 533 5064 7
555 5012 672 5064 inueneri
689 5010 715 5062 B
851 5010 869 5063 8
892 5019 1008 5065 neutram
1031 5011 1136 5078 scripsi,
1162 5018 1283 5064 neutrum
1307 5009 1368 5061 lidri
1510 5008 1526 5061 9
1550 5010 1583 5062 ad
1606 5006 1767 5076 despectum]
1793 5008 1865 5060 addis

208 5106 342 5164 peceatum
360 5098 402 5162 (ea
418 5097 479 5162 del.)
492 5098 518 5149 Β
648 5096 682 5149 10
698 5093 734 5165 st]
753 5098 786 5150 ad
799 5097 825 5148 B
955 5096 985 5147 11
1006 5097 1106 5149 inuenit
1119 5096 1197 5149 Siras.
1285 5097 1426 5149 conharirs
1444 5113 1537 5149 mauras
1550 5095 1628 5148 Siras
1719 5094 1829 5146 attulisti
1846 5091 1871 5142 V

210 5181 242 5234 12
260 5185 398 5235 summittis
412 5182 458 5248 ΤΒ,
476 5186 631 5237 summiterie
643 5186 677 5251 B,
694 5188 859 5239 summittatis
875 5185 921 5237 VL
983 5188 1144 5254 condempno
1160 5186 1184 5236 V
1285 5182 1318 5234 15
1335 5183 1476 5234 honestatis
1488 5180 1567 5234 Sim.
1674 5178 1706 5232 18
1726 5181 1830 5248 sugissis
1842 5177 1868 5230 Β

208 5266 243 5319 20
260 5270 393 5337 exigrandi
410 5270 435 5321 B
504 5272 618 5323 accidere
634 5271 660 5321 Β
729 5273 889 5340 postlimeuio
904 5271 938 5336 B,
959 5273 1088 5340 postlimio
1106 5273 1143 5338 (ni
1162 5289 1218 5338 cup.
1231 5268 1289 5334 lia.)
1306 5268 1331 5319 V
1417 5266 1468 5323 ,21
1486 5267 1625 5319 caelicolas
1638 5266 1663 5317 Β
1770 5263 1805 5317 22
1822 5264 1866 5317 ob·

207 5357 340 5408 scinetatis
352 5356 378 5407 B
458 5374 550 5409 nornen
563 5357 589 5407 B
703 5356 738 5410 24
755 5360 874 5411 dissonae
888 5363 894 5423 Ι
909 5360 943 5412 rit
954 5357 995 5410 Β1
1109 5356 1145 5410 25
1162 5358 1281 5410 numanis
1294 5355 1320 5407 Β
1433 5351 1468 5404 27
1486 5354 1587 5406 luxoria
1598 5351 1624 5403 Β
1737 5349 1773 5402 28
1790 5352 1867 5405 habe-

207 5441 301 5494 bamus
317 5441 391 5493 VLT
473 5441 508 5494 29
525 5445 679 5512 segregatim
693 5462 771 5512 prop.
783 5444 880 5497 Βατία
964 5443 1001 5498 30
1016 5447 1131 5498 uerbena
1148 5454 1251 5498 sectura
1263 5442 1288 5494 Β
1373 5439 1405 5492 31
1425 5441 1529 5491 nomina
1540 5438 1567 5490 Β
1617 5439 1773 5491 submonere
1785 5437 1864 5490 Sim.

208 5529 350 5597 „satagas
366 5529 399 5594 (a
416 5531 444 5582 a
457 5530 504 5597 a.)
516 5530 550 5594 Β,
567 5531 725 5599 mesagna
828 5528 863 5583 aa
880 5530 1021 5600 turpitudo.
1040 5512 1163 5600 expu‘s‘s

313 5629 488 5703 [ccnxan
523 5631 559 5686 aa
575 5619 652 5705 ῑιιοῖρ.
671 5633 769 5687 nasso.
788 5635 911 5703 augeam
929 5634 1067 5702 ιςωῑω..
1081 5631 1108 5684 Β
1211 5629 1246 5682 aa
1263 5630 1329 5681 rm.
1343 5628 1369 5679 Β

306 5908 317 5941 l
