4500 6232
973 276 1061 331 xum
1081 277 1200 344 (caan.
1221 282 1244 342 1,
1261 281 1298 347 s).

674 450 792 515 Helias
815 450 877 514 fuit
900 450 953 514 hic
978 472 1089 536 mage:
1115 473 1189 516 nam
1214 453 1287 536 quis
1310 452 1485 518 Heliseum

583 570 620 606 1²⁰
678 553 859 639 Linqucrst
883 555 915 618 in
938 555 1035 619 terris
1060 554 1225 641 duplicato
1249 577 1383 623 munere
1406 557 1560 644 palmae?

674 659 820 723 Nutrivit
843 680 939 744 quem
964 660 1049 724 lacte
1072 661 1136 745 pio,
1161 659 1246 744 quod
1269 660 1311 724 ab
1335 661 1436 726 ubere
1460 661 1583 726 Paulus

674 763 812 844 Pressit,
836 765 1037 849 evangelicis
1060 766 1159 849 plena
1182 771 1233 828 est
1257 766 1308 828 cui
1331 764 1449 830 dextra
1472 766 1612 852 papillis.

675 866 784 944 Salve,
809 875 923 932 sancte
946 889 1076 954 parens,
1100 890 1232 954 semper
1256 870 1390 950 salvete,
1415 871 1540 956 recepti

674 970 816 1056 Crispini
841 971 979 1049 cineres,
1004 970 1044 1034 ad
1069 972 1161 1035 cuius
1185 972 1257 1036 iura
1280 970 1443 1037 redundat

591 1088 615 1122 ‘⁵
675 1073 843 1158 Quidquid
866 1075 898 1137 in
921 1073 984 1138 hoo
1008 1073 1130 1137 Christi
1153 1076 1307 1138 miramur
1329 1074 1483 1160 dogmate
1507 1075 1654 1162 dignum.

722 1177 772 1239 Tu
796 1176 879 1243 bene
903 1177 1131 1242 transmissum
1155 1178 1214 1243 tibi
1238 1200 1372 1243 censum
1394 1178 1555 1263 possides,
1579 1179 1688 1245 heres.

676 1282 744 1346 Res
768 1303 833 1345 non
856 1303 957 1368 parva
981 1281 1078 1347 docet
1101 1283 1275 1368 triplicatis
1298 1284 1409 1347 iuncta
1432 1285 1581 1348 talentis:

676 1387 839 1451 Monstrat
861 1387 902 1451 ab
926 1387 1051 1451 occidui
1075 1396 1264 1452 revocatum
1286 1389 1435 1474 partibus
1460 1389 1549 1452 orhis

675 1489 770 1562 Quod
795 1492 935 1577 supplex
958 1499 1090 1576 captum
1112 1493 1304 1556 transmittit
1327 1492 1436 1557 Gallia
1458 1495 1588 1577 vulgus.

597 1609 601 1620 ·
680 1592 792 1658 Effera
815 1601 848 1658 te
871 1595 942 1657 viso
967 1593 1152 1659 didicerunt
1174 1601 1310 1679 pectora
1332 1595 1430 1675 flocti,

679 1699 850 1762 Armatum
873 1698 1026 1784 precibus
1050 1700 1225 1785 superasti,
1248 1700 1403 1778 maxime,
1426 1720 1551 1785 regem.

679 1802 733 1866 Sic
757 1822 891 1886 pugnax
914 1802 1041 1885 gladios
1066 1801 1216 1867 obtundit
1239 1802 1378 1868 verbere
1400 1802 1524 1887 lingua,

679 1905 734 1969 Sic
757 1907 879 1970 sermm
904 1913 1074 1991 expugnat
1096 1905 1270 1971 verborum
1293 1907 1448 1970 lammina
1470 1905 1574 1971 fortis.

725 2008 809 2073 Nam
834 2010 862 2073 si
885 2008 983 2072 fanda
1006 2009 1116 2073 ferunt
1140 2010 1267 2073 sociant
1290 2010 1346 2094 qui
1368 2009 1512 2074 maxima
1534 2010 1654 2096 parvis,

598 2126 622 2158 '³
682 2110 737 2176 Sic
760 2110 924 2176 dominum
950 2120 1104 2198 expectat
1127 2112 1294 2177 domitatis
1317 2113 1434 2177 vilicus
1458 2113 1554 2192 arvis,

681 2215 763 2280 Cum
786 2217 872 2281 bene
896 2218 1029 2281 molitus
1052 2218 1178 2281 incurvi
1202 2216 1299 2281 dente
1323 2217 1442 2302 ligonis

677 2318 801 2384 Scribit
824 2341 920 2405 agros
944 2321 1127 2404 faciemque
1152 2320 1213 2384 soli
1236 2320 1282 2383 sic
1307 2320 1410 2405 pectit
1432 2320 1560 2399 aratris,

679 2423 725 2487 Vt
749 2433 880 2510 spumet
902 2426 1008 2511 plenis
1034 2445 1168 2488 currens
1192 2424 1357 2488 vindemia
1380 2422 1490 2488 labris.

675 2528 797 2592 Inserit
820 2536 975 2593 externas
999 2529 1175 2614 peregrino
1199 2529 1232 2591 in
1256 2529 1382 2612 cespite
1405 2528 1545 2613 plautas,

683 2631 822 2697 Advena
845 2633 1025 2696 coniunctis
1050 2632 1195 2695 sociatur
1217 2632 1359 2696 nexibus
1384 2631 1491 2704 arbor,

675 2735 883 2799 Truncantur
907 2736 1036 2820 stirpes,
1061 2735 1248 2800 demessum
1271 2735 1355 2799 falce
1379 2736 1511 2798 maritat

676 2838 874 2923 Virgultum‚
898 2846 1011 2902 tenero
1034 2839 1159 2923 lignum
1181 2838 1347 2902 mordetur
1370 2838 1470 2916 hiatu,

677 2941 833 3007 Germine
857 2942 1011 3006 nobilitas
1036 2943 1202 3027 consurgit
1225 2963 1290 3006 non
1314 2963 1373 3006 sua
1395 2961 1506 3028 parvo,

678 3045 835 3110 Surculus
857 3048 968 3131 ignoto
993 3046 1150 3110 coalescit
1172 3067 1307 3111 munere
1330 3045 1433 3122 dives,

612 3164 622 3198 ³·
680 3149 767 3214 Dum
792 3150 975 3215 madefacta
996 3171 1081 3215 novo
1105 3152 1210 3235 iungit
1233 3151 1394 3236 plantaria
1416 3150 1509 3214 libro.

677 3254 849 3318 Paestanis
873 3255 997 3340 pariter
1019 3254 1169 3340 depingit
1192 3262 1285 3338 terga
1307 3254 1436 3325 rosetis,

677 3358 802 3445 Regius
826 3363 948 3445 agresti
973 3362 1112 3426 vestitur
1135 3361 1258 3424 murice
1282 3381 1426 3445 campus.

676 3462 761 3527 Lilia
783 3485 842 3550 pro
865 3464 987 3529 nitidae
1011 3464 1191 3528 funduntur
1214 3465 1336 3528 lumine
1361 3464 1476 3527 calcis:

168 3571 299 3667 {pagg-{¹²¹¹
676 3566 768 3631 Tunc
793 3568 898 3653 pingit
921 3568 1023 3631 violas
1048 3569 1169 3652 cytisos
1194 3569 1358 3632 colocasia
1382 3566 1508 3630 calthas

193 3680 231 3718 ⁴¹³
246 3656 291 3716 rs
599 3684 609 3719 δ
682 3669 843 3734 Cinnama
867 3671 1045 3757 serpyllum
1069 3672 1232 3734 narcissos
1255 3670 1403 3734 balsama
1427 3675 1545 3734 costos.

677 3776 769 3840 Tunc
793 3776 939 3841 rediviva
963 3778 1042 3841 serit
1066 3797 1149 3861 quae
1174 3782 1282 3861 portat
1305 3775 1453 3858 germina
1476 3772 1632 3859 phoenix.

678 3880 776 3943 Hunc
800 3880 892 3944 iubet
914 3880 1094 3944 adveniens
1118 3866 1268 3941 dominus
1292 3876 1498 3941 discumbere
1521 3897 1664 3943 servum.

681 3983 794 4067 Surgit
818 3989 851 4046 ct
874 3984 944 4067 ipse
969 3983 1036 4045 suis
1060 3982 1210 4045 manibus
1234 3979 1290 4042 dat
1312 3980 1437 4044 fercula
1459 4000 1604 4045 mensae.

680 4086 736 4150 Sic
759 4092 815 4149 tua
839 4085 1015 4164 terdenis,
1039 4087 1219 4149 animarum
1245 4085 1358 4161 cultor,
1383 4084 1416 4147 in
1439 4085 1533 4148 annis

600 4204 623 4239 ·'·-'·
680 4188 805 4252 Halant
828 4208 1027 4267 marosas,
1052 4187 1262 4273 interpellata
1284 4207 1345 4250 nec
1368 4187 1444 4251 ullis

678 4290 870 4375 Frigoribus
893 4291 1057 4354 marciscit
1078 4291 1207 4367 humus,
1231 4311 1327 4374 quarn
1350 4311 1428 4354 rere
1453 4292 1586 4375 perenni

679 4394 796 4460 Servat
819 4395 955 4459 odorato
979 4396 1167 4459 meritorum
1192 4396 1316 4480 cespite
1339 4394 1463 4460 doctor.

680 4497 810 4564 Arbuta
833 4500 998 4565 siccantur
1020 4500 1170 4584 quotiens
1195 4507 1251 4562 tua
1274 4518 1346 4562 rore
1370 4505 1501 4582 negato.

416 4829 439 4861 v.
460 4807 510 4861 119
529 4810 668 4860 helisaeum
687 4810 745 4860 edit.
851 4827 873 4858 r.
896 4806 946 4859 120
963 4826 1068 4860 munere
1086 4828 1142 4875 arcp.
1160 4812 1204 4860 lio.
1219 4811 1244 4860 B
1305 4808 1411 4876 pnlmael
1430 4811 1538 4876 palmam
1559 4810 1614 4872 (alt.
1629 4828 1652 4860 m
1669 4811 1731 4874 del.)
1746 4811 1778 4874 B,
1797 4812 1879 4878 pallae
1890 4813 1969 4879 sort,

312 4900 345 4960 cs.
359 4898 420 4964 Req.
433 4895 514 4957 11⁷2,
528 4900 557 4945 a>
569 4905 591 4946 et
605 4896 693 4962 alpolt.
707 4896 763 4946 sid.
775 4913 855 4946 sorar.
871 4898 911 4949 18.
922 4899 965 4945 31.-
984 4897 1075 4945 ssuisti
1094 4897 1119 4945 in
1138 4907 1227 4961 pectus
1240 4896 1316 4947 lllissi
1330 4936 1335 4946 .
1348 4936 1353 4946 .
1366 4933 1371 4946 .
1385 4936 1406 4945 ..
1425 4898 1530 4946 scissam
1546 4897 1667 4962 linquens
1685 4915 1730 4965 pro
1749 4915 1855 4949 munere
1872 4899 1968 4965 pollam

312 5002 336 5035 v.
354 4983 402 5034 125
413 4983 536 5049 quioquid
554 4980 576 5028 l'
661 5000 682 5032 r.
695 4979 744 5031 12⁶3
758 4982 864 5047 possidio
876 4979 900 5029 B
988 4999 1011 5030 v.
1025 4979 1073 5030 1⁶29
1087 4983 1223 5031 transmisit
1236 4981 1313 5032 Siras.
1403 5000 1426 5030 r.
1440 4979 1488 5031 130
1500 4981 1683 5032 ‹lediceruntB
1770 5001 1793 5033 v.
1809 4980 1858 5034 133
1871 4984 1968 5035 terrum

312 5077 445 5137 expugnat
459 5067 546 5119 Schott
558 5077 580 5118 ct
591 5067 678 5129 Siron,
696 5077 827 5133 expugnat
841 5070 936 5117 sermm
949 5066 1046 5115 codices
1134 5084 1156 5115 s.
1174 5064 1223 5115 135
1235 5068 1365 5116 dominum
1378 5075 1494 5133 expectat
1509 5065 1602 5120 t'P2'o.
1619 5077 1737 5134 expectat
1748 5069 1880 5120 dominum
1892 5070 1969 5122 cossi

313 5174 336 5206 v.
349 5154 398 5206 136
411 5156 514 5206 molitus
527 5153 624 5204 codices
636 5162 658 5202 et
675 5152 746 5217 l'erp.
760 5153 777 5202 l.
788 5170 817 5202 c..
836 5153 935 5201 molitos
948 5152 1035 5214 Siras,
1054 5152 1164 5202 mollitos
1174 5151 1262 5202 Srloott
1273 5162 1295 5201 et
1308 5152 1401 5202 llortel
1488 5171 1511 5202 v.
1525 5151 1744 5204 138uindimia13
1831 5173 1855 5205 v.
1867 5153 1918 5206 139
1929 5157 1969 5208 in·

312 5239 381 5305 sarit]
395 5242 488 5291 inseret
499 5239 531 5302 B,
548 5239 674 5289 indeserct
686 5236 709 5284 V
712 5236 721 5272 ¹
731 5237 750 5286 1,
847 5235 1134 5288 clitemnestra
1231 5234 1478 5288 r.14⁴larrrcrrlosl›‘
1574 5237 1783 5306 nllopoeanis
1797 5240 1829 5302 B,
1846 5243 1970 5309 psstnniis

312 5327 387 5376 ceteri
474 5343 499 5376 r.
514 5322 561 5375 147
581 5322 702 5391 rogiosB
789 5339 813 5371 v.
830 5319 878 5371 148
895 5320 1000 5385 lumine}
1020 5322 1118 5370 lumina
1131 5320 1174 5369 13⁶
1228 5322 1310 5371 calces
1328 5323 1433 5377 codices.
1451 5340 1496 5372 ear.
1511 5322 1588 5373 Sim.
1677 5342 1702 5375 v.
1715 5322 1766 5375 149
1782 5327 1970 5392 cythisosedit.

312 5410 440 5461 colocasia
451 5410 508 5460 BV
511 5407 551 5460 ¹L
630 5409 710 5459 celtas
728 5407 826 5459 costas
947 5424 972 5457 r.
993 5405 1043 5456 too
1060 5404 1209 5472 serpyllum]
1229 5407 1363 5473 syrpillum
1378 5407 1408 5464 lt,
1430 5408 1561 5475 serpillum
1579 5410 1655 5460 oster-i
1731 5411 1859 5464 carduos
1876 5411 1968 5478 Sim,

314 5497 429 5546 narcisus
452 5496 575 5556 (rrarcisos
589 5493 645 5555 13⁰)
664 5494 763 5545 codices
840 5502 923 5543 costos
942 5491 1034 5545 Siron,
1058 5493 1184 5543 costsrsb.
1208 5510 1307 5543 corsuna
1322 5493 1356 5546 Il.
1378 5511 1450 5544 cissa
1468 5495 1544 5544 reteri
1664 5512 1690 5547 r.
1707 5494 1757 5549 lbi
1773 5494 1852 5549 ‘iudx
1869 5499 1971 5553 αἴκα

313 5599 337 5632 v.
359 5579 407 5631 tob
425 5582 557 5631 urarccscit
577 5580 600 5629 l'
701 5599 724 5631 v.
747 5579 796 5631 los
814 5580 917 5630 arbusta
931 5579 955 5628 lt
963 5577 1027 5627 ¹01¹
1803 5608 1812 5617 -
1852 5598 1863 5615 ι
