4500 6232
200 509 324 566 Sponaalia,

191 561 331 655 nonrqplpttaa

338 303 377 358 Vl
858 305 879 362 Ι.
905 303 954 360 Du
971 305 1060 360 Vl'l'll
1078 303 1126 360 ΕΤ
1144 303 1305 361 scalpris
1324 301 1473 360 uuuom.

442 478 521 544 Post
543 479 648 557 verba,
670 503 750 567 quae
773 480 868 546 modo
887 480 1057 560 attulimus,
1079 479 1245 545 Enncdius
1268 480 1300 545 in
1322 477 1517 543 confessione
1539 479 1664 546 suasio
1686 477 1788 565 pergit
1810 481 1850 564 (p.
1864 479 1994 556 30339t:

338 585 482 662 ,remansi
497 583 593 663 solus,
615 585 716 671 inops,
738 607 771 649 re
792 594 824 649 et
846 584 978 648 consilio
993 582 1170 663 destitutus,
1193 584 1243 647 cui
1266 583 1334 648 sola
1356 581 1525 647 remedium
1540 584 1675 648 tribuere
1690 591 1798 669 posset
1812 580 1995 646 adversitas.

337 708 377 751 ne
398 687 479 751 inter
500 696 659 773 parentes,
689 687 775 773 quod
796 699 846 753 est
867 687 1058 774 captivitatis
1081 696 1163 752 sorte
1186 687 1335 766 amarius,
1363 685 1506 751 subsidia
1527 686 1654 753 vivendi
1684 685 1762 750 liber
1784 706 1943 772 poscerem
1965 696 1997 747 et

337 791 480 875 cognitus
503 790 766 878 peregrinantium
789 791 872 855 mala
892 790 1072 869 tolerarem,
1092 789 1248 875 extemplo
1270 790 1435 875 porrexisti
1458 800 1640 854 consuetam
1662 788 1833 868 dexteram,
1856 787 1995 852 defensio

337 905 413 975 mea,
436 905 468 959 et
489 894 618 960 domum
632 920 727 962 censu
750 908 781 962 et
802 898 950 983 religione
964 896 1178 984 praedivitem,
1201 906 1237 961 ut
1258 897 1408 961 solacium
1431 918 1534 961 meum
1554 920 1616 962 non
1631 907 1796 984 respueret,
1819 896 1996 983 conpulisti.

337 999 466 1083 poposci
496 1000 527 1062 in
554 1000 753 1065 matrimonio
775 1000 940 1066 cuiusdam
967 1001 1181 1066 nobilissimae
1208 1009 1240 1065 et
1271 1001 1328 1065 tibi
1358 1002 1436 1065 bene
1464 1010 1629 1089 conpertae
1661 1000 1824 1088 parvulam
1858 1000 1996 1078 filiolam,

336 1102 479 1187 protinus
601 1110 768 1191 exceptus‘.
805 1104 861 1170 sed
884 1115 958 1192 post
979 1105 1179 1171 intervallum
1193 1102 1352 1190 quoddam
1374 1105 1524 1191 temporis
1545 1104 1656 1169 morbo
1678 1104 1795 1168 exitiali
1812 1126 1995 1191 oppressum

336 1206 505 1291 mortisque
532 1207 681 1272 instantia
710 1209 876 1273 attonitum
908 1218 1047 1274 sanctam
1069 1211 1167 1274 vitam
1195 1231 1263 1274 sese
1290 1208 1498 1296 spopondisse
1524 1217 1618 1294 atque
1644 1208 1824 1273 societatem
1848 1231 1919 1273 cum
1941 1208 1996 1272 illa

336 1309 451 1374 femina
471 1311 579 1375 initam
604 1311 778 1376 resolvisse.
822 1312 1016 1398 aliquantum
1040 1313 1135 1398 igitur
1156 1313 1306 1399 temporis
1328 1313 1528 1378 matrimonio
1550 1310 1731 1376 Enncdium
1756 1334 1848 1375 usum
1869 1334 1939 1376 esse
1960 1322 1996 1375 ut

245 1484 249 1491 q
336 1412 444 1480 credas
467 1415 557 1480 facile
572 1414 740 1480 inducaris
778 1425 811 1480 at
833 1415 990 1502 quomodo
1006 1416 1135 1481 clericus
1159 1417 1390 1481 consecratione
1412 1425 1505 1502 atque
1527 1415 1620 1479 etiam
1635 1413 1803 1479 diaconatu
1825 1415 1995 1479 honoratus

336 1518 481 1603 coniugio
502 1519 563 1583 frui
585 1521 698 1608 potuit,
719 1543 791 1584 cum
813 1530 861 1585 tot
875 1520 1007 1585 concilia
1029 1520 1101 1585 inde
1124 1520 1163 1585 ab
1186 1520 1327 1584 Nicaenc
1349 1520 1505 1605 episcopis
1524 1518 1712 1605 presbyteris
1735 1517 1876 1583 diaconis
1900 1521 1994 1584 casti-

335 1629 432 1686 tatem
455 1623 737 1710 continentiamque
756 1624 997 1711 imperaverint?
1033 1633 1114 1688 recte
1136 1623 1196 1687 hcc
1219 1621 1404 1688 Sirmondus
1427 1623 1525 1687 sensit
1547 1632 1579 1687 et
1600 1645 1696 1686 uxore
1718 1623 1849 1688 remissa
1870 1621 1995 1687 tandem

335 1724 535 1791 diaconatum
558 1749 629 1792 eum
656 1727 804 1815 adeptum
833 1750 900 1792 esse
929 1727 1059 1791 censuit
1103 1725 1158 1791 sed
1188 1727 1251 1791 iam
1278 1735 1349 1791 ante
1378 1748 1493 1790 annum
1516 1728 1593 1804 495,
1621 1748 1695 1810 ergo
1722 1727 1905 1791 vicesimum
1934 1727 1997 1792 fere

335 1831 446 1894 aetatis
473 1854 589 1896 annum
622 1854 717 1917 agens
746 1831 866 1896 clericis
896 1830 1117 1896 adnumeratus
1145 1841 1207 1910 est,
1243 1853 1360 1917 sponsa
1391 1839 1494 1894 autem
1520 1830 1602 1910 eius,
1631 1853 1701 1894 cum
1730 1853 1799 1894 eam
1828 1831 1859 1894 in
1890 1831 1997 1895 matri·

337 1934 477 1999 monium
497 1936 652 2022 poposcit,
674 1935 837 1999 etiamtum
860 1935 993 2021 parvula
1013 1935 1109 1999 fflicla
1132 1936 1211 1999 erat!
1250 1934 1326 1998 haec
1349 1956 1398 1999 res
1421 1956 1477 2020 per
1498 1956 1533 1998 se
1555 1932 1596 1998 ad
1618 1933 1837 2021 explicandum
1860 1934 1996 1999 difficilis

337 2061 466 2123 prorsus
480 2038 631 2103 librorum
646 2038 796 2103 mendosa
810 2039 943 2103 lectione
965 2038 1125 2125 implicata
1139 2047 1195 2118 est,
1218 2038 1271 2123 qui
1287 2046 1409 2124 praeter
1430 2037 1588 2123 egregium
1608 2036 1747 2102 codicem
1761 2038 1996 2103 Bruxellensem

338 2164 444 2206 omnes
467 2143 617 2229 praebent
639 2146 835 2228 (p.304,1):
862 2142 931 2223 ,hcc
954 2143 1088 2229 amplius
1112 2141 1301 2226 suffragator
1328 2163 1416 2205 meus
1438 2140 1568 2205 emeruit
1589 2163 1684 2226 quam
1707 2141 1851 2227 poposci,
1879 2154 1913 2207 ut
1935 2143 1997 2225 illa,

281 2327 288 2333 ὓ
337 2267 417 2330 quae
438 2267 559 2308 mecum
582 2247 771 2311 matrimonii
794 2247 905 2312 habuit
927 2247 1125 2333 parilitatem,
1147 2245 1311 2330 religiosae
1334 2266 1457 2307 mecum
1479 2242 1674 2308 habitudinis
1696 2243 1810 2309 decora
1831 2247 1998 2332 partiretur

337 2355 369 2411 et
396 2347 484 2413 fieret
511 2348 661 2435 praeclari
696 2347 760 2411 dux
794 2349 908 2413 femina
936 2349 1042 2428 tituli‘,
1076 2346 1159 2412 unde
1186 2347 1360 2411 necessario
1382 2346 1515 2410 efficitur
1545 2345 1584 2410 ab
1613 2345 1760 2410 Ennodic
1789 2347 1935 2412 feminam
1965 2351 1997 2412 in

338 2453 569 2518 matrimonium
597 2461 757 2539 acceptam
789 2475 865 2517 esse.
910 2451 966 2517 sed
993 2452 1111 2516 auxilio
1133 2450 1346 2516 Bruxellensis
1376 2446 1493 2512 codicis
1518 2471 1601 2512 nunc
1623 2447 1748 2513 demum
1776 2472 1824 2514 res
1857 2451 1998 2516 involuta

339 2556 487 2642 explicari
515 2567 632 2644 potest:
668 2558 794 2644 scripsit
821 2558 904 2622 enim
938 2556 1103 2621 Ennodius
1137 2555 1201 2635 ,illa
1229 2577 1308 2641 quae
1336 2576 1457 2618 mecum
1489 2553 1677 2618 matrimonii
1705 2553 1814 2618 habuit
1842 2555 1998 2641 parilitate

340 2660 511 2745 subiugari‘
531 2663 550 2725 i.
566 2685 592 2726 e.
615 2668 659 2744 (ut
682 2685 753 2727 cum
775 2663 928 2749 permulta
949 2662 1112 2727 latinitatis
1136 2670 1299 2747 corruptae
1321 2659 1463 2745 exempla
1486 2658 1625 2743 [Rdusch
1641 2657 1724 2722 Itala
1738 2659 1854 2744 pili]
1877 2657 1998 2741 docent,

339 2772 407 2827 tum
430 2763 508 2828 illud
530 2764 657 2830 Ennodi
680 2766 780 2852 ipsius
802 2791 833 2852 p.
849 2770 899 2846 58,
911 2769 953 2831 29
976 2766 1086 2852 ,qualis
1110 2764 1220 2829 habuit
1241 2764 1341 2843 effici‘)
1370 2763 1425 2828 illa
1452 2785 1531 2848 quae
1554 2784 1675 2825 mecum
1698 2762 1886 2828 matrimonii
1916 2765 1999 2851 pari·

339 2867 426 2931 litate
456 2869 616 2955 subiugari
644 2871 673 2933 in
703 2871 807 2934 animo
836 2869 946 2934 habuit
978 2875 1029 2952 (=
1050 2865 1186 2952 {heliab
1221 2868 1280 2931 fuit
1306 2876 1454 2954 nuptura,
1483 2889 1546 2930 non
1575 2875 1681 2952 nupta.
1731 2888 1804 2950 ergo
1832 2865 1998 2932 Ennodius

341 2992 489 3057 sponsam
512 2995 602 3038 suam
624 2997 784 3060 nunquam
807 2973 1005 3038 matrimonio
1028 2972 1090 3037 sibi
1112 2973 1262 3036 iunxerat.
1299 2970 1358 3035 hac
1380 2993 1412 3034 re
1434 2979 1537 3034 autem
1561 2969 1762 3055 comprobata
1786 2970 1848 3033 iam
1870 2970 2000 3057 explosa

341 3083 414 3138 srmt
436 3074 531 3139 verba
552 3099 636 3140 vana
657 3087 688 3141 et
711 3074 870 3141 Sirmcndi
893 3076 1018 3161 ingenio
1040 3075 1133 3161 plane
1155 3073 1285 3160 indigna
1305 3096 1353 3154 ,ex
1368 3097 1430 3160 qua
1446 3076 1561 3156 (uxore)
1584 3082 1616 3136 ct
1636 3073 1736 3137 tilium
1755 3073 1892 3153 sustulit,
1914 3072 1999 3159 quod

341 3179 515 3264 siguificare
538 3180 674 3265 quodam
695 3181 766 3245 loco
782 3179 923 3245 videtur‘.
960 3180 1118 3244 invenitur
1139 3179 1171 3242 in
1195 3177 1340 3242 omnibus
1361 3178 1508 3264 operibus
1531 3200 1570 3240 ne
1593 3199 1689 3241 unum
1711 3176 1837 3263 quidem
1860 3179 2000 3257 verbum,

342 3303 404 3367 quo
433 3305 561 3347 uxorem
588 3294 642 3348 aut
664 3285 762 3349 lilium
791 3285 819 3348 ei
845 3284 943 3349 fuisse
970 3282 1144 3347 declaretur
1151 3307 1160 3361 ;
1191 3282 1287 3346 immo
1317 3280 1390 3346 inde
1412 3280 1496 3368 quod
1519 3306 1549 3369 p.
1565 3284 1675 3360 280,7
1699 3282 1805 3346 omnia
1833 3305 1913 3368 quae
1939 3282 2000 3347 sibi

342 3408 362 3450 a
382 3385 502 3450 Fausto
525 3385 728 3465 donarentur,
758 3396 831 3474 post
853 3396 983 3451 mortem
1006 3409 1096 3450 suam
1118 3386 1150 3450 in
1173 3385 1257 3450 illius
1279 3386 1511 3472 possessionem
1532 3385 1670 3450 reditura
1692 3407 1760 3450 esse
1783 3384 1876 3466 dixit,
1901 3386 2000 3452 filium

342 3490 382 3555 ab
404 3489 552 3555 Ennodio
575 3491 718 3555 heredem
749 3491 890 3557 relictum
917 3514 979 3556 non
1009 3512 1077 3555 esse
1099 3490 1176 3554 satis
1197 3489 1304 3576 liquet
1349 3512 1444 3575 quare
1466 3489 1544 3554 nihil
1574 3498 1671 3554 restat
1692 3490 1753 3555 nisi
1776 3500 1810 3554 ut
1833 3514 1904 3554 cum
1926 3491 2001 3555 Bol-

342 3590 487 3658 landistis
510 3595 559 3677 (A.
576 3594 608 3660 S.
632 3595 690 3660 lul.
706 3595 761 3662 IV
777 3620 806 3683 p.
822 3599 896 3678 271)
916 3595 1110 3682 suspicemur
1132 3593 1333 3659 Sirmondum
1357 3595 1388 3657 in
1408 3594 1519 3659 falsam
1542 3594 1627 3658 illam
1648 3595 1830 3658 sententiam
1855 3592 2001 3658 incidisse

342 3695 513 3762 adductum
535 3699 685 3786 epitaphii
709 3722 801 3765 versu
824 3704 859 3765 3:
882 3700 993 3780 ,clarus
1016 3699 1103 3786 prole
1125 3697 1265 3785 quidem,
1286 3699 1466 3782 generosior
1488 3698 1555 3784 ipse
1578 3699 1782 3783 propinquis‘,
1810 3721 1999 3784 quamquam

343 3802 497 3866 vocabulo
519 3803 617 3889 prolis
640 3803 690 3867 hic
713 3805 777 3868 vim
800 3805 955 3890 prosapiei
979 3802 1028 3868 vel
1051 3804 1158 3890 stirpis
1181 3825 1249 3867 esse
1271 3803 1303 3866 in
1326 3811 1474 3888 promptu
1496 3811 1552 3865 est.

447 3906 572 3984 Quodsi
587 3907 752 3972 Ennodius
776 3912 816 3995 (p.
832 3910 904 3987 303,
921 3910 961 3973 ls
975 3910 1025 3987 ss.)
1048 3907 1210 3970 confitetur
1232 3928 1265 3969 se
1288 3907 1319 3968 in
1343 3903 1469 3969 domurn
1486 3926 1620 3990 sponsae
1635 3914 1793 3990 receptum
1808 3904 2000 3992 aliquamdiu

343 4011 483 4075 omnium
505 4034 607 4075 rerum
630 4013 721 4097 copia
743 4010 931 4090 diffluxisse,
959 4011 1062 4075 subito
1090 4018 1194 4073 autem
1217 4009 1257 4074 ad
1280 4009 1421 4096 inopiam
1443 4007 1605 4073 reductum
1627 4031 1707 4087 esse,
1736 4007 1769 4073 id
1796 4010 1896 4096 ipsius
1919 4020 2000 4074 certe

344 4114 436 4202 culpa
464 4124 496 4179 et
525 4114 675 4179 effusione
707 4115 771 4179 fieri
802 4138 865 4179 uon
892 4115 1003 4201 potuit.
1057 4135 1169 4199 nempe
1197 4113 1251 4198 qui
1282 4113 1446 4198 coniugem
1473 4135 1536 4177 non
1565 4111 1690 4192 habuit,
1723 4111 1828 4177 dotem
1859 4115 2000 4201 coniugis

344 4219 531 4305 profundere
553 4220 695 4304 nequivit
716 4224 835 4298 (contra
856 4216 990 4282 Teuffeli
1012 4217 1084 4282 hist
1106 4217 1165 4281 litt
1188 4215 1279 4281 Rom.
1295 4219 1419 4297 479,1).
1464 4216 1557 4282 aliam
1579 4216 1685 4303 potius
1709 4240 1849 4298 causam,
1875 4241 1931 4283 cur
1952 4242 2000 4284 res

343 4324 506 4390 familiaris
529 4347 663 4413 sponsae
685 4327 845 4392 deminuta
866 4326 916 4404 sit,
939 4324 1149 4390 divinabimus
1172 4325 1343 4410 cogitantes
1365 4323 1525 4411 sponsalia
1547 4324 1578 4387 in
1600 4346 1698 4388 annos
1721 4327 1893 4391 490-494
1909 4323 2001 4390 deve·

344 4430 437 4511 uisse,
464 4430 579 4519 quibus
609 4431 801 4517 temporibus
830 4438 896 4495 tcta
924 4429 1018 4494 Italia
1044 4429 1198 4516 superior,
1226 4428 1369 4516 inprimis
1398 4437 1501 4492 autem
1528 4427 1669 4513 regiones
1696 4428 1778 4493 circa
1804 4428 1949 4493 Ticinum
1972 4439 2002 4492 et

346 4532 561 4599 Mediolanum
583 4537 674 4617 sitae,
701 4545 736 4601 ut
757 4534 923 4600 Ennodius
946 4535 1013 4621 ipse
1046 4534 1078 4596 in
1106 4533 1172 4599 vita
1199 4532 1357 4620 Epiphani
1382 4530 1544 4612 dissentit,
1573 4532 1729 4596 continuis
1757 4532 1908 4597 bellorum
1937 4543 2001 4598 tur-

346 4637 470 4703 binibus
493 4648 635 4704 vastatae
665 4650 746 4704 sunt.
790 4650 884 4726 atque
910 4639 969 4703 hac
996 4660 1104 4718 causa,
1131 4636 1215 4724 quod
1238 4635 1366 4702 divitiae
1389 4658 1522 4723 sponsae
1545 4634 1685 4722 dilapsae
1707 4646 1792 4716 sunt,
1819 4636 2000 4702 Ennodium

345 4752 534 4807 commotmn
557 4766 639 4821 esse,
669 4753 705 4807 ut
726 4766 781 4830 spe
809 4745 954 4830 copiosae
977 4741 1060 4806 dctis
1087 4741 1255 4807 destitutus
1278 4762 1428 4828 sponsam
1450 4739 1643 4820 destitueret,
1671 4740 1827 4826 malignus
1850 4742 2001 4828 interpres

345 4845 430 4911 haud
452 4849 517 4912 scic
539 4871 580 4912 an
602 4847 744 4912 coniciat
786 4871 857 4912 narn
880 4846 957 4934 quid
979 4846 1019 4912 de
1041 4846 1151 4912 morbo
1173 4845 1241 4927 illo,
1266 4868 1329 4932 quc
1352 4843 1392 4909 ad
1415 4867 1528 4910 munus
1550 4844 1794 4910 ecclesiasticum
1816 4844 2001 4932 perductum

346 4973 380 5015 se
401 4973 470 5017 csse
491 4951 626 5031 dictitat,
648 4953 843 5017 sentiendum
867 4953 925 5030 sit,
947 4951 1028 5016 infra
1049 4950 1235 5016 videbimus.

261 5079 334 5120 tuens
450 5056 611 5137 Quamdiu
632 5080 680 5137 ,ex
703 5056 848 5121 mendico
875 5057 908 5121 in
930 5077 1033 5141 regern
1056 5062 1204 5121 mutatus‘
1232 5054 1345 5142 opibus
1374 5075 1508 5141 sponsae
1535 5075 1610 5117 usus
1634 5053 1676 5116 sit
1697 5053 1869 5134 nescimus3
1897 5065 2001 5120 tamen

347 5161 424 5226 illud
446 5172 569 5251 tempus
597 5187 659 5229 non
683 5166 726 5229 ita
751 5165 845 5229 breve
867 5164 965 5228 fuisse
994 5165 1215 5250 comprobatur
1237 5161 1341 5228 verbis
1369 5159 1944 5249 (p.303‚21),produxistitempora‘
1971 5172 2001 5224 et

346 5267 387 5351 (p.
404 5268 538 5347 303,29)
565 5267 690 5354 ,gaudia
716 5266 887 5355 producta‘.
931 5267 1122 5348 calamitate,
1149 5291 1212 5355 qua
1233 5268 1345 5332 iterum
1367 5263 1408 5354 ad
1431 5264 1568 5351 inopiam
1592 5263 1736 5331 redactus
1758 5275 1818 5345 est,
1846 5265 2001 5351 descripta

347 5371 423 5434 haec
445 5381 616 5456 sequuntur
638 5376 678 5458 (p.
694 5374 843 5452 303,29):
865 5372 981 5452 ,statim
1006 5371 1069 5435 alic
1083 5370 1210 5457 quidem
1233 5371 1351 5449 itinere,
1373 5391 1437 5433 non
1460 5377 1564 5433 tamen
1588 5369 1707 5455 impare
1729 5368 1902 5435 subvenisti
1925 5366 2001 5447 (scil.

346 5472 442 5554 deus).
459 5467 629 5540 ‘ordinasti
651 5485 688 5540 ut
709 5498 766 5563 per
787 5475 923 5540 officium
945 5474 1111 5541 levitarum
1134 5483 1260 5539 coactus
1283 5493 1409 5538 sanarer
1429 5480 1463 5535 et
1483 5471 1600 5558 inparti
1624 5471 1752 5538 honoris
1774 5471 1896 5537 sarcina
1917 5466 2002 5556 quod

347 5578 507 5666 premebat
527 5602 546 5644 a
568 5602 616 5644 me
638 5579 763 5667 pondus
787 5586 962 5645 amoveret‘.
1006 5588 1130 5667 tempus
1156 5601 1219 5667 quo
1241 5576 1282 5643 ad
1305 5575 1453 5643 ecclcsiae
1474 5575 1608 5642 honores
1631 5573 1813 5666 adspirandi
1835 5571 2002 5639 consilium
