4500 6232
793 292 879 347 CXIX
899 293 1023 360 (EPIST.
1042 296 1067 359 4,
1085 297 1122 361 3),
1141 295 1214 350 CXX
1232 295 1356 363 (EPIST.
1374 299 1400 361 4,
1417 297 1454 366 4).

943 601 1059 672 cxlx
1083 605 1192 690 (arrsr.
1209 612 1239 682 4,
1257 607 1302 691 3).

752 800 959 874 EVLALIO
988 800 1220 875 EPISCOPO
1248 801 1496 876 ENNODIVS.

412 949 578 1040 Trinitati
609 978 729 1060 gratias
758 977 820 1042 deo
849 983 978 1055 nostro,
1008 977 1063 1062 qui
1093 976 1217 1041 fascem
1240 997 1304 1062 quo
1328 976 1493 1063 deprimor
1515 984 1724 1063 peccatorum
1748 981 1842 1045 fortis
1866 980 1953 1066 apud

296 1098 330 1140 se
355 1080 414 1142 viri
438 1080 608 1144 alacritate
631 1086 807 1159 sustentat,
840 1082 894 1165 qui
916 1082 1105 1146 memoriam
1130 1082 1195 1146 mei
1216 1082 1248 1144 in
1272 1082 1327 1145 illo
1352 1082 1456 1146 sancti
1480 1083 1622 1167 pectoris
1645 1083 1692 1146 tui
1720 1085 1859 1171 templo,
1887 1106 1954 1171 quo

296 1181 419 1265 gaudet
442 1183 608 1258 Christus,
640 1185 769 1249 subtilis
800 1184 977 1249 fabricator
1005 1185 1183 1265 interserit,
1216 1190 1253 1248 ut
1280 1183 1365 1269 quod
1395 1184 1547 1270 propriae
1577 1186 1836 1252 conversationis
1864 1187 1953 1252 nube

296 1284 431 1364 fuscavi,
455 1286 627 1371 splendida
649 1289 866 1352 conscientiae
884 1293 1014 1353 vestrae
1039 1289 1218 1352 serenitate
1242 1286 1421 1373 detergeat.
1461 1287 1526 1353 iam
1542 1290 1615 1352 novi
1633 1291 1789 1375 quianon
1806 1290 1953 1356 ineffica-
2020 1315 2032 1347 s

265 1389 377 1452 leiter
399 1389 579 1454 funduntur
601 1393 744 1456 lamenta
767 1394 982 1477 peccantium.
1027 1393 1089 1457 hoc
1112 1393 1191 1456 mihi
1216 1393 1362 1478 principe
1386 1392 1458 1455 loco
1483 1393 1585 1456 oratio
1608 1414 1692 1474 mea,
1716 1393 1777 1457 hoc
1799 1393 1954 1458 lacrimae

295 1493 514 1571 contulerunt,
545 1502 581 1557 ut
608 1496 762 1559 robustus
793 1517 852 1581 pro
884 1518 935 1560 me
966 1501 1118 1581 precator
1146 1516 1356 1580 exsurgeres,
1388 1502 1424 1559 ut
1453 1494 1641 1559 labantibus
1671 1496 1790 1560 umeris
1819 1495 1955 1559 caelesti

295 1597 451 1660 munitam
482 1599 604 1663 auxilio
637 1599 808 1663 dexteram
839 1598 1044 1684 subrogares.
1089 1620 1201 1664 verum
1233 1606 1284 1664 est
1317 1599 1392 1683 quia
1422 1598 1493 1663 sola
1524 1597 1611 1684 apud
1641 1598 1739 1664 deum
1768 1597 1955 1685 desperatio

296 1699 403 1784 perdit
433 1708 607 1767 errantem.
654 1725 731 1766 eece
761 1703 825 1766 iam
856 1702 968 1766 lolium
1000 1710 1145 1766 nostrum
1176 1704 1288 1789 spinae
1313 1703 1365 1766 vel
1396 1701 1506 1766 tribuli
1529 1700 1654 1767 hordea
1676 1703 1818 1766 triticum
1842 1702 1956 1766 vineas

265 1802 503 1886 3polliccutur.
541 1827 615 1889 age,
639 1806 744 1870 electe
762 1805 825 1887 dci,
848 1828 907 1892 pro
925 1827 976 1870 me
999 1806 1113 1870 humili
1137 1805 1222 1892 quod
1246 1806 1393 1890 coepisti,
1417 1811 1450 1869 et
1474 1805 1621 1891 partibus
1644 1807 1708 1869 tuis
1730 1804 1854 1885 adesto,
1877 1804 1954 1869 dum
2022 1836 2035 1865 n

296 1926 429 1989 precum
459 1907 491 1969 in
521 1930 573 1972 mc
609 1908 805 1974 adsiduitate
837 1909 933 1973 diluis
967 1909 1053 1993 quod
1083 1930 1145 1994 ego
1179 1908 1295 1993 collegi
1324 1908 1475 1973 ubertate
1506 1907 1684 1993 culparum.
1729 1908 1957 1994 frequentibus

296 2009 393 2073 etiarn
425 2022 614 2096 susceptum
645 2034 743 2097 pasce
773 2013 970 2097 conloquiis,
1002 2019 1038 2077 ut
1066 2014 1227 2077 insulsum
1255 2019 1371 2098 pectus
1402 2034 1463 2077 nec
1494 2012 1563 2075 ulla
1590 2011 1746 2076 virtutum
1775 2011 1957 2076 stabilitate

297 2112 473 2176 subnixum
497 2115 727 2179 admonitionis
751 2116 820 2180 sale
844 2116 1018 2181 confortes.
1057 2117 1097 2180 ad
1123 2117 1280 2201 obsequia
1303 2116 1508 2181 salutationis
1531 2122 1678 2181 revertor
1693 2123 1728 2181 et
1743 2116 1957 2202 epistularem

297 2223 518 2301 transgressus
544 2221 716 2283 terminum
741 2242 840 2283 unum
861 2222 951 2285 velut
973 2222 1123 2305 garrulus
1147 2220 1204 2285 sed
1228 2242 1286 2306 pro
1310 2218 1560 2283 necessitatibus
1585 2220 1778 2304 inportunus
1801 2219 1956 2304 adiungo.

299 2327 335 2383 ut
357 2342 409 2385 me
434 2322 505 2386 sine
529 2324 713 2388 cessatione
736 2331 862 2389 tanturn
886 2325 978 2388 iuves
1002 2324 1169 2410 precibus,
1192 2329 1348 2408 quantum
1373 2322 1543 2386 confirmas
1567 2323 1729 2408 alloquiis.
1773 2325 1857 2388 vale.

268 957 277 1014 l

962 2646 1058 2717 CXX
1081 2649 1191 2734 (sessu.
1209 2654 1239 2731 4,
1256 2651 1300 2735 4).

573 2845 834 2920 EXEMPLAR
861 2845 1125 2919 EPISTVLAE
1152 2844 1288 2933 QVAM
1316 2845 1419 2919 IPSE
1446 2843 1685 2945 DICTAVIT.

934 2981 1118 3055 FRATRI
1146 2981 1323 3055 SOROR.

275 3154 286 3212 l
415 3125 587 3237 Quamvis
611 3167 804 3224 summatem
828 3161 964 3245 gratiam
989 3159 1090 3243 aliqui
1113 3159 1257 3223 debeant
1279 3161 1376 3223 etiarn
1401 3161 1495 3223 malis
1520 3160 1552 3223 in
1574 3159 1748 3223 allectione
1770 3157 1962 3243 pignoribus

303 3280 364 3323 uec
387 3262 477 3341 illud,
501 3265 587 3349 quod
610 3266 796 3350 posteritati
820 3265 982 3344 tribuitur,
1008 3264 1200 3328 beneficium
1215 3270 1349 3349 putetur
1366 3285 1439 3327 esse
1456 3263 1513 3327 scd
1529 3262 1687 3342 debitum,
1710 3282 1783 3326 cum
1798 3259 1962 3346 malignus

304 3363 465 3450 interpres
487 3369 641 3432 iudicium
666 3369 772 3433 cordis
796 3375 931 3433 naturae
962 3365 1073 3431 subdit
1102 3366 1252 3452 inperiis,
1283 3373 1316 3429 et
1337 3366 1456 3430 tollens
1485 3386 1637 3451 saporem
1669 3363 1861 3448 diligentiae
1889 3361 1961 3429 sola
2015 3418 2025 3429 .

108 3551 117 3564 .
157 3455 481 3565 ¹⁸ssss2¹3⁰gflvivcndum
504 3478 599 3556 putet
621 3472 805 3538 obiectione
829 3470 993 3559 pariendi,
1024 3469 1154 3556 qnando
1178 3471 1252 3555 plus
1277 3468 1421 3534 creditur
1443 3469 1488 3533 fili
1513 3467 1706 3532 vocabulum
1730 3467 1841 3533 valere
1864 3488 1962 3553 quarn

305 3570 510 3658 obsequium,
535 3583 568 3640 ct
591 3597 654 3639 non
681 3577 848 3662 quaeritur
872 3576 948 3660 quid
971 3576 1002 3638 in
1027 3575 1147 3639 amoris
1163 3574 1256 3638 lance
1273 3594 1467 3658 promoveas
1483 3572 1541 3638 sed
1557 3572 1653 3656 quale
1669 3570 1711 3636 ad
1726 3570 1963 3657 praeiudicium

305 3677 491 3742 aestimanti
513 3700 633 3744 nomen
657 3701 813 3765 opponas,
838 3700 910 3744 cum
934 3678 1021 3764 apud
1044 3678 1223 3764 prudentes
1246 3677 1369 3742 frustra
1392 3676 1540 3741 subolem
1564 3675 1711 3755 dicimus,
1740 3675 1805 3739 nisi
1828 3673 1965 3739 exhibet

272 3778 389 3864 tquod
414 3789 558 3850 vocatur.
604 3804 679 3846 nam
706 3785 760 3868 qui
792 3784 825 3846 in
853 3784 946 3868 prole
980 3803 1152 3847 censuram
1182 3782 1343 3866 neglegit,
1375 3785 1566 3866 conceptum
1595 3779 1702 3864 magis
1724 3778 1878 3863 designat
1900 3778 1963 3842 sibi

304 3883 436 3969 placere
469 3905 565 3969 quam
598 3888 758 3952 meritum.
809 3887 952 3951 facessat
984 3886 1016 3950 in
1048 3885 1190 3971 posteris
1226 3883 1288 3948 hoc
1323 3884 1428 3948 solum
1463 3904 1522 3946 nos
1558 3883 1705 3968 cogitare
1738 3881 1825 3967 quod
1857 3881 1962 3946 libuit.
2014 3905 2039 3944 a

305 3987 427 4051 etenim
450 3988 574 4052 fructus
604 3990 703 4069 uteri,
735 3991 795 4053 nisi
823 3991 996 4056 honestate
1027 3988 1241 4074 respondeat,
1272 3989 1345 4073 plus
1375 3988 1408 4052 in
1435 3986 1623 4052 testimonio
1652 3986 1807 4052 lasciviae
1835 3983 1965 4050 ridetur

305 4089 457 4156 evenisse
489 4113 585 4176 quam
616 4093 753 4176 gratiae.
804 4095 854 4158 fas
883 4093 970 4159 enim
1000 4099 1052 4158 est
1081 4091 1308 4177 germanitatis
1340 4111 1471 4176 semper
1501 4090 1599 4156 fidele
1633 4090 1832 4155 consortium
1864 4089 1964 4154 etiam

304 4193 463 4279 partubus
486 4196 652 4260 anteferri.
698 4196 793 4261 datur
815 4198 1009 4284 participem
1034 4197 1169 4282 originis
1193 4197 1239 4259 sie
1263 4195 1390 4274 haberi,
1413 4201 1450 4259 ut
1471 4216 1533 4259 nee
1557 4192 1773 4259 consideratio
1796 4191 1964 4276 sauguinis

275 4299 503 4383 3neglegatur
533 4306 566 4363 et
595 4299 800 4365 descendens
824 4323 844 4365 a
866 4302 982 4367 merito
1014 4300 1166 4365 laudetur
1194 4320 1345 4366 examen.
1391 4304 1424 4362 et
1451 4297 1590 4362 ideone
1614 4297 1752 4361 sinuosis
1773 4297 1808 4360 iu
1830 4295 1963 4381 longum

307 4401 487 4486 procedant
503 4402 606 4467 verba
628 4404 828 4490 praeloquiis
852 4413 885 4470 et
908 4406 994 4491 quod
1019 4427 1054 4469 re
1078 4410 1252 4489 angustum
1275 4409 1327 4467 est
1350 4408 1479 4466 crescat
1502 4402 1619 4466 allatu:
1643 4400 1738 4477 douo,
1760 4400 1794 4463 iu
1810 4399 1963 4464 fraterni-

308 4510 408 4569 tatem
437 4513 526 4570 tuam
558 4506 692 4572 confero
723 4515 755 4572 et
784 4509 847 4573 iuri
876 4516 931 4573 tuo
964 4515 1124 4594 perpetua
1159 4506 1312 4571 libertate
1340 4505 1532 4570 transfundo
1565 4503 1760 4588 mancipium
1790 4502 1870 4567 iuris
1897 4502 1964 4567 mei

306 4607 386 4672 illud
409 4615 442 4672 et
464 4615 583 4674 cetera.
629 4612 713 4677 vale.

411 4832 513 4901 [cxlx]
562 4834 575 4885 l
596 4837 728 4887 Eunodius
750 4838 806 4887 Eul.
826 4839 897 4904 eph
1044 4833 1061 4884 2
1083 4837 1216 4902 depremor
1232 4834 1257 4884 Β
1406 4831 1423 4884 3
1446 4840 1534 4884 saneto
1550 4832 1565 4883 b
1713 4831 1731 4883 ἴ)
1752 4833 1869 4899 detergat
1883 4830 1965 4884 lufo

309 4917 323 4970 7
343 4923 488 4988 exsurgaris
505 4921 530 4972 Β
636 4923 779 4975 libantibus
795 4920 835 4973 Β1
973 4920 990 4972 8
1008 4923 1156 4989 subrogaris
1171 4920 1308 4972 BVLOPb
1418 4919 1554 4986 disperatio
1566 4915 1643 4967 BVL
1783 4913 1817 4968 10
1833 4917 1924 4984 cepisti
1943 4916 1968 4968 B

309 5003 341 5056 ll
359 5024 464 5073 precum
483 5025 530 5060 om.
543 5008 569 5059 Β
637 5010 787 5060 assiduitate
803 5007 828 5057 V
896 5008 1000 5059 diuluis
1013 5007 1038 5057 Β
1149 5005 1182 5057 12
1199 5007 1334 5072 colloquiis
1349 5006 1374 5057 V
1480 5002 1513 5056 13
1530 5021 1560 5057 sa
1574 5001 1579 5068 Ι
1594 5004 1671 5056 tionis
1683 5000 1732 5067 13¹,
1751 5003 1780 5054 lu
1793 5011 1855 5070 post
1872 5003 1969 5055 &wass

308 5109 371 5162 aas.
383 5107 426 5161 132
535 5109 567 5162 14
586 5113 665 5163 uerus
679 5111 704 5162 s
817 5109 851 5161 ιε’»
867 5112 926 5163 uae
938 5129 987 5162 om.
999 5110 1064 5172 aa·
1080 5108 1166 5178 sxpne
1182 5078 1210 5160 ·i·
1228 5129 1288 5179 psa
1305 5111 1423 5179 sparum
1441 5109 1545 5174 annosa
1562 5107 1587 5158 r

414 5211 502 5279 [ch]
544 5212 577 5264 16
599 5230 671 5265 soror
697 5232 746 5266 mn.
763 5216 790 5278 b,
819 5215 868 5266 aa
890 5232 960 5265 naurs.
983 5231 1032 5265 rec.
1058 5215 1086 5264 in
1102 5213 1127 5264 B
1262 5213 1294 5265 18
1319 5221 1472 5267 summatem
1496 5212 1600 5263 Iurctru
1624 5211 1652 5262 ia
1673 5211 1741 5262 misc.
1766 5209 1861 5276 Sana.
1878 5227 1907 5275 p.
1926 5211 1970 5271 fle,

308 5301 453 5352 summatim
467 5301 527 5350 libri
605 5301 702 5366 aliquid
717 5299 741 5349 B
855 5296 888 5349 19
906 5317 962 5353 esse
980 5301 1024 5352 sed
1037 5301 1086 5364 Bb,
1103 5318 1160 5352 esse
1177 5299 1250 5364 VLO,
1267 5303 1311 5353 sed
1328 5301 1353 5351 T
1462 5297 1499 5350 20
1516 5299 1637 5351 dilentiae
1654 5298 1691 5364 (gi
1707 5312 1835 5363 superem.
1852 5313 1886 5347 m.
1904 5296 1932 5359 2)
1944 5294 1970 5345 Β

308 5383 340 5435 2¹
361 5387 503 5437 uiuendum
521 5385 641 5448 VssTCI’,
666 5387 808 5438 iuuandum
825 5384 931 5449 ΒΜ,
954 5387 1094 5438 iubendum
1113 5387 1209 5438 Harrei
1290 5388 1336 5438 filii
1355 5385 1412 5439 01²⁶
1532 5382 1567 5436 33
1584 5384 1699 5437 sobolem
1714 5382 1738 5433 V
1836 5377 1873 5432 36
1890 5381 1969 5432 hone

309 5473 368 5522 stati
380 5472 448 5536 fort.
586 5470 620 5523 29
642 5473 794 5528 discendens
813 5470 838 5523 B
974 5469 1009 5525 30
1025 5469 1116 5539 affatu]
1135 5473 1229 5524 affectu
1244 5470 1269 5521 Β
1408 5470 1440 5522 31
1466 5471 1617 5525 liberalitate
1635 5467 1754 5523 VLWP
1889 5462 1925 5517 33
1941 5474 1970 5520 et

309 5564 394 5614 cetera
411 5574 461 5608 om.
476 5556 557 5609 Tum
