4500 6232
675 297 812 353 CLXXVI
830 298 953 367 (EPIST.
972 301 998 363 5,
1016 301 1052 368 3).
1071 300 1222 354 CLXXVII
1241 300 1363 369 (EPIST.
1382 302 1407 359 5.
1425 302 1461 369 4).
1837 308 1896 368 155

238 470 474 556 paenitentiam
498 468 613 534 redeat
635 469 676 534 de
707 472 912 536 abiuratione
945 472 1076 536 fastidii.
1121 480 1232 537 nostre
1265 475 1352 537 enim
1384 474 1462 537 vitio
1491 474 1524 537 iu
1555 475 1696 538 culmine
1727 476 1894 539 constituti

238 572 403 659 supercilii
428 572 617 635 memoriam
640 594 705 637 non
730 574 900 650 amittunt,
932 574 959 637 si
982 573 1061 639 illud
1086 575 1162 638 mali
1185 596 1290 659 genus
1314 577 1433 639 sectari
1456 583 1488 640 ct
1511 577 1652 641 humiles
1677 579 1894 664 suspicentur.

240 698 312 741 curu
337 676 423 739 enim
447 675 721 741 eminentissimos
745 677 881 741 adtollat
904 678 1075 762 castigatio
1100 700 1160 742 sua
1184 687 1217 743 et
1241 679 1397 743 honorum
1416 680 1582 766 plenitudo
1599 681 1815 745 saecularium
1833 681 1895 745 hoc

240 781 310 844 solo
339 779 475 843 artificio
506 780 650 865 patiatur
678 789 872 866 augmenta,
909 780 1181 845 considerandum
1212 789 1261 845 est
1292 783 1367 867 quid
1402 783 1539 847 abiectis
1571 783 1757 848 detrimenti
1789 785 1896 870 pariat

241 889 344 946 status
368 884 521 967 angustia
543 904 608 947 non
643 885 759 948 metiti.
805 905 883 969 crgo
915 885 1058 948 sufficiat
1086 885 1301 970 magnitudini
1331 893 1476 953 vestrae.
1509 886 1594 972 quod
1626 892 1701 972 post
1731 885 1929 972 duplicem2

238 987 446 1072 scriptionem
470 986 574 1050 sentio
599 986 675 1072 quid
698 1008 758 1072 per
789 987 954 1051 silentium
987 989 1105 1051 erroris
1135 988 1335 1052 incurrerim.
1382 989 1439 1053 sed
1471 990 1562 1054 tImui
1591 990 1756 1061 confiteor,
1787 1012 1827 1053 ne
1856 990 1897 1054 ad

238 1090 352 1153 vitium
376 1110 428 1153 me
451 1088 587 1154 duceret
609 1091 689 1175 fuga
713 1089 882 1176 culparum
907 1098 941 1155 ct
965 1112 1071 1155 sermo
1095 1090 1270 1176 deputatus
1294 1091 1335 1156 ad
1359 1094 1515 1177 gratiam,
1545 1092 1620 1157 dum
1646 1095 1735 1158 nullo
1759 1094 1896 1180 peritiae

238 1195 316 1256 lima
338 1200 532 1273 comeretur,
557 1195 719 1258 inveniret
736 1194 906 1261 offensam.
942 1196 1049 1280 refugi
1072 1196 1251 1276 horrorem,
1275 1196 1329 1281 qui
1354 1196 1476 1280 ignaris
1500 1196 1540 1261 de
1565 1196 1701 1282 parendi
1725 1197 1897 1261 occasione

237 1304 425 1381 generatur.
471 1319 548 1362 ecco
577 1296 709 1362 adserui
743 1297 899 1363 habuisse
927 1319 980 1362 mo
1008 1305 1043 1362 ct
1074 1300 1215 1362 animam
1247 1297 1429 1384 depositum
1463 1300 1648 1364 confitentis
1678 1304 1712 1363 ct
1740 1299 1826 1365 benc
1856 1300 1929 1365 des

242 1401 366 1464 viribus
391 1403 512 1466 conscii
535 1403 566 1465 in
591 1402 798 1467 restitutione
814 1402 1055 1469 verecundiam.
1093 1409 1198 1467 restat
1213 1410 1259 1475 ut,
1284 1402 1539 1467 emendatissimi
1563 1404 1739 1479 hominum,
1762 1409 1796 1468 et
1817 1404 1897 1470 illud

239 1505 370 1590 placere
399 1505 491 1569 vobis
521 1505 725 1589 allegationis
757 1528 850 1570 meae
881 1506 1084 1591 inspectione
1112 1527 1323 1591 cognoscam,
1354 1506 1441 1592 quod
1471 1507 1630 1572 hactenus
1663 1512 1801 1593 accepta
1831 1530 1896 1572 non

240 1607 375 1672 reddidi,
420 1607 485 1671 iida
514 1609 600 1671 enim
632 1608 732 1673 index
760 1616 812 1673 est
841 1608 1068 1695 possibilitatis
1101 1618 1232 1672 nostrae
1262 1609 1480 1674 consideratio
1510 1616 1543 1674 cl
1573 1612 1656 1675 sicut
1683 1610 1715 1675 in
1747 1613 1927 1676 omnibusl

238 1714 431 1797 praecipua,
465 1712 510 1775 ita
536 1712 655 1775 famam
686 1713 837 1776 muniens
868 1713 956 1776 eirca
985 1711 1117 1797 linguae
1140 1713 1280 1777 maciem
1303 1713 1482 1787 custodita,
1514 1714 1605 1800 quia,
1638 1715 1664 1777 si
1688 1715 1806 1778 crescit
1828 1715 1898 1779 elo·

239 1816 408 1901 quentium
432 1815 490 1879 dos
513 1815 653 1900 pudore,
677 1816 773 1880 facile
797 1815 991 1902 prudentiae
1015 1838 1134 1881 nomon
1159 1815 1359 1903 adipiscitur,
1384 1838 1457 1881 cum
1481 1817 1670 1903 peripsum
1694 1818 1898 1889 conticiscet,

174 1952 186 1987 s
239 1919 385 1983 infautia.
433 1940 553 1984 causae
581 1927 707 1989 tamen.
736 1941 833 2004 quam
863 1920 1065 1992 iniunxistis,
1096 1921 1254 1983 iacturam
1278 1921 1390 1983 frontis
1415 1919 1557 1984 exhibeo
1582 1928 1615 1984 et
1638 1920 1713 1984 dum
1737 1922 1896 2006 imperatu

242 2043 415 2107 exsequor,
439 2023 625 2109 opinionem
651 2022 692 2086 ad
717 2024 841 2088 incerta
863 2023 1059 2087 transmitto.
1097 2022 1258 2107 Agncllus
1280 2023 1321 2087 de
1345 2023 1427 2087 casis
1449 2024 1630 2109 pervarias
1647 2026 1929 2109 promissionumf)

237 2126 317 2190 mihi
350 2126 467 2190 inludit
501 2126 646 2211 efligies.
680 2126 794 2191 volens
821 2147 840 2189 a
868 2125 962 2188 vobis
996 2146 1155 2188 summam
1191 2125 1286 2211 pretii
1325 2125 1500 2209 designari.
1554 2125 1611 2189 sed
1646 2127 1721 2190 mali
1757 2127 1897 2191 hominis

237 2229 387 2294 ardorem
412 2230 630 2296 insatiabilem
655 2252 729 2294 esse
752 2229 923 2301 didicistis,
947 2229 1001 2314 qui
1024 2229 1085 2292 uisi
1110 2235 1299 2314 contemptu
1323 2229 1485 2314 pecuniae
1502 2250 1566 2292 nou
1585 2237 1729 2295 sanctur.
1766 2231 1896 2295 domine

237 2335 289 2409 mi.
314 2335 420 2398 saluto
443 2339 476 2397 et
499 2355 588 2417 rogo.
614 2341 650 2397 ut
674 2334 789 2417 religio
813 2333 900 2396 circa
923 2353 975 2395 me
999 2332 1043 2417 pii
1067 2333 1186 2395 amoris
1210 2339 1360 2396 servetur
1384 2338 1418 2396 et
1440 2332 1592 2401 foederis.

847 2622 1044 2691 onxxvss
1067 2623 1178 2708 (srrsr.
1195 2629 1225 2706 5,
1242 2626 1287 2709 4).

815 2820 1051 2893 ENNODIVS
1079 2819 1323 2894 HELISEAE.

347 2968 427 3061 Diu
450 2996 618 3082 quaesitus
642 2995 812 3061 desideriis
837 3000 918 3063 meis
943 2999 1054 3063 evcnit
1077 2998 1226 3061 effectus.
1272 3005 1307 3060 ut
1330 2997 1426 3062 detur
1448 2999 1564 3081 genius
1587 2998 1765 3069 beneficiis,
1789 3002 1924 3062 trans-l

236 3102 338 3164 missa
352 3101 383 3164 in
400 3101 532 3185 longum
548 3101 779 3187 expectatione
796 3104 994 3168 tribuuntur.
1033 3103 1112 3167 vivit
1127 3103 1159 3165 in
1177 3122 1381 3187 quacumque
1399 3109 1560 3166 terrarum
1578 3108 1671 3189 parte
1688 3102 1898 3188 proximitas:

239 3204 501 3289 sequestratione
525 3225 694 3291 corporum
719 3207 888 3291 sanguinis
912 3215 1029 3272 catena
1055 3227 1120 3270 non
1144 3205 1320 3290 rumpitur:
1345 3226 1404 3291 per
1418 3203 1560 3269 discreta
1585 3207 1754 3289 regionum
1777 3205 1897 3269 sarisas

238 3308 357 3372 damna
379 3329 443 3372 non
468 3310 578 3389 sentit,
603 3310 732 3393 quando
757 3311 841 3374 iuter
864 3332 920 3375 eos
944 3311 997 3395 qui
1021 3308 1225 3373 habitatione
1243 3315 1436 3394 separantur
1453 3310 1661 3394 praesentiae
1679 3308 1751 3372 ricc
1768 3314 1899 3372 tenetur

161 3440 180 3473 ·.
238 3412 381 3477 affectio.
432 3411 495 3477 deo
526 3413 741 3499 omnipotenti
774 3414 897 3497 gratias
935 3414 1059 3493 refero,
1097 3414 1172 3497 quia
1204 3434 1262 3476 vas
1293 3433 1454 3476 memores
1486 3412 1564 3477 fecit
1594 3433 1668 3475 csse
1701 3412 1833 3496 pictatis
1863 3414 1929 3475 ct2

162 3954 188 3991 :lu

238 3516 410 3601 prosapiae
440 3516 499 3580 sub
533 3516 688 3600 religiosa
712 3517 886 3580 occasione
910 3517 1085 3582 reminisci.
1130 3523 1215 3581 teste
1239 3516 1300 3581 dec
1325 3524 1495 3602 postquam
1517 3515 1596 3580 mihi
1620 3515 1737 3579 domna
1754 3514 1899 3600 Cynegia

238 3620 386 3683 meritum
411 3625 539 3683 vestrae
564 3622 819 3685 conversationis
843 3621 1013 3706 exposuit,
1037 3620 1194 3684 visionem
1220 3626 1359 3683 vostram
1385 3618 1518 3704 speciali
1542 3618 1657 3682 ardore
1681 3619 1847 3704 requisivi,
1870 3618 1897 3681 si

238 3724 321 3787 votis
356 3723 484 3809 copiam
519 3730 631 3809 optata
668 3723 814 3788 dodisset
849 3725 985 3789 occasio.
1041 3724 1186 3794 domina,
1221 3723 1428 3787 salutationis
1463 3723 1681 3786 reverentiam
1719 3722 1832 3787 dicens
1864 3722 1929 3786 ins

238 3826 410 3911 designato
427 3827 544 3893 litteris
561 3828 678 3892 vestris
695 3829 825 3911 negotio
843 3829 1060 3892 ministerium
1076 3828 1258 3892 devotionis
1282 3824 1439 3912 spondeo,
1463 3828 1539 3910 quia
1563 3831 1689 3889 tantum
1713 3830 1900 3912 praestatur

240 3931 385 4005 animae,
416 3938 572 4015 quantum
604 3932 725 3996 sanetis
756 3930 933 3995 exhibetur
964 3931 1090 3996 studiis.
1135 3952 1211 3995 rere
1241 3930 1314 3993 dico
1343 3950 1395 3993 mc
1425 3950 1601 4015 numquam
1625 3928 1778 3993 dilexisse
1801 3950 1897 4015 quem

240 4032 445 4098 detestamini
478 4042 511 4099 ct
542 4037 700 4114 veritum,
735 4056 776 4099 nc
811 4033 850 4098 ad
886 4034 946 4099 diri
980 4035 1119 4099 hominis
1154 4034 1336 4120 profectum
1375 4039 1485 4097 vester
1518 4054 1648 4117 quoque
1686 4033 1899 4096 inclinaretur

239 4135 407 4202 adsensus.
451 4135 537 4201 adsit
561 4137 651 4206 deus.
675 4160 716 4202 nc
739 4138 780 4203 ad
804 4138 1064 4202 eeclesiasticam
1087 4137 1281 4219 dignitatem
1307 4137 1417 4200 veniat
1442 4136 1530 4199 nulla
1555 4136 1662 4199 honae
1686 4135 1898 4199 institutionis

239 4238 358 4304 incude
381 4239 551 4307 formatus.

342 4497 359 4549 3
383 4500 598 4551 eminentissimus
616 4500 642 4549 B
746 4502 847 4553 attollat
868 4501 891 4549 V
1026 4499 1044 4552 4
1065 4511 1186 4552 annicula
1214 4500 1238 4559 (e
1261 4517 1316 4566 sap.
1337 4500 1381 4549 lia.
1400 4516 1433 4549 nr.
1451 4504 1474 4561 l)
1490 4500 1513 4548 11
1650 4498 1667 4549 d
1693 4496 1857 4547 scribtieuem
1875 4494 1900 4544 11

239 4587 395 4638 incurrerem
414 4586 439 4635 11
508 4584 641 4651 confiteor]
662 4604 751 4638 uereor
773 4587 823 4649 1⁷⁰,
846 4588 895 4639 ilci.
914 4598 937 4637 cr
955 4589 1077 4639 confiteor
1094 4604 1219 4652 rrrpcracr.
1238 4585 1278 4634 l'¹¹
1388 4584 1527 4637 Sotiesaur
1546 4585 1588 4633 Il‘1
1660 4583 1763 4650 parendi
1779 4578 1900 4637 ltr2c'1’.

239 4674 354 4738 pariendi
373 4672 417 4722 Vl.
424 4671 474 4732 '1’¹,·
495 4692 531 4722 rra
550 4673 686 4739 placendi?
708 4676 741 4739 cs.
759 4674 868 4725 OCCUL
876 4675 928 4725 1⁷2
1058 4672 1075 4721 a
1092 4674 1189 4724 asserui
1207 4672 1230 4722 V
1361 4672 1393 4721 lll
1410 4680 1487 4723 restat
1506 4680 1535 4722 ut
1553 4670 1752 4722 cnrendatissimi
1772 4667 1899 4733 discripsi,

240 4768 364 4811 rostatuto
388 4760 571 4810 mendatissimi
588 4759 626 4821 B,
655 4768 732 4811 resim
760 4770 847 4811 aulem
874 4761 1073 4813 enrcralatissimi
1095 4761 1170 4811 ceteri
1310 4757 1338 4809 11
1366 4759 1533 4825 allegationes
1556 4754 1590 4804 l'¹
1731 4755 1762 4805 1⁶2
1787 4754 1856 4804 indix
1876 4751 1900 4802 11

242 4843 274 4895 13
297 4848 390 4896 lamam
408 4845 445 4908 B,
469 4848 535 4895 thma
553 4846 628 4896 ceteri
732 4848 792 4912 quia
809 4847 832 4897 si
846 4846 898 4908 Bb,
922 4847 994 4911 quasi
1012 4846 1087 4896 ceteri
1228 4843 1259 4893 14
1283 4846 1435 4895 conticescat
1457 4843 1479 4892 l'
1615 4841 1649 4892 lh
1670 4840 1832 4892 iniuncxistia
1848 4836 1904 4887 131⁷

243 4927 273 4979 I'l
287 4931 386 4983 inludet
394 4931 419 4981 11
487 4933 562 4983 uobis
576 4931 655 4982 Sirnr.
726 4934 842 4985 hemines
855 4933 880 4983 11
888 4932 912 4980 1⁷
917 4932 925 4969 ¹
1032 4930 1063 4981 111
1082 4928 1126 4995 mi]
1145 4932 1206 4981 mihi
1222 4930 1244 4979 11
1254 4928 1297 4979 Vl.
1367 4929 1481 4980 dederis.
1502 4928 1558 4978 finit
1575 4926 1597 4975 11

345 5032 511 5101 lruxxvu]
547 5033 581 5085 22
603 5036 677 5085 uiuet
693 5034 716 5083 11
842 5033 876 5086 24
897 5038 1008 5103 dampna
1029 5036 1053 5083 l‘
1171 5033 1205 5085 ‘ld
1228 5037 1330 5085 domina
1348 5033 1373 5083 11
1497 5032 1531 5082 ‘ht
1554 5032 1655 5097 cupiam
1673 5028 1698 5078 11
1789 5027 1900 5079 dedisset

241 5128 328 5186 optata
349 5119 466 5171 Vmor
573 5123 708 5172 domina·-
730 5120 808 5185 (eras.
826 5122 869 5183 (br)
887 5122 912 5171 11
1050 5118 1086 5171 31)
1107 5122 1217 5172 scariotis
1234 5120 1258 5169 11
1396 5116 1428 5169 31
1454 5118 1564 5169 lrourinia
1588 5115 1771 5180 innumeratis.
1791 5116 1860 5165 null
1876 5110 1902 5163 11

241 5202 276 5254 3⁴2
293 5222 413 5256 ussorrsus
429 5206 452 5253 V
552 5206 586 5255 :ts
605 5210 730 5259 hinnulus
748 5207 843 5258 liuitll
